Quarters,Year,Quarter,FillingDate,Date,NetIncome,Revenue,OperatingIncome,EPSDiluted,GrossProfit,GrossProfitRatio,TotalAssets,CommonStockEquity,CurrentAssets,CurrentLiability,TotalLiability,Inventory,RetainedEarnings,MarketCap,EnterpriseValue,bookValuePerShare,currentRatio,debtToAssets,debtToEquity,roic,shareholdersEquityPerShare,roe,priceToSalesRatio,peRatio,pbRatio,payoutRatio,inventoryTurnover,dividendYield,assetTurnover,quickRatio,returnOnAssets,priceToFreeCashFlowsRatio,grossProfitMargin,epsdilutedGrowth,fiveYNetIncomeGrowthPerShare,fiveYRevenueGrowthPerShare,fiveYShareholdersEquityGrowthPerShare,grossProfitGrowth,netIncomeGrowth,operatingIncomeGrowth,threeYNetIncomeGrowthPerShare,threeYRevenueGrowthPerShare,threeYShareholdersEquityGrowthPerShare,Industry,Sector,Symbol
2023Q1,2023,Q1,2023-05-05,2023-03-31,-24780000.0,256329000.0,-24415000.0,-0.6,26346000.0,0.1027819716,717914000.0,294809000.0,510359000.0,312015000.0,423105000.0,0.0,-196342000.0,1763117359.21,1740602359.21,7.171591808083359,1.6356873868243513,0.14514134004908666,0.35344579032526147,-0.06072122056003121,7.171591808083359,-0.08405442167640743,6.878337446055655,-17.787705399616627,5.980541161260342,0.0,0.0,0.0,0.3570469443415228,1.5796291844943353,-0.03451666912749995,-146.36537931346504,0.10278197160680219,-1.6086956521739129,-11.319434109896338,1.7036000372164466,3.495951275903103,-0.217034681565574,-1.6688206785137318,-1.6735654840122645,-17.625234811378085,0.9612323193016072,0.8348714587856617,Insurance—Specialty,Financial Services,TRUP
2022Q4,2022,Q4,2023-02-16,2022-12-31,-9285000.0,246009000.0,-9132000.0,-0.23,33649000.0,0.1367795487,671627000.0,305297000.0,469096000.0,289616000.0,366330000.0,0.0,-171562000.0,1945712177.71,1949564177.71,7.457817541687179,1.6197171426992985,0.10341603300641576,0.22750632990170228,-0.024328682196165848,7.457817541687179,-0.03041300766139202,7.909109738708747,-52.38858852207863,6.373178176365966,0.0,0.0,0.0,0.36628813314533215,1.5705209656925032,-0.013824637782578723,-436.3561735164835,0.1367795487156974,0.28125,-7.186597797631488,1.7314995360988177,3.657338072204078,0.11943178415782295,0.2810128542666873,0.22884647863536564,-13.437873424325138,0.9869633803678346,0.9018873289555813,Insurance—Specialty,Financial Services,TRUP
2022Q3,2022,Q3,2022-11-04,2022-09-30,-12914000.0,233760000.0,-11842000.0,-0.32,30059000.0,0.1285891513,647896000.0,305738000.0,421828000.0,281385000.0,342158000.0,0.0,-162277000.0,2424733243.17,2393387243.17,7.493611675091009,1.4991133144979298,0.08359366318051045,0.17714513733981382,-0.03421801009364385,7.493611675091009,-0.04223877960868456,10.372746591247434,-46.94001167666873,7.930755232159561,0.0,0.0,0.0,0.3607986466963834,1.4465092311246157,-0.01993221134256115,-377.09692739813374,0.128589151266256,0.030303030303030328,-24.41731748001741,1.7265870328413748,3.694021669235924,0.05163908617010111,0.051696284329563816,0.06968340010998507,-15.11666794698782,1.012816104410643,0.9673385783900454,Insurance—Specialty,Financial Services,TRUP
2022Q2,2022,Q2,2022-08-04,2022-06-30,-13618000.0,219411000.0,-12729000.0,-0.33,28583000.0,0.1302714996,635170000.0,314754000.0,462532000.0,260190000.0,320416000.0,0.0,-149363000.0,2454916351.88,2407533351.88,7.726159803968399,1.777670164110842,0.08538186627202167,0.17229963717696994,-0.03454544202068989,7.726159803968399,-0.04326553435381282,11.188665800164987,-45.06749067190483,7.79947626362175,-0.0178440299603466,0.0,9.898504273431073e-05,0.34543665475384544,1.7190668357738577,-0.02143992946770156,-347.9189841099773,0.1302714996057627,-0.5000000000000001,-25.00194819826491,1.7274142217696267,3.835552753691246,-0.043854954171405634,-0.537888198757764,-0.4072968490878939,-4.99147816059225,1.0217856544105912,1.0409231101611727,Insurance—Specialty,Financial Services,TRUP
2022Q1,2022,Q1,2022-04-29,2022-03-31,-8855000.0,205999000.0,-9045000.0,-0.22,29894000.0,0.1451172093,634611000.0,328533000.0,462556000.0,245664000.0,306078000.0,0.0,-135745000.0,3616666859.6800003,3548475859.6800003,8.09553716058619,1.882880682558291,0.08551853024923929,0.16519192896908377,-0.023564412338486967,8.09553716058619,-0.026953152346948405,17.556720467963437,-102.10804233992096,11.00853448414619,0.0,0.0,0.0,0.32460672758587544,1.823905822586948,-0.013953429738847892,-506.32323389052226,0.1451172093068413,-0.29411764705882343,-3.307273011557756,1.7133738631325206,4.253018901111118,-0.020992303913541836,-0.25745526838966204,-0.5077512918819803,-4.7736133716924956,1.0013351778968334,1.1353531784181061,Insurance—Specialty,Financial Services,TRUP
2021Q4,2021,Q4,2022-02-17,2021-12-31,-7042000.0,194379000.0,-5999000.0,-0.17,30535000.0,0.1570900149,562582000.0,332200000.0,390954000.0,223696000.0,230382000.0,0.0,-126890000.0,5335785691.02,5248385691.02,8.220038910823565,1.747702238752593,0.0,0.0,-0.02116631867924846,8.220038910823565,-0.021198073449729078,27.450422581760378,-189.42721141082077,16.061967763455748,0.0,0.0,0.0,0.34551229865157435,1.6926051426936557,-0.012517286368920442,3987.881682376682,0.15709001486786123,0.0,-1.9585598234534023,1.7407100431730202,4.377940649529931,0.08410849960945821,-0.03270274233758615,0.16587875417130143,-20.364177425843998,0.9623744654548607,1.1456097362085371,Insurance—Specialty,Financial Services,TRUP
2021Q3,2021,Q3,2021-11-04,2021-09-30,-6819000.0,181667000.0,-7192000.0,-0.17,28166000.0,0.15504191735428008,550710000.0,331973000.0,390548000.0,211222000.0,218737000.0,0.0,-119848000.0,3128844144.06,3019203144.06,8.240852443529558,1.848993002622833,0.0,0.0,-0.020716537458193136,8.240852443529558,-0.020540827115458186,17.22296368663544,-114.71052001979763,9.424995840203872,0.0,0.0,0.0,0.3298777941203174,1.7965505487117819,-0.012382197526829003,905.0749621232283,0.15504191735428008,0.2608695652173913,-1.9710745325040073,1.6794167527264192,4.286557164548443,0.14752495416581787,0.26049235440841556,0.24390243902439024,-5.653897336179202,0.91140370483919,1.1352288310546312,Insurance—Specialty,Financial Services,TRUP
2021Q2,2021,Q2,2021-08-06,2021-06-30,-9221000.0,168260000.0,-9512000.0,-0.23,24545000.0,0.14587543088077976,531966000.0,334205000.0,369922000.0,189863000.0,197761000.0,0.0,-113029000.0,4620444567.2,4503112567.2,8.325388377792201,1.9483627668371404,0.0,0.0,-0.02787215001166173,8.325388377792201,-0.027590849927439744,27.460148384642814,-125.26961737338682,13.825180853667659,0.0,0.0,0.0,0.3162984100487625,1.8928753890963483,-0.017333814567096394,-910.6118579424517,0.14587543088077976,0.2580645161290322,-5.754921446577115,1.5925753660573854,4.190249097660292,0.16327014218009478,0.25923843187660667,0.25272998664466967,-17.718200830076192,0.7545251282372716,1.2000874341389758,Insurance—Specialty,Financial Services,TRUP
2021Q1,2021,Q1,2021-04-30,2021-03-31,-12448000.0,154685000.0,-12729000.0,-0.31,21100000.0,0.13640624494941334,513698000.0,336077000.0,352005000.0,169674000.0,177621000.0,0.0,-103808000.0,3025571599.3399997,2892445599.3399997,8.465318809704293,2.074595989957212,0.0,0.0,-0.037226300623554885,8.465318809704293,-0.03703913091345138,19.559566857419917,-60.76421110499678,9.002614279882287,0.0,0.0,0.0,0.30112050270781665,2.0176397090891944,-0.02423213639142064,-655.1692506149848,0.13640624494941334,-2.4444444444444446,-2.4133396800676112,1.5549440355854343,4.3494303681496636,-0.10566693510787098,-2.5545402627070244,-3.016724518775639,-5.407944455952773,0.6893615450482735,4.307003231907055,Insurance—Specialty,Financial Services,TRUP
2020Q4,2020,Q4,2021-02-12,2020-12-31,-3502000.0,142687000.0,-3169000.0,-0.09,23593000.0,0.16534792938389622,498250000.0,339939000.0,337027000.0,150399000.0,158311000.0,0.0,-91360000.0,4529952694.05,4390074694.05,8.98333833451525,2.2408859101456793,0.0,0.0,-0.009440878304347772,8.98333833451525,-0.01030184827277835,31.747480107157624,-323.383259141205,13.325781078517027,0.0,0.0,0.0,0.2863763171098846,2.1862179934707013,-0.007028600100351229,4419.4660429756095,0.16534792938389622,-0.28571428571428553,0.14096139785206832,1.612823564977411,4.5173276997201555,0.14590315216863373,-0.36903831118060987,-0.40407620735489586,-2.3402981636597158,0.7138866236884287,4.61001169671458,Insurance—Specialty,Financial Services,TRUP
2020Q3,2020,Q3,2020-10-30,2020-09-30,-2558000.0,130120000.0,-2257000.0,-0.07,20589000.0,0.15823086381801413,317142000.0,144298000.0,218055000.0,139849000.0,172844000.0,0.0,-87858000.0,2795169943.8,2789778943.8,4.073137744362719,1.559217441669229,0.09408719122664295,0.2067873428599149,-0.013094150842954986,4.073137744362719,-0.017727203426242913,21.48147820319705,-273.1792361024238,19.370815560853234,0.0,0.0,0.0,0.41028939717855095,1.506703658946435,-0.008065787565191617,327.57177356146724,0.15823086381801413,-2.7500000000000004,0.568364929229746,1.6922845643270545,1.384593658745977,0.03634167211959531,-2.8906134515890614,-2.4956925115970843,-6.342000494729105,0.7479147325005183,1.5514261564119725,Insurance—Specialty,Financial Services,TRUP
2020Q2,2020,Q2,2020-08-05,2020-06-30,1353000.0,117920000.0,1509000.0,0.04,19867000.0,0.16847862957937584,290273000.0,141909000.0,191787000.0,117983000.0,148364000.0,0.0,-85300000.0,1500279942.48,1497613942.48,4.037976539222286,1.6255477484044312,0.09421131142062816,0.19270800301601732,0.008804858808442548,4.037976539222286,0.009534279009787964,12.722862470149254,277.2135887804878,10.572126802951185,0.0,0.0,0.0,0.4062382653570949,1.5756422535450023,0.004661129350645771,482.8709180817509,0.16847862957937584,2.3333333333333335,1.2297275764818527,1.6020950927248387,1.1568272418905745,0.11287250728209725,2.1941747572815533,2.494059405940594,1.764345893034464,0.6991886460730283,1.5272385077445438,Insurance—Specialty,Financial Services,TRUP
2020Q1,2020,Q1,2020-05-01,2020-03-31,-1133000.0,111301000.0,-1010000.0,-0.03,17852000.0,0.16039388684737782,273199000.0,136825000.0,175078000.0,103651000.0,136374000.0,0.0,-86653000.0,911233563.5600001,913856563.5600001,3.9084982077325447,1.6891105729804825,0.10923905285158438,0.21811803398501736,-0.006202243791893146,3.9084982077325447,-0.008280650465923625,8.187110300536384,-201.06654094439543,6.6598469838114385,0.0,0.0,0.0,0.407399002192541,1.63348158724952,-0.004147160128697396,638.1187419887956,0.16039388684737782,-2.5,0.8207517725558907,1.609303185703097,0.9456233201238837,0.006653885192286004,-2.7814465408805034,-2.595576619273302,0.36111670401416773,0.6995008284936938,1.5361399191812648,Insurance—Specialty,Financial Services,TRUP
2019Q4,2019,Q4,2020-02-14,2019-12-31,636000.0,105483000.0,633000.0,0.02,17734000.0,0.16812187745892704,257200000.0,136760000.0,158821000.0,91625000.0,120440000.0,0.0,-85520000.0,1306471367.48,1303389367.48,3.9212720060460304,1.7333806275579808,0.10142301710730948,0.19074290728283125,0.003117529293220175,3.9212720060460304,0.004650482597250658,12.385610643231612,513.5500658333334,9.553022575899385,0.0,0.0,0.0,0.41012052877138416,1.6732114597544339,0.002472783825816485,475.94585336247724,0.16812187745892704,0.0,1.118690288801764,1.641334669683071,0.8411250922854275,0.01656635139008312,-0.1867007672634271,-0.2491103202846975,1.3096243314522964,0.7234149350839568,1.5654827608432673,Insurance—Specialty,Financial Services,TRUP
2019Q3,2019,Q3,2019-11-06,2019-09-30,782000.0,99276000.0,843000.0,0.02,17445000.0,0.17572222893750755,242987000.0,132846000.0,151456000.0,85569000.0,110141000.0,0.0,-86156000.0,886567798.44,883611798.44,3.809009672968108,1.7699867942829763,0.09083201981999037,0.1661397407524502,0.005319187048548578,3.809009672968108,0.005886515213103895,8.93033359966155,283.42960308184144,6.673650681541033,0.0,0.0,0.0,0.4085650672669731,1.7131788381306314,0.0032182791671982454,301.7589511368278,0.17572222893750755,1.3333333333333335,1.0732205758090476,1.6093635326077584,0.6895341684819541,0.1856861279140896,1.404971517348524,1.3989588263132986,1.393544482270615,0.6912301518403389,1.4435029645840118,Insurance—Specialty,Financial Services,TRUP
2019Q2,2019,Q2,2019-07-31,2019-06-30,-1931000.0,92199000.0,-2113000.0,-0.06,14713000.0,0.15957873729649996,230464000.0,131023000.0,139963000.0,77873000.0,99441000.0,0.0,-86938000.0,1234910097.12,1226587097.12,3.785620225231445,1.797323847803475,0.08268536517633991,0.14544011356784686,-0.013751661521660975,3.785620225231445,-0.014737870450226296,13.393964111541338,-159.87960863801138,9.425139838959572,0.0,0.0,0.0,0.4000581435712302,1.7418232249945425,-0.008378748958622605,611.3416322376237,0.15957873729649996,-0.4999999999999999,0.5740835401165404,1.5186687310909557,3.5138445417121638,-0.021221394358701438,-0.48996913580246915,-0.646921278254092,-0.6406747691877679,0.6476867943205663,1.3600474916585894,Insurance—Specialty,Financial Services,TRUP
2019Q1,2019,Q1,2019-05-03,2019-03-31,-1296000.0,86978000.0,-1283000.0,-0.04,15032000.0,0.17282531214789948,221305000.0,130009000.0,130685000.0,70725000.0,91296000.0,0.0,-85007000.0,1143307515.7800002,1134763515.7800002,3.7911935329515165,1.847790738776953,0.08168816791306116,0.13905191179072218,-0.008939744019471426,3.7911935329515165,-0.009968540639494188,13.144789668421902,-220.54543128472224,8.794064378466107,0.0,0.0,0.0,0.39302320327150314,1.7792576882290563,-0.005856171347235715,371.08325731256093,0.17282531214789948,-3.0,0.8581434289749621,0.8242426986571902,13.697798504322797,0.058218936994016195,-3.712727272727273,-5.47979797979798,0.5885823287456551,0.6631852217071139,1.395742708881143,Insurance—Specialty,Financial Services,TRUP
2018Q4,2018,Q4,2019-02-14,2018-12-31,-275000.0,82640000.0,-198000.0,-0.01,14205000.0,0.17189012584704744,207510000.0,129173000.0,117976000.0,63203000.0,78337000.0,0.0,-83711000.0,858434183.5,844744183.5,3.831096947457475,1.866620255367625,0.06198255505758759,0.09957189195884589,-0.0014145985794000932,3.831096947457475,-0.002128927871923699,10.387635327928365,-780.3947122727272,6.64561621623714,0.0,0.0,0.0,0.398245867669028,1.7827634764172586,-0.0013252373379596164,332.2113713235294,0.17189012584704744,-1.3333333333333335,0.9530413249596189,0.8824356551421073,3.140972289294127,0.033541909196740397,-1.2282157676348548,-1.218543046357616,0.9242916355636984,0.6983633831166487,1.3529579451892095,Insurance—Specialty,Financial Services,TRUP
2018Q3,2018,Q3,2018-11-09,2018-09-30,1205000.0,78164000.0,906000.0,0.03,13744000.0,0.17583542295685994,199875000.0,127862000.0,110268000.0,61233000.0,72013000.0,0.0,-83436000.0,1068754960.16,1042681960.16,3.8594703872836154,1.8007936896771348,0.043046904315197,0.06729129843112105,0.006677808560655382,3.8594703872836154,0.009424222990411537,13.673237809733381,221.7333942240664,8.358659806353725,0.0,0.0,0.0,0.3910644152595372,1.732464520764947,0.006028767979987492,-21.793535076672104,0.17583542295685994,4.0,1.045930978853606,-0.8355110492214941,0.0,0.11260422569416337,4.196286472148541,4.525291828793774,1.217430600509863,0.7294225480601453,1.259503407261845,Insurance—Specialty,Financial Services,TRUP
2018Q2,2018,Q2,2018-08-03,2018-06-30,-377000.0,73392000.0,-257000.0,-0.01,12353000.0,0.16831534772182255,194299000.0,116252000.0,173668000.0,57132000.0,78047000.0,0.0,-84641000.0,1185832028.2,1109036028.2,3.7841170530799464,3.039767555835609,0.09587285575324629,0.16023810343047862,-0.002511660196268737,3.7841170530799464,-0.0032429549599146683,16.157510739590148,-786.3607614058355,10.200530125933318,0.0,0.0,0.0,0.3777271113078297,2.919169642232024,-0.0019403084936103635,-643.0759372017354,0.16831534772182255,0.7999999999999999,0.9896179220558897,-0.8142062731653231,0.0,0.11650397686189443,0.7452702702702703,0.8282085561497327,0.9267737217439738,0.8526555973945581,1.021231839092718,Insurance—Specialty,Financial Services,TRUP
2018Q1,2018,Q1,2018-05-02,2018-03-31,-1480000.0,69760000.0,-1496000.0,-0.05,11064000.0,0.15860091743119267,117218000.0,48247000.0,97509000.0,51897000.0,68971000.0,0.0,-84264000.0,904070425.65,888135425.65,1.5951222261951226,1.8788947337996416,0.12669555870258833,0.30781188467676746,-0.022279075079480796,1.5951222261951226,-0.030675482413414307,12.959725138331422,-152.71459892736488,18.738375974672,0.0,0.0,0.0,0.5951304407172959,1.8202015530762856,-0.012626047194116944,833.2446319354839,0.15860091743119267,-0.804402742692169,0.5314911830564508,1.383829954252543,0.0,-0.05734003578427196,-0.766109785202864,-0.2874354561101549,0.7290021363085214,0.8928279583567194,-0.20595921072876558,Insurance—Specialty,Financial Services,TRUP
2017Q4,2017,Q4,2018-02-14,2017-12-31,-838000.0,66545000.0,-1162000.0,-0.02771,11737000.0,0.176376887820272,105859000.0,48434000.0,86558000.0,45866000.0,57425000.0,0.0,-82784000.0,885317542.9499999,868935542.9499999,1.6013047423370275,1.8871931278070901,0.08807942640682417,0.19250939422719576,-0.012772151726062872,1.6013047423370275,-0.017301895362761697,13.304043022766548,-264.11621209725536,18.278844261262748,0.0,0.0,0.0,0.6286192010126678,1.8240744778267126,-0.00791619040421693,422.98974818442423,0.176376887820272,-3.771,0.8404857759108679,0.6897307884921366,1.8948740079089064,-0.005928686372490896,-3.064039408866995,-3.5426695842450764,0.819674201016686,0.9213751254931083,-0.2481515342555544,Insurance—Specialty,Financial Services,TRUP
2017Q3,2017,Q3,2017-11-03,2017-09-30,406000.0,63118000.0,457000.0,0.01,11807000.0,0.18706232770366615,101928000.0,47952000.0,82582000.0,44051000.0,53976000.0,0.0,-81946000.0,793284617.62,775334617.62,1.5964160805228649,1.8746906994165853,0.07160937132093242,0.1522147147147147,0.007773531164510513,1.5964160805228649,0.0084668001334668,12.568278741721855,488.47574976600987,16.54330617325659,0.0,0.0,0.0,0.6192410328859587,1.8068829311479875,0.003983203830154619,391.745490182716,0.18706232770366615,0.0,1.017068597450298,-0.8535004361269993,0.0,0.14066273789971984,-0.012165450121654502,1.7772108843537415,1.0441395798842288,0.926279585956022,-0.2918895600872364,Insurance—Specialty,Financial Services,TRUP
2017Q2,2017,Q2,2017-08-02,2017-06-30,411000.0,58275000.0,-588000.0,0.01,10351000.0,0.17762333762333762,95651000.0,47152000.0,76561000.0,39623000.0,48499000.0,0.0,-82352000.0,660454098.66,642159098.66,1.5977821352627353,1.9322363273856094,0.06595853676386028,0.13380132337970818,-0.010892660633367912,1.5977821352627353,0.008716491347132677,11.333403666409266,401.73606974452554,14.006915903036985,0.0,0.0,0.0,0.609246113475029,1.8743406607273554,0.004296870916143062,646.2368871428571,0.17762333762333762,1.2,1.011782516879892,-0.8464259209525958,0.0,0.13063899508465318,1.277327935222672,0.56412157153447,1.106319251526965,0.867046181723085,2.0610086750923005,Insurance—Specialty,Financial Services,TRUP
2017Q1,2017,Q1,2017-05-03,2017-03-31,-1482000.0,54729000.0,-1349000.0,-0.05,9155000.0,0.16727877359352444,87733000.0,45085000.0,68486000.0,35400000.0,42648000.0,0.0,-82763000.0,416001563.82,398852563.82,1.5411208893373338,1.9346327683615818,0.05457467543569695,0.10619940113119662,-0.027493949858979256,1.5411208893373338,-0.03287124320727515,7.60111757605657,-70.17570239878542,9.22705032316735,0.0,0.0,0.0,0.623813160384348,1.871271186440678,-0.016892161444382388,298.20900632258065,0.16727877359352444,0.15110356536502542,0.5149514201327217,0.9336029249425034,0.0,-0.006834454328487742,0.13987231572838074,0.18440145102781136,0.8098506890241445,0.3455282132146702,6.161657497440785,Insurance—Specialty,Financial Services,TRUP
2016Q4,2016,Q4,2017-02-15,2016-12-31,-1723000.0,51340000.0,-1654000.0,-0.0589,9218000.0,0.17954811063498247,82345000.0,44715000.0,65387000.0,30657000.0,37630000.0,0.0,-81281000.0,454032649.12,435162649.12,1.5284733407279334,2.1328570962586033,0.05789058230615095,0.10660852063066086,-0.033562650787096034,1.5284733407279334,-0.038532930783853295,8.843643340864823,-65.87821374347068,10.153922601364195,0.0,0.0,0.0,0.623474406460623,2.06559676419741,-0.020924160544052463,149.20560273414395,0.17954811063498247,0.01833333333333328,0.6609047897925479,0.34784183818144215,1.8541728680593899,0.08447058823529412,-0.05253512522907758,-0.07263294422827497,0.6609047897925479,0.34784183818144215,1.8541728680593899,Insurance—Specialty,Financial Services,TRUP
2016Q3,2016,Q3,2016-11-04,2016-09-30,-1637000.0,48359000.0,-1542000.0,-0.06,8500000.0,0.17576872970905105,78511000.0,44789000.0,61551000.0,27462000.0,33722000.0,0.0,-79558000.0,485577847.29999995,468920847.29999995,1.5588316151752915,2.241315272012235,0.05055342563462445,0.08861550827212039,-0.03187873981826805,1.5588316151752915,-0.03654915269374177,10.041106046444302,-74.15666574526573,10.841453198329946,0.0,0.0,0.0,0.6159519048286227,2.171436894618018,-0.020850581447185743,569.9270508215961,0.17576872970905105,-1.0,0.9280536190538627,-0.8826592430598087,0.0,0.02830873457536898,-0.6981327800829875,-0.6112852664576802,0.9280536190538627,-0.8826592430598087,0.0,Insurance—Specialty,Financial Services,TRUP
2016Q2,2016,Q2,2016-08-05,2016-06-30,-964000.0,45832000.0,-957000.0,-0.03,8266000.0,0.18035433758072963,73882000.0,45472000.0,56394000.0,25250000.0,28410000.0,0.0,-77921000.0,375615611.0,358394611.0,1.6040440875073214,2.2334257425742576,0.013345605154164749,0.021683673469387755,-0.020685081148564294,1.6040440875073214,-0.021199859254046445,8.195488108744982,-97.4106875,8.260371459359606,0.0,0.0,0.0,0.6203405430280718,2.1654257425742576,-0.013047833031049512,335.0719099018733,0.18035433758072963,0.6666666666666666,0.9712307801758623,-0.8742641133337542,0.0,0.13170865279299016,0.6251944012441679,0.6239685658153241,0.9712307801758623,-0.8742641133337542,0.0,Insurance—Specialty,Financial Services,TRUP
2016Q1,2016,Q1,2016-05-06,2016-03-31,-2572000.0,42699000.0,-2545000.0,-0.09,7304000.0,0.1710578702077332,70870000.0,44308000.0,53595000.0,23632000.0,26562000.0,0.0,-76957000.0,275792592.8,259234592.8,1.5824710720802215,2.2678994583615437,0.013658811909129391,0.021847070506454815,-0.056518439143576765,1.5824710720802215,-0.05804820799855556,6.4589941872175,-26.807211586314153,6.22444237609461,0.0,0.0,0.0,0.6024975306899958,2.181660460392688,-0.036291801890785944,-141.35960676576116,0.1710578702077332,0.18181818181818185,0.12045715999793434,0.5762187345624807,0.0,0.004676753782668501,0.1429523492169277,0.1456864719704599,0.12045715999793434,0.5762187345624807,0.0,Insurance—Specialty,Financial Services,TRUP
2015Q4,2015,Q4,2016-02-17,2015-12-31,-3001000.0,40201000.0,-2979000.0,-0.11,7270000.0,0.1808412726051591,70917000.0,45356000.0,53633000.0,23617000.0,25561000.0,0.0,-74385000.0,271878952.0,253922952.0,1.6282045989348966,2.27094889274675,0.0,0.0,-0.06594408353456162,1.6282045989348966,-0.06616544668842049,6.762989776373722,-22.64902965678107,5.994332657200811,0.0,0.0,0.0,0.566873951238772,2.1780920523351823,-0.04231707489036479,-156.70256599423632,0.1808412726051591,0.35294117647058826,0.3797425767942655,0.10838214828187681,1.909906738312726,0.10301926869974207,0.3536506569028645,0.35365589064873076,0.3797425767942655,0.10838214828187681,1.909906738312726,Insurance—Specialty,Financial Services,TRUP
2015Q3,2015,Q3,2015-11-05,2015-09-30,-4643000.0,37865000.0,-4609000.0,-0.17,6591000.0,0.17406575993661694,72554000.0,47409000.0,55392000.0,23238000.0,25145000.0,0.0,-71383000.0,209552590.5,187864590.5,1.70810558412066,2.3836819003356573,0.0,0.0,-0.0975540035994384,1.70810558412066,-0.09793499124638781,5.534202839033409,-11.283253849881543,4.420101468075682,0.0,0.0,0.0,0.5218871461256444,2.290859798605732,-0.06399371502604956,-102.52083683953033,0.17406575993661694,0.0,0.7887556822917277,-0.9048879344362606,0.0,0.1391289319045973,-0.0038918918918918917,0.0028126352228472523,0.7887556822917277,-0.9048879344362606,0.0,Insurance—Specialty,Financial Services,TRUP
2015Q2,2015,Q2,2015-08-05,2015-06-30,-4625000.0,35587000.0,-4622000.0,-0.17,5786000.0,0.16258746171354707,74648000.0,51668000.0,58159000.0,21373000.0,22980000.0,0.0,-66741000.0,227405221.04,201248221.04,1.8721835763177692,2.721143498806906,0.0,0.0,-0.08903225121794062,1.8721835763177692,-0.0895138189982194,6.390120578863068,-12.29217411027027,4.401277793605327,0.0,0.0,0.0,0.47673078984031725,2.6426800168436815,-0.06195745364912657,-45.10218584688616,0.16258746171354707,0.055555555555555455,0.8582192323388244,-0.8997149135025614,0.0,0.03654604084557506,0.0630064829821718,-0.012708150744960562,0.8582192323388244,-0.8997149135025614,0.0,Insurance—Specialty,Financial Services,TRUP
2015Q1,2015,Q1,2015-05-07,2015-03-31,-4936000.0,33310000.0,-4564000.0,-0.18,5582000.0,0.16757730411287902,77457000.0,54917000.0,63058000.0,20943000.0,22540000.0,0.0,-62116000.0,218698416.0,186204416.0,2.0088668589168015,3.0109344411020387,0.0,0.0,-0.08496630276685223,2.0088668589168015,-0.08988109328623195,6.565548363854698,-11.076702593192868,3.9823445563304625,0.0,0.0,0.0,0.4300450572575752,2.941794394308361,-0.06372568005474005,-33.65626592797784,0.16757730411287902,-0.17155465302456355,-0.728828451123621,0.2594012803583547,0.0,0.010682600036212204,-0.15434985968194576,-0.09764309764309764,-0.728828451123621,0.2594012803583547,0.0,Insurance—Specialty,Financial Services,TRUP
2014Q4,2014,Q4,2015-02-24,2014-12-31,-4276000.0,31868000.0,-4158000.0,-0.153642,5523000.0,0.17330864817371658,98306000.0,59275000.0,84655000.0,22544000.0,39031000.0,0.0,-57180000.0,192868421.13,154670421.13,2.1298237813805865,3.755101135557133,0.15156755437104552,0.25137072964993673,-0.05549852264701014,2.1298237813805865,-0.07213833825390131,6.052103085540354,-11.27621732518709,3.253790318515394,0.0,0.0,0.0,0.3241714646105019,3.6974804826117813,-0.04349683640876447,-70.8814484123484,0.17330864817371658,0.49826760236820883,0.11541096732424687,-0.12056174451697536,2.1902318734172628,0.24251968503937008,0.4974732636032436,0.23085460599334073,0.11541096732424687,-0.12056174451697536,2.1902318734172628,Insurance—Specialty,Financial Services,TRUP
2014Q3,2014,Q3,2014-10-31,2014-09-30,-8509000.0,30312000.0,-5406000.0,-0.306223,4445000.0,0.14664159408814992,100512000.0,62645000.0,88350000.0,21284000.0,37867000.0,0.0,-52904000.0,236189313.0,192020313.0,2.2544733004071187,4.151005450103364,0.14824100604902898,0.23784819219410966,-0.06982925063807907,2.2544733004071187,-0.1358288770053476,7.791940914489311,-6.939396903278881,3.7702819538670287,0.0,0.0,0.0,0.3015759312320917,4.085886111633152,-0.08465655842088507,-47.143575449101796,0.14664159408814992,-1.3377050682097518,0.6133040347219814,-0.9239468844807945,0.0,-0.13689320388349516,-1.4458177637252083,-0.5423680456490727,0.6133040347219814,-0.9239468844807945,0.0,Insurance—Specialty,Financial Services,TRUP
2014Q2,2014,Q2,2014-06-30,2014-06-30,-3479000.0,28090000.0,-3505000.0,-0.130993,5150000.0,0.18333926664293343,48750000.0,-39995000.0,32514000.0,28690000.0,88745000.0,0.0,-44395000.0,302769362.40000004,319678362.40000004,-1.5059086440775225,1.1332868595329384,0.5373743589743589,-0.6550068758594825,0.2545344638540415,-1.5059086440775225,0.08698587323415427,10.778546187255252,-21.756924576027593,-7.570180332541568,0.0,0.0,0.0,0.5762051282051283,1.096375043569188,-0.07136410256410257,-81.08445698982325,0.18333926664293343,0.5148407407407408,0.8891779549736237,-0.917744895358897,0.0,0.08284272497897392,0.29187868919193977,-0.2187065368567455,0.8891779549736237,-0.917744895358897,0.0,Insurance—Specialty,Financial Services,TRUP
2014Q1,2014,Q1,2014-03-31,2014-03-31,-4913000.0,25640000.0,-2876000.0,-0.27,4756000.0,0.18549141965678628,48969000.0,-5506000.0,34578000.0,27358000.0,54475000.0,0.0,-40916000.0,210229440.6,225890440.6,-0.2985709319344495,1.2639081804225456,0.5361351058833139,-4.768252815110788,-0.13904027745337838,-0.2985709319344495,0.8922993098438068,8.199276154446178,-10.697610451862406,-38.18188169269888,0.0,0.0,0.0,0.523596561089669,1.2231157248336866,-0.10032877943188548,-42.30819895351177,0.18549141965678628,-0.5544936380908515,-1.5508826583592936,0.4370586257146061,0.0,0.1634050880626223,-0.5338744926631284,-0.1426301152165276,-1.5508826583592936,0.4370586257146061,0.0,Insurance—Specialty,Financial Services,TRUP
2013Q4,2013,Q4,2013-12-31,2013-12-31,-3203000.0,24011000.0,-2517000.0,-0.17369,4088000.0,0.1702552996543251,51653000.0,-32999000.0,39733000.0,26023000.0,84652000.0,0.0,-36003000.0,210229440.6,221389440.6,-1.7894192122965673,1.5268416400876148,0.5052755890267748,-0.7909027546289281,0.36410055956752074,-1.7894192122965673,0.09706354738022364,8.755547065928116,-16.408791804558227,-6.370782163095852,0.0,0.0,0.0,0.46485199310785436,1.4909118856396264,-0.06200995101930188,-15016.388614285714,0.1702552996543251,0.7806653659891778,0.0,0.0,0.0,-0.007526098567613498,-1.621112929623568,-1.3240997229916898,0.0,0.0,0.0,Insurance—Specialty,Financial Services,TRUP
2013Q3,2013,Q3,2013-09-30,2013-09-30,-1222000.0,22134000.0,-1083000.0,-0.791895,4119000.0,0.18609379235565193,,,,,,,,17591727.6,,,0.0,0.0,0.0,0.0,,0.0,0.7947830306316076,-3.5989622749590833,0.0,0.0,0.0,0.0,0.0,0.0,0.0,222.68009620253167,0.18609379235565193,0.3300437390546611,0.0,0.0,0.0,0.07573779054583442,0.3300438596491228,0.328580285182889,0.0,0.0,0.0,Insurance—Specialty,Financial Services,TRUP
2013Q2,2013,Q2,2013-06-30,2013-06-30,-1824000.0,19842000.0,-1613000.0,-1.18201,3829000.0,0.19297449853845378,,,,,,,,17591727.6,,,0.0,0.0,0.0,0.0,,0.0,0.886590444511642,-2.411146875,0.0,0.0,0.0,0.0,0.0,0.0,0.0,-29.816487457627122,0.19297449853845378,-10.317598621217924,0.0,0.0,0.0,0.06125277161862528,0.0529595015576324,0.09075535512965051,0.0,0.0,0.0,Insurance—Specialty,Financial Services,TRUP
2013Q1,2013,Q1,2013-03-31,2013-03-31,-1926000.0,17842000.0,-1774000.0,-0.10444,3608000.0,0.20221948212083848,,,,,,,,210229440.6,,,0.0,0.0,0.0,0.0,,0.0,11.782840522362964,-27.28834898753894,0.0,0.0,0.0,0.0,0.0,0.0,0.0,-106.6613092846271,0.20221948212083848,0.0,0.0,0.0,0.0,0.0,0.0,0.0,0.0,0.0,0.0,Insurance—Specialty,Financial Services,TRUP
