Quarters,Year,Quarter,FillingDate,Date,NetIncome,Revenue,OperatingIncome,EPSDiluted,GrossProfit,GrossProfitRatio,TotalAssets,CommonStockEquity,CurrentAssets,CurrentLiability,TotalLiability,Inventory,RetainedEarnings,MarketCap,EnterpriseValue,bookValuePerShare,currentRatio,debtToAssets,debtToEquity,roic,shareholdersEquityPerShare,roe,priceToSalesRatio,peRatio,pbRatio,payoutRatio,inventoryTurnover,dividendYield,assetTurnover,quickRatio,returnOnAssets,priceToFreeCashFlowsRatio,grossProfitMargin,epsdilutedGrowth,fiveYNetIncomeGrowthPerShare,fiveYRevenueGrowthPerShare,fiveYShareholdersEquityGrowthPerShare,grossProfitGrowth,netIncomeGrowth,operatingIncomeGrowth,threeYNetIncomeGrowthPerShare,threeYRevenueGrowthPerShare,threeYShareholdersEquityGrowthPerShare,Industry,Sector,Symbol
2023Q1,2023,Q1,2023-04-26,2023-03-31,180097000.0,1338458000.0,1159846000.0,2.01,1335729000.0,0.9979610866,28564977000.0,4960229000.0,985316000.0,99130000.0,23604748000.0,0.0,6381201000.0,4626785280.0,5307446280.0,58.44915394042232,9.93963482295975,0.05589740191283893,0.32190207347281746,0.16027833034764116,58.44915394042232,0.03630820270596378,3.4568027386739066,6.422629582946967,0.9327765472118325,0.26589004814072414,0.0,0.01034973466501562,0.04685661045692423,223.49982850801976,0.006304818659577426,20.80071068271937,0.997961086563792,3.1874999999999996,1.4155705129570182,0.07512035342680569,-0.0748983682600055,2.007463896356538,2.714029407518921,10.00966321145157,2.0035760516033507,0.11282492869820354,0.01563052635289165,Insurance—Property & Casualty,Financial Services,AXS
2022Q4,2022,Q4,2023-02-27,2022-12-31,48491000.0,444138000.0,105348000.0,0.48,444138000.0,1.0,27595811000.0,4639910000.0,21363401000.0,1522764000.0,22955901000.0,0.0,6247022000.0,4586411390.0,5331275390.0,54.80187085877615,14.029357799370093,0.057938358832795314,0.34458771829626006,0.010854388796087723,54.80187085877615,0.010450849262162413,10.326545780815872,23.645683683570144,0.9884699035110595,0.9076942112969417,0.0,0.009596827728094405,0.016094399255017364,14.029357799370093,0.0017571869875467694,-20.4027304554392,1.0,23.325581395348838,2.736470095519697,-0.6680050560832309,-0.14677058078091174,-0.6743421776219407,27.58497807017544,7.180218233016544,64.77236667764325,-0.6571464545779901,-0.17009487149183966,Insurance—Property & Casualty,Financial Services,AXS
2022Q3,2022,Q3,2022-10-26,2022-09-30,-1824000.0,1366547000.0,-17046000.0,-0.0215,1363818000.0,0.9980029959,27119753000.0,4343423000.0,1941792000.0,103345000.0,22776330000.0,0.0,6244268000.0,4161039000.0,4447236000.0,51.30431136309946,18.789414098408244,0.05899253580959974,0.3683415131337657,-0.002351175614656276,51.30431136309946,-0.00041994528278733155,3.044929299906992,-570.3178453947368,0.9580091554518175,-24.125,0.0,0.010575243346673752,0.05038936010958507,199.62650345928685,-6.725724972495141e-05,10.31891113072978,0.9980029958720775,-1.0671875,0.9960733551815455,0.23226204100936934,-0.21647268564168246,0.0888879485375896,-1.0524469492207718,-1.3175543508634662,-1.0470987321286795,0.004719488274152529,-0.22897542799991583,Insurance—Property & Casualty,Financial Services,AXS
2022Q2,2022,Q2,2022-07-27,2022-06-30,34778000.0,1255216000.0,53679000.0,0.32,1252487000.0,0.9978258722,27619427000.0,4702631000.0,1574895000.0,105129000.0,22916796000.0,0.0,6298680000.0,4862526570.0,5434382570.0,55.21269651180538,14.98059526866992,0.05510233793047191,0.3236262849455975,0.009944450384207661,55.21269651180538,0.007395434598206833,3.873856427897669,34.95404113232504,1.0340013005485653,1.2728161481396285,0.0,0.009103497813894721,0.045446851594712664,199.68687992846884,0.0012591861518343591,12.780819203322338,0.9978258722004818,-0.7999999999999999,-0.6409442153125546,0.18147229225933065,-0.2116253264084062,-0.04106945026103853,-0.7473447148565202,-0.6477917680946413,-0.8064032611490194,-0.047013254871289344,-0.16740714856138703,Insurance—Property & Casualty,Financial Services,AXS
2022Q1,2022,Q1,2022-04-27,2022-03-31,137650000.0,1306129000.0,152407000.0,1.6,1306129000.0,1.0,27808558000.0,5120540000.0,1679080000.0,113340000.0,22688018000.0,0.0,6308712000.0,5137591670.0,5575124670.0,60.26930003177929,14.81454032115758,0.05530613993001723,0.30035582184691456,0.02250199231288765,60.26930003177929,0.026881930421400867,3.933448893639143,9.33089660370505,1.003330053080339,0.343668725027243,0.0,0.009207816237369444,0.04696859865944865,188.52122816304924,0.004949915058522632,38.538392705778215,1.0,-0.32773109243697474,6.019339440590827,0.3397645423540653,-0.16786805791735826,-0.05940027927147449,-0.32418499607227025,-0.34587305198010243,0.24697776504462157,0.026290713222642998,-0.04794365577905236,Insurance—Property & Casualty,Financial Services,AXS
2021Q4,2021,Q4,2022-02-25,2021-12-31,203680000.0,1388613000.0,232993000.0,2.38,1388613000.0,1.0,27368970000.0,5410656000.0,21540262000.0,1324620000.0,21958314000.0,0.0,6204745000.0,4617639780.0,5203534780.0,63.82447448510156,16.26146517491809,0.052266745880462435,0.26438328365359026,0.031529068741664466,63.82447448510156,0.037644233896961844,3.3253611913470493,5.667762887863314,0.8534343672929863,0.2120532207384132,0.0,0.009353479712096555,0.050736765029886034,16.26146517491809,0.007442004576715894,44.12123086625007,1.0,3.2499999999999996,0.4126473254131469,0.36445877807176075,-0.10911499319721063,0.016770031705120415,2.706777316735823,0.0,2.069359409410065,0.07129804257967207,0.060537162678967936,Insurance—Property & Casualty,Financial Services,AXS
2021Q3,2021,Q3,2021-10-27,2021-09-30,54948000.0,1365710000.0,0.0,0.56,1365710000.0,1.0,27935137000.0,5335055000.0,0.0,0.0,22600082000.0,0.0,6044843000.0,3902856840.0,4389838840.0,62.93490698469996,0.0,0.05135195864620245,0.2688864500928294,0.0,62.93490698469996,0.010299425216797203,2.8577493318493676,17.757046844289146,0.7315495041756833,0.7867620295552158,0.0,0.011076757814155439,0.048888609352443844,0.0,0.0019669851628076854,8.212443138897013,1.0,-0.7902621722846441,-0.6887047642186087,0.34151301824763364,-0.06395462555694413,0.03386826811489427,-0.7666484055496808,0.0,0.0012337821350920056,0.01902281852109127,-0.00257138519644677,Insurance—Property & Casualty,Financial Services,AXS
2021Q2,2021,Q2,2021-07-27,2021-06-30,235473000.0,1320971000.0,0.0,2.67,1320971000.0,1.0,27581730000.0,5389760000.0,14018302000.0,0.0,22191970000.0,0.0,6034151000.0,4154283640.0,4594886640.0,63.58548440375631,0.0,0.052226673236232826,0.26726644600130617,0.0,63.58548440375631,0.0436889583209642,3.1448711894507904,4.410573229202499,0.7707733999287537,0.1838214997048494,0.0,0.010419365587661222,0.04789297118056046,0.0,0.008537281744111048,10.65799420700342,1.0,0.9632352941176469,0.9725700477766376,0.2843221989259052,-0.019956423319052535,0.06007490504457468,0.909756690997567,0.0,1.2419186787973686,0.002801070119733352,0.011205544560760675,Insurance—Property & Casualty,Financial Services,AXS
2021Q1,2021,Q1,2021-04-28,2021-03-31,123300000.0,1246111000.0,0.0,1.36,1246111000.0,1.0,27085827000.0,5176390000.0,13661383000.0,0.0,21909437000.0,0.0,5842850000.0,4189358980.0,4737437980.0,61.24890550677994,0.0,0.05331242055116132,0.2789610133703218,0.0,61.24890550677994,0.023819689011067558,3.361946873111625,8.494239618815897,0.8093205844227348,0.3742579075425791,0.0,0.011015050326386689,0.04600601635682012,0.0,0.0045521962463985315,28.863068772132888,1.0,40.81690120306234,1.8353340098621083,0.5681167293461925,-0.03205207885403785,0.03590168622456614,43.95078381334306,0.0,0.660623419870001,0.00508758040096665,-0.030585413017845727,Insurance—Property & Casualty,Financial Services,AXS
2020Q4,2020,Q4,2021-02-26,2020-12-31,2743000.0,1202924000.0,0.0,0.032522735087324076,1202924000.0,1.0,25877687000.0,5295694000.0,12593470000.0,0.0,20581993000.0,0.0,5763607000.0,4249942990.0,4797069990.0,62.78908241543259,0.0,0.05603120557103886,0.2737994302540895,0.0,62.78908241543259,0.0005179679943742973,3.533010389683804,387.34442125410135,0.8025280520362392,15.514764855997084,0.0,0.010013546087591165,0.04648498917233213,0.0,0.00010599865436196056,-805.5236902956785,1.0,1.037382454123361,-0.9788782925007665,0.3361366201265752,0.006389998117433314,0.01442035243004021,1.0419534428435961,0.0,1.0986069217537504,-0.09733385847292442,-0.02241490147886833,Insurance—Property & Casualty,Financial Services,AXS
2020Q3,2020,Q3,2020-10-28,2020-09-30,-65382000.0,1185824000.0,0.0,-0.87,1185824000.0,1.0,26452996000.0,5265895000.0,12795490000.0,0.0,21187101000.0,0.0,5804637000.0,3712924320.0,4161585320.0,62.46020543720643,0.0,0.05479311303717734,0.2752508358028407,0.0,62.46020543720643,-0.012416122995236327,3.1310922362846427,-14.197043222905386,0.7050889392971186,-0.6448869719494662,0.0,0.011356008462892668,0.04482758777115454,0.0,-0.0024716293005147697,15.292928863571772,1.0,-1.6541353383458648,-1.29566451971184,0.1471964971154077,0.05300905217335109,0.004414659515573279,-1.5446684438520493,0.0,0.8586602027937866,0.073762445452218,-0.04609815977994717,Insurance—Property & Casualty,Financial Services,AXS
2020Q2,2020,Q2,2020-07-28,2020-06-30,120040000.0,1180612000.0,0.0,1.33,1180612000.0,1.0,26359173000.0,5297820000.0,13334305000.0,0.0,21061353000.0,0.0,5913029000.0,3419329680.0,3783197680.0,62.84260346606882,0.0,0.055035755484437995,0.2738290466644771,0.0,62.84260346606882,0.022658376464281534,2.8962349018983375,7.121229756747751,0.6454220188681382,0.35186604465178273,0.0,0.012352713529512602,0.04478941733111278,0.0,0.004554012373605196,21.955936199722608,1.0,1.6045454545454545,0.9460180241188406,0.404243798000157,0.05932886927497135,-0.009424052141052016,1.6750380988263875,0.0,0.25210925692883573,0.12271928474963811,-0.1026789103731829,Insurance—Property & Casualty,Financial Services,AXS
2020Q1,2020,Q1,2020-05-11,2020-03-31,-177827000.0,1191844000.0,0.0,-2.2,1191844000.0,1.0,227821755.961,4839578000.0,755.961,19300545000.0,21109190000.0,0.0,5836007000.0,3250233100.0,4302918908.645,57.54962304088282,3.916785769521016e-08,7.938859887945099,0.3737195681111039,0.0,57.54962304088282,-0.03674431944272827,2.7270625182490327,-4.56937515113003,0.6715943208271464,-0.26127640909423205,0.0,0.014294974720428514,5.23147578672876,1.0861745613919191,-0.7805531971689376,-65.33919869733033,1.0,-243.96737400530503,-2.274065173082016,0.3792099322758441,-0.03804148589981527,-0.0721721875235977,-234.8448275862069,0.0,-10.161621289392212,0.23514068363883467,-0.20541835458711932,Insurance—Property & Casualty,Financial Services,AXS
2019Q4,2019,Q4,2020-02-27,2019-12-31,-754000.0,1284553000.0,0.0,-0.008980787784222876,1284553000.0,1.0,25604054000.0,5544008000.0,18614874000.0,18251889000.0,20060046000.0,0.0,6056686000.0,4990404080.0,18064128080.0,66.03389830508475,1.0198875305454684,0.07061994948143759,0.32614617439224475,0.0,66.03389830508475,-0.00013600268975080845,3.884934354596502,-1654.6432625994694,0.9001437371663243,-58.80503978779841,0.0,0.008884851665158145,0.05016990668743317,1.1581524520557844,-2.9448461560032643e-05,-117.39088894639035,1.0,-1.027214508437039,-1.005194872311142,0.4204691210775187,0.1396934877174439,-0.04754302933327797,-1.0196349053410068,0.0,-1.0052803471410823,0.2744916205220774,-0.07827505960158922,Insurance—Property & Casualty,Financial Services,AXS
2019Q3,2019,Q3,2019-11-06,2019-09-30,38401000.0,1348673000.0,0.0,0.33,1348673000.0,1.0,25495526000.0,5585870000.0,18445562000.0,18521521000.0,19909656000.0,0.0,6101902000.0,5600943840.0,18854033840.0,66.54043622761981,0.9958988789311634,0.054446219309223116,0.2485082896666052,0.0,66.54043622761981,0.006874667688292066,4.152929464740526,36.46352855394391,1.0026985662036532,1.151897086013385,0.0,0.007897597487783417,0.0528984183342599,1.1210679187740575,0.001506185830408049,21.700841695789972,1.0,-0.83248730964467,-0.8371246118844212,0.3896580866089647,0.17728248819449874,0.03896965303558236,-0.783097891472693,0.0,-0.7803125517661459,0.33778151623333513,-0.010328758260838055,Insurance—Property & Casualty,Financial Services,AXS
2019Q2,2019,Q2,2019-08-07,2019-06-30,177043000.0,1298087000.0,0.0,1.97,1298087000.0,1.0,25870174000.0,5566477000.0,18742974000.0,18915949000.0,20303697000.0,0.0,6108577000.0,5057445250.0,18288106250.0,66.31416113698907,0.9908556002133437,0.05364277797281147,0.24930454217272432,0.0,66.31416113698907,0.03180521539925522,3.896075725278814,7.141549298757929,0.908554054925584,0.2504758730929774,0.0,0.008768261010833483,0.05017697213787584,1.1121901946341681,0.006843517944641578,123.02525602666083,1.0,0.6982758620689656,0.10475158637034951,0.42530949017260045,0.17044180969154255,0.03502916306198197,0.6275176731230637,0.0,0.4976398299797474,0.27444709143772344,0.022100692865872493,Insurance—Property & Casualty,Financial Services,AXS
2019Q1,2019,Q1,2019-05-03,2019-03-31,108781000.0,1254155000.0,0.0,1.16,1254155000.0,1.0,25557582000.0,5300156000.0,18373413000.0,18915081000.0,20257426000.0,0.0,5976603000.0,4634178750.0,16741712750.0,63.30434159450582,0.9713631678341742,0.05252237868198956,0.2532651869114796,0.0,63.30434159450582,0.020524112875168202,3.695060618504092,10.650248549838667,0.874347613541941,0.43128855222879,0.0,0.010123908146616054,0.04907173925921474,1.0944757254806363,0.004256310319184342,-80.32619340636484,1.0,1.489451476793249,-0.03776055947595785,0.5735065197961957,0.18473834078032356,-0.0186357906400067,1.579266312017083,0.0,1.5250367216544933,0.5931122355294849,0.0004310336473344625,Insurance—Property & Casualty,Financial Services,AXS
2018Q4,2018,Q4,2019-02-26,2018-12-31,-187791000.0,1277971000.0,0.0,-2.37,1277971000.0,1.0,24132566000.0,5030071000.0,17395670000.0,17760534000.0,19102495000.0,0.0,5912812000.0,4316174480.0,16004708480.0,60.18127108707616,0.9794564735497254,0.05560788686955212,0.2667876855018547,0.0,60.18127108707616,-0.037333667854787735,3.3773649636807095,-5.745981543311447,0.8580742657509208,-0.2310440862448147,0.0,0.010052420309014013,0.05295628322325939,1.1100094738142445,-0.007781642449460203,-35.850411814542255,1.0,-5.5576923076923075,-2.3706902965332026,0.5923370024063406,0.1456755891137299,-0.03260087900575154,-4.471503835844348,0.0,-2.459163568921327,0.43238466598668035,-0.03540827535423299,Insurance—Property & Casualty,Financial Services,AXS
2018Q3,2018,Q3,2018-11-08,2018-09-30,54095000.0,1321038000.0,0.0,0.52,1321038000.0,1.0,24843026000.0,5272272000.0,18152798000.0,18193000000.0,19570754000.0,0.0,6145482000.0,4787873400.0,17035638400.0,63.097154072620214,0.997790248996867,0.055451457483480474,0.2612881126011708,0.0,63.097154072620214,0.010260282474045345,3.624326779396202,22.127153156483963,0.9081233669279581,0.7995933080691376,0.0,0.009034073457330764,0.05317540624882009,1.0970137415489474,0.0021774722612293686,27.577056526397033,1.0,-0.5315315315315315,-0.5200422077189268,0.7873343088142495,0.21745783750935532,0.017557562368861322,-0.4774136831732906,0.0,-0.7531808309739769,0.2894771101518621,0.06374729221219418,Insurance—Property & Casualty,Financial Services,AXS
2018Q2,2018,Q2,2018-08-08,2018-06-30,103514000.0,1298244000.0,0.0,1.11,1298244000.0,1.0,25018486000.0,5253005000.0,18596584000.0,18388000000.0,19765481000.0,0.0,6135625000.0,4646439180.0,16842487180.0,62.88087001280839,1.0113434848814444,0.05504753565023879,0.2621748884686004,0.0,62.88087001280839,0.019705673228942292,3.579018412563432,11.221765123558166,0.8845297463071137,0.42077400158432676,0.0,0.009374060073245163,0.05189138943099914,1.0981480857080705,0.004137500566581047,102.26788704494432,1.0,0.48000000000000015,0.7043847207486665,0.6948309456812777,0.30198105686462884,0.0621172739968437,0.4140870468019999,0.0,0.6934552314763274,0.5582796631768397,0.059973923035523576,Insurance—Property & Casualty,Financial Services,AXS
2018Q1,2018,Q1,2018-05-09,2018-03-31,73202000.0,1222317000.0,0.0,0.75,1222317000.0,1.0,25087309000.0,5264395000.0,18897030000.0,18446000000.0,19822914000.0,0.0,6076294000.0,4796847540.0,17239330540.0,63.18133266124193,1.0244513715710724,0.0548817332301364,0.2615371756868548,0.0,63.18133266124193,0.013905111603517593,3.924389123279804,16.38222842272069,0.9111868581289967,0.627428212343925,0.0,0.009574830055991313,0.04872252340815031,1.1187650981242545,0.0029178896788013414,-54.58095852534562,1.0,3.2739536240338336,-0.6700157103178991,0.6150964335594453,0.25540262991220775,-0.06975556593966091,3.668878518302465,0.0,-0.4706752342651482,0.42757895862791984,0.05609416142485677,Insurance—Property & Casualty,Financial Services,AXS
2017Q4,2017,Q4,2018-02-28,2017-12-31,-27428000.0,1313974000.0,0.0,-0.32982202982202985,1313974000.0,1.0,24760177000.0,5341264000.0,18745255000.0,18042000000.0,19418913000.0,0.0,5979666000.0,4179621600.0,17948702600.0,64.22876382876383,1.0389787717547945,0.055594473335146194,0.2577159638617376,0.0,64.22876382876383,-0.005135114085355077,3.1809012963726833,-38.096303047980165,0.7825154495265539,-1.5611783578824558,0.0,0.010244946576024969,0.05306803743769683,1.1492022503048442,-0.0011077465237829278,-79.07563190555472,1.0,0.9412081943276238,-2.964521316264436,0.9696363496509597,0.3103876394128016,0.2041274714197347,0.9399935241662364,0.0,-1.1907831886794042,0.4669285880630979,0.10853827713738383,Insurance—Property & Casualty,Financial Services,AXS
2017Q3,2017,Q3,2017-11-08,2017-09-30,-457084000.0,1091225000.0,0.0,-5.61,1091225000.0,1.0,21818150000.0,5454699000.0,17379359000.0,15369000000.0,16363451000.0,0.0,6051659000.0,4774209550.0,16178812550.0,65.47865074125203,1.1308061031947427,0.045549095592431074,0.18219098799035474,0.0,65.47865074125203,-0.08379637446539213,4.375091800499439,-2.611232043781887,0.875247112627113,-0.09261973729117624,0.0,0.00886743649532518,0.05001455210455515,1.204914373088685,-0.020949713884999416,29.25516906466003,1.0,-6.554455445544554,-3.862865632770955,0.5588497532573159,0.354315159131316,0.03971343745474225,-5.776916163284075,0.0,-2.953633351088213,0.13305166854781098,0.1584965960334701,Insurance—Property & Casualty,Financial Services,AXS
2017Q2,2017,Q2,2017-08-08,2017-06-30,95686000.0,1049544000.0,0.0,1.01,1049544000.0,1.0,21499638000.0,5892695000.0,17224462000.0,14613000000.0,15606943000.0,0.0,6551801000.0,5440557060.0,17878479060.0,70.03357459502502,1.1787081365907068,0.04621059201089804,0.16860044512739927,0.0,70.03357459502502,0.016238071035409096,5.183734135967621,14.214610967121626,0.9232714504993046,0.515634471082499,0.0,0.00906874047195454,0.04881682193904846,1.2473814411825088,0.004450586563364462,29.383956382254773,1.0,15.833333333333334,-0.2552189524562864,0.6160220038178005,0.5219394203908468,0.06329344757053458,3.8192394862754973,0.0,-0.40433683710756985,0.1496681392698326,0.2360892814256972,Insurance—Property & Casualty,Financial Services,AXS
2017Q1,2017,Q1,2017-05-05,2017-03-31,19855000.0,987069000.0,0.0,0.06,987069000.0,1.0,21246967000.0,6230365000.0,17146843000.0,14024000000.0,15016602000.0,0.0,6499262000.0,5766054660.0,17452306660.0,72.42757666643416,1.2226784797490018,0.046746860387179026,0.1594174659109057,0.0,72.42757666643416,0.0031868116875977573,5.8415922899007064,72.6020480987157,0.9254762216980867,2.6885922941324605,0.0,0.009257976753206845,0.0464569366535939,1.290344980034227,0.0009344863198592063,-159.01532390171258,1.0,-0.9594594594594594,-0.7862723206378158,0.47651069420924846,0.5442971722433616,-0.060875199324105754,-0.8666626373331184,0.0,-0.829059244514686,0.20534248922923548,0.3554793375179521,Insurance—Property & Casualty,Financial Services,AXS
2016Q4,2016,Q4,2017-02-27,2016-12-31,148908000.0,1051052000.0,0.0,1.48,1051052000.0,1.0,20813691000.0,6272370000.0,16812513000.0,13548000000.0,14541321000.0,0.0,6527627000.0,5714519040.0,17831294040.0,71.64165296052632,1.2409590345438442,0.04770657928956474,0.15830539333617116,0.0,71.64165296052632,0.023740308687146962,5.436951777837823,9.594043033282295,0.9110621726715739,0.27951486824079297,0.0,0.00728355259798032,0.05049810723143723,1.3242058606436375,0.007154329330631458,40.409853621282195,1.0,-0.24489795918367346,1.3960820220338204,0.5247754874986181,0.6552350531064888,-0.023441811718490135,-0.20204916056223307,0.0,0.037598372655519026,0.2502155002555737,0.36384777984954403,Insurance—Property & Casualty,Financial Services,AXS
2016Q3,2016,Q3,2016-10-27,2016-09-30,186613000.0,1076282000.0,0.0,1.96,1076282000.0,1.0,21222391000.0,6025658000.0,17085567000.0,14204000000.0,15196733000.0,0.0,6430573000.0,4869108930.0,17264622930.0,67.23488914428538,1.2028701070121093,0.04677291074318629,0.16473437423763512,0.0,67.23488914428538,0.03096972977888888,4.524008512638881,6.523003394725983,0.8080626099257542,0.2212707582001254,0.0,0.008480401772403971,0.05071445531278733,1.281637496479865,0.00879321279115063,24.012491394360225,1.0,0.5193798449612402,0.18540406263829354,0.595630260308854,0.5810118002904131,-0.03510542924765115,0.44147226942685,0.0,0.5437112438439516,0.3576718378674264,0.297295320935918,Insurance—Property & Casualty,Financial Services,AXS
2016Q2,2016,Q2,2016-07-27,2016-06-30,129460000.0,1115440000.0,0.0,1.29,1115440000.0,1.0,21249440000.0,5964183000.0,17215674000.0,14293000000.0,15285257000.0,0.0,6285803000.0,5055930000.0,17486019000.0,64.88026238496181,1.2044828937242007,0.046700571873894085,0.16638674567832676,0.0,64.88026238496181,0.0217062420787558,4.53267768772861,9.763498377877337,0.8477154373029803,0.32966939595241773,0.0,0.008441374781691994,0.0524926774540882,1.2772223466032324,0.006092395846667018,65.8444247649311,1.0,2.1463414634146347,0.585100011634541,0.5406885780900164,0.5101835461403326,0.26155735785934264,1.6755673128590916,0.0,0.937113435140201,0.323327033841355,0.3433795138715555,Insurance—Property & Casualty,Financial Services,AXS
2016Q1,2016,Q1,2016-04-28,2016-03-31,48386000.0,884177000.0,0.0,0.41,884177000.0,1.0,20978190000.0,5950259000.0,17099881000.0,14036000000.0,15027931000.0,0.0,6198932000.0,5215181100.0,17934885100.0,63.27706704950285,1.2182873325733827,0.04729154421806648,0.16673072550287307,0.0,63.27706704950285,0.008131746870178256,5.89834512772895,26.945713119497373,0.8764628732967759,0.9638945149423387,0.0,0.008942930093070017,0.04214743979342355,1.2939464234824736,0.0023064906934297,-365.9776210526316,1.0,-0.7320261437908497,1.155724226516708,0.14631184763621438,0.38210005956709353,-0.11915172562884858,-0.665826386634713,0.0,-0.8067318919995906,0.03519931656957354,0.25730485637267486,Insurance—Property & Casualty,Financial Services,AXS
2015Q4,2015,Q4,2016-02-25,2015-12-31,144793000.0,1003779000.0,0.0,1.53,1003779000.0,1.0,19981891000.0,5866882000.0,16330854000.0,13123000000.0,14115009000.0,0.0,6194353000.0,5286647700.0,17642492700.0,62.39040782687297,1.2444451725977292,0.04963619309103428,0.1690548744631305,0.0,62.39040782687297,0.02467971914212694,5.266744671884947,9.12794074989813,0.9011000562138458,0.269785141546898,0.0,0.00738899246113941,0.050234434768961556,1.3338514059285225,0.007246211081824038,59.89178316528832,1.0,-0.388,-0.3619897980317225,0.28266306251854967,0.25725383736871094,-0.16651457467523031,-0.4380070019639655,0.0,19.508410990832516,0.33064539746128574,0.27288171779580633,Insurance—Property & Casualty,Financial Services,AXS
2015Q3,2015,Q3,2015-10-29,2015-09-30,257642000.0,1204315000.0,0.0,2.5,1204315000.0,1.0,20557341000.0,5826366000.0,16927488000.0,13739000000.0,14730975000.0,0.0,6093897000.0,5276700720.0,18111913720.0,59.31592450064138,1.2320756969211732,0.048233961775503945,0.17018532649682494,0.0,59.31592450064138,0.044220016387573315,4.381495472530028,5.120186848417572,0.9056589853778495,0.1570512571708029,0.0,0.007668238573136284,0.05858320879144827,1.3186135817745106,0.012532846538859282,8.98440149969863,1.0,2.9682539682539684,0.26982515105400257,0.5530142768958466,0.2178806971806717,0.204287301392068,2.511496367774734,0.0,0.36856748438686926,0.45906505760693134,0.22684958867818003,Insurance—Property & Casualty,Financial Services,AXS
2015Q2,2015,Q2,2015-07-29,2015-06-30,73371000.0,1000023000.0,0.0,0.63,1000023000.0,1.0,20704875000.0,5948558000.0,17011674000.0,13765000000.0,14756317000.0,0.0,5875147000.0,5351623380.0,18049065380.0,59.3230348844167,1.235864438794043,0.047877709959610965,0.16664576524260166,0.0,59.3230348844167,0.012334249745904805,5.351500295493204,18.23480455493315,0.8996505337932318,0.5327581742105192,0.0,0.007304138805074135,0.048298915110571786,1.3237752996730838,0.0035436581964392445,37.26964858766505,1.0,-0.5909090909090909,-0.583797867950872,0.4414683154870783,0.3144916631944676,-0.02595952954927314,-0.5575395748530076,0.0,-0.5207920828806827,0.29203993697524244,0.2891825934903629,Insurance—Property & Casualty,Financial Services,AXS
2015Q1,2015,Q1,2015-05-04,2015-03-31,165825000.0,1026675000.0,0.0,1.54,1026675000.0,1.0,20458819000.0,5977163000.0,16830073000.0,14261000000.0,14412584000.0,0.0,5842239000.0,5153357800.0,17800402800.0,59.82547292563307,1.1801467639015497,0.04844096817123217,0.165805249078869,0.0,59.82547292563307,0.027743094842820917,5.019463608249933,7.7692715211819685,0.8621745466871156,0.24197195838986885,0.0,0.007786185542948328,0.05018251542281106,1.2555582357478439,0.00810530656730479,-184.1800500357398,1.0,-0.03750000000000003,0.7580823980934743,0.6112800881248497,0.4266588864384615,-0.05127157839097582,-0.045265333617369174,0.0,0.5368853169734429,0.32227762109888797,0.2755957457015593,Insurance—Property & Casualty,Financial Services,AXS
2014Q4,2014,Q4,2015-02-23,2014-12-31,173687000.0,1082159000.0,0.0,1.6,1082159000.0,1.0,19955736000.0,5821121000.0,16500429000.0,13144000000.0,14075796000.0,0.0,5715504000.0,5132910120.0,18006384120.0,57.94005056336346,1.2553582623250152,0.04964938401670577,0.170206047941625,0.0,57.94005056336346,0.029837380119739822,4.743212522374254,7.3881610598375245,0.8817734797129282,0.21618774001508462,0.0,0.0073153433670488655,0.05422796733731094,1.3347799756542909,0.008703612835928477,40.59529836050015,1.0,-0.40298507462686567,-0.2391120444736045,0.5916959120218969,0.3504910622736595,-0.09073119005967355,-0.3992688308903385,0.0,1.435506418070906,0.3680787235419268,0.3386682008032914,Insurance—Property & Casualty,Financial Services,AXS
2014Q3,2014,Q3,2014-10-31,2014-09-30,289126000.0,1190142000.0,0.0,2.68,1190142000.0,1.0,20965047000.0,5818489000.0,15847967000.0,13657000000.0,15084923000.0,0.0,5581942000.0,4872386850.0,18261121850.0,56.52036524357667,1.160428132093432,0.07109442683338607,0.25616581899527524,0.0,56.52036524357667,0.04969090772535619,4.093954208825502,4.213030694230197,0.8373972778843441,0.13561907265344522,0.0,0.00804759581025468,0.056767914710613335,1.3646975909789851,0.013790858661084805,14.18461490314354,1.0,0.4972067039106146,5.468583870697777,2.529479648035411,0.4439106984263552,0.0435210336464692,0.44068843865541196,0.0,0.5988811855493699,0.5360646547184995,0.3290624189928323,Insurance—Property & Casualty,Financial Services,AXS
2014Q2,2014,Q2,2014-07-31,2014-06-30,200686000.0,1140506000.0,0.0,1.79,1140506000.0,1.0,21446457000.0,5955710000.0,16065906000.0,14001000000.0,15437952000.0,0.0,5331199000.0,4654625040.0,18544849040.0,56.657375520843246,1.147482751232055,0.06949525509038626,0.25025177518717334,0.0,56.657375520843246,0.033696402276135004,4.081192944184424,5.798392812652602,0.7815399070807678,0.20610804939059027,0.0,0.008886430087180557,0.053179226759925896,1.3540076423112635,0.00935753630541399,19.31580056022409,1.0,0.44354838709677424,0.5629788537961493,0.9148938847970293,0.5909499358586989,0.09858191688773044,0.36290229475242614,0.0,1.1488169297178419,0.3776138380446526,0.31878375847788876,Insurance—Property & Casualty,Financial Services,AXS
2014Q1,2014,Q1,2014-05-01,2014-03-31,147249000.0,1038162000.0,0.0,1.24,1038162000.0,1.0,20997634000.0,5827049000.0,15594547000.0,13681000000.0,15119363000.0,0.0,5170948000.0,5000080050.0,18385575050.0,53.433183864726324,1.1398689423287771,0.07096980545522415,0.2557380245129224,0.0,53.433183864726324,0.025269909348625694,4.816281129534697,8.489157905995965,0.8580810029227488,0.2688235573756019,0.0,0.007916673254061202,0.049441856163413456,1.3598499378700388,0.007012647234445557,33.05444674352804,1.0,-0.1842105263157895,0.48450066573957934,0.829151963635566,0.6330953194092642,-0.023840709645449955,-0.18892971043630094,0.0,1.4086398601493464,0.16059476540217824,0.16708959573811247,Insurance—Property & Casualty,Financial Services,AXS
2013Q4,2013,Q4,2014-02-21,2013-12-31,181549000.0,1063517000.0,0.0,1.52,1063517000.0,1.0,19634784000.0,5817962000.0,14598610000.0,12821000000.0,13766822000.0,0.0,5062706000.0,5268710490.0,18075765490.0,52.5290681401627,1.138648311364168,0.05071891801814576,0.1711690451054854,0.0,52.5290681401627,0.03120491333563196,4.954044448748821,7.255218274405257,0.9055938299356372,0.20945860346242612,0.0,0.007217515570873586,0.054164945231890506,1.355208486077529,0.009246294738969372,25.28875833965307,1.0,0.25619834710743805,0.6068561129762275,1.2762743538645362,0.6169054533985635,0.07662163858485485,0.20522454940750823,0.0,-0.32080846733440227,0.15381787875468986,0.058534072671602135,Insurance—Property & Casualty,Financial Services,AXS
2013Q3,2013,Q3,2013-10-31,2013-09-30,150635000.0,987828000.0,0.0,1.21,987828000.0,1.0,19932949000.0,5787829000.0,14955278000.0,13149000000.0,14145120000.0,0.0,4921716000.0,4836687560.0,17502909560.0,51.82697267094094,1.1373699901133165,0.049952417978895144,0.1720332442440853,0.0,51.82697267094094,0.0260261662879121,4.896285142757646,8.027164271251701,0.835665248575934,0.2557838483752116,0.0,0.007966195773869669,0.04955754414462205,1.3453286181458666,0.007557085507016548,11.20366073207229,1.0,0.9516129032258064,1.7826786008865165,0.9328007282651171,0.5694442605294623,-0.06453467174885769,0.7991639295312033,0.0,-0.3469901028131457,0.12042629737510382,0.06411676359468473,Insurance—Property & Casualty,Financial Services,AXS
2013Q2,2013,Q2,2013-07-31,2013-06-30,83725000.0,1055975000.0,0.0,0.62,1055975000.0,1.0,19846313000.0,5561947000.0,14822699000.0,13288000000.0,14284366000.0,0.0,4813687000.0,5285981700.0,17580333700.0,48.296301763587266,1.1154951083684528,0.05016276826834284,0.1789923564535944,0.0,48.296301763587266,0.015053181916332536,5.005782996756552,15.783761421319795,0.9503833279964731,0.46738727978501043,0.0,0.007402976820748358,0.053207615943576016,1.321894641782059,0.004218667719288716,22.367046363332474,1.0,-0.7568627450980392,-0.5697132321474943,0.6080891357150177,0.30608890984481685,-0.00651706366156052,-0.7312690775684706,0.0,-0.5864667939756004,0.32533027371315376,0.07015910691440931,Insurance—Property & Casualty,Financial Services,AXS
2013Q1,2013,Q1,2013-04-26,2013-03-31,311557000.0,1062902000.0,0.0,2.55,1062902000.0,1.0,19710942000.0,5889430000.0,14788598000.0,12827000000.0,13821512000.0,0.0,4769764000.0,4864604540.0,17750106540.0,50.3275452479021,1.1529272628050207,0.0504995651653787,0.16901363969008884,0.0,50.3275452479021,0.0529010447530576,4.576719716399066,3.9034627211072133,0.8259890244047388,0.1345821149901944,0.0,0.008619405679377176,0.053924464898734925,1.3650088095423716,0.015806296827416976,22.052597522111057,1.0,31.651467889908258,0.5443227702578104,0.6637795645737734,0.3420779923387603,0.12363919293490326,32.759123343527015,0.0,1.8201238138031042,0.4242057021906695,0.20016167276781302,Insurance—Property & Casualty,Financial Services,AXS
2012Q4,2012,Q4,2013-02-22,2012-12-31,-9810000.0,945946000.0,0.0,-0.08319340558693329,945946000.0,1.0,18852344000.0,5779761000.0,14162687000.0,12078000000.0,13072583000.0,0.0,4497789000.0,4084679520.0,17023564520.0,49.015086755202766,1.1726020036429872,0.052791578596274286,0.17219483643008768,0.0,49.015086755202766,-0.001697302016467463,4.318089531537741,-104.09478899082569,0.706721181031534,-3.787869520897044,0.0,0.009097164127089217,0.05017657220767879,1.3992704090081138,-0.0005203596963857651,17.561111961409814,1.0,-1.045710662410403,-1.037794052124207,0.42676199886000815,0.36099757100413415,-0.0706348044537408,-1.0422575253717457,0.0,-1.0366159288354793,0.18544940402925433,0.14246425289323622,Insurance—Property & Casualty,Financial Services,AXS
2012Q3,2012,Q3,2012-11-01,2012-09-30,232148000.0,1017841000.0,0.0,1.82,1017841000.0,1.0,18897781000.0,5856268000.0,14306595000.0,12047000000.0,13041513000.0,0.0,4576381000.0,4278205640.0,5404172640.0,48.348163497816344,1.1875649539304391,0.05265681722102717,0.16991999000045763,0.0,48.348163497816344,0.03964094539389249,4.203216062233689,4.607196314420111,0.7305344700754814,0.19468614849147958,0.0,0.010564242068550963,0.05386034476746238,0.1521597908192911,0.012284405243134101,10.079196435933742,1.0,0.3481481481481481,0.008316468608291397,0.5336860507630794,0.4361391613298268,0.06495904812525373,0.22786751716331863,0.0,4.049383241043113,1.5654061887335355,0.2351376397323849,Insurance—Property & Casualty,Financial Services,AXS
2012Q2,2012,Q2,2012-08-01,2012-06-30,189066000.0,955756000.0,0.0,1.35,955756000.0,1.0,18721412000.0,5697840000.0,15644938000.0,12029000000.0,13023572000.0,0.0,4383405000.0,4030438649.9999995,5143888650.0,46.01600671926863,1.3006017125280571,0.05314508328752126,0.17461897841989246,0.0,46.01600671926863,0.03318204793395392,4.217016320064953,5.329406992796166,0.7073625531780464,0.18376122623845642,0.0,0.008620153540855907,0.05105149120162518,0.14286590739047303,0.010098917752571226,13.993655453286067,1.0,0.40625000000000017,-0.12754538752722894,0.43131985531300804,0.460971416271744,-0.022251503058290118,0.39185936085160894,0.0,0.2500437956318371,0.36229115954660646,0.29213826559194456,Insurance—Property & Casualty,Financial Services,AXS
2012Q1,2012,Q1,2012-04-27,2012-03-31,135837000.0,977507000.0,0.0,0.96,977507000.0,1.0,19025600000.0,5899179000.0,15939340000.0,12131000000.0,13126421000.0,0.0,4246354000.0,4172188940.0,4964973940.0,46.90002544084209,1.313934547852609,0.05228775965015558,0.168634652381289,0.0,46.90002544084209,0.023026424524497394,4.268193414471712,7.6786680727636805,0.7072490833046429,0.30637455185258805,0.0,0.009974859863369465,0.05137851105878395,0.16015110048635728,0.007139695988562778,23.76760380765747,1.0,0.37142857142857144,-0.31389247379855706,0.4382932553663164,0.5199689959711719,-0.012927278253555203,0.5214206511877961,0.0,0.18731306154290522,0.49321951386732266,0.4334203296123748,Insurance—Property & Casualty,Financial Services,AXS
2011Q4,2011,Q4,2012-02-22,2011-12-31,89283000.0,990309000.0,0.0,0.7,990309000.0,1.0,17806059000.0,5444079000.0,14862577000.0,11367000000.0,12361980000.0,0.0,4155392000.0,4019992720.0,15800376720.0,43.2818606795885,1.3075197501539544,0.05586098529719575,0.1827056514058668,0.0,43.2818606795885,0.016400019176797398,4.059331703538996,11.256321808182967,0.7384155740576137,0.44129341531982574,0.0,0.009801012773973381,0.05561640562911759,1.4106569895310987,0.005014192079224268,20.250934315320716,1.0,-0.5783132530120482,-0.6320058748962338,0.4628765612656457,0.47553614590347615,0.04451846375017008,-0.5965102563754932,0.0,-0.30416769017760564,0.8663950879117626,0.3322657158000507,Insurance—Property & Casualty,Financial Services,AXS
2011Q3,2011,Q3,2011-11-02,2011-09-30,221277000.0,948101000.0,0.0,1.66,948101000.0,1.0,17943930000.0,5357105000.0,14697868000.0,11592000000.0,12586825000.0,0.0,4105216000.0,3267687740.0,3476130740.0,42.526494193107936,1.267932022084196,0.055423923298853706,0.1856456052289436,0.0,42.526494193107936,0.04130533189101203,3.4465607989022264,3.6918519999819233,0.6099726886069995,0.16996343948987017,0.0,0.011509361662568161,0.05283686461104117,0.10926535541752933,0.012331579536924186,8.179873635410122,1.0,1.10126582278481,0.1182168832079866,0.42677553768152804,0.5392708782105584,-0.030209638566540683,1.0063742780200748,0.0,2.019255623112572,0.6445596340516083,0.2878036048058643,Insurance—Property & Casualty,Financial Services,AXS
2011Q2,2011,Q2,2011-08-04,2011-06-30,110287000.0,977635000.0,0.0,0.79,977635000.0,1.0,18196848000.0,5332939000.0,15076409000.0,11870000000.0,12863909000.0,0.0,3923395000.0,3843126720.0,4153988720.0,42.96183901008604,1.2701271272114574,0.054645892519407754,0.18646059893053343,0.0,42.96183901008604,0.020680341552753556,3.9310445309343467,8.711649423776148,0.7206395422861578,1.1586315703573404,0.0,0.033249489103497475,0.05372551334165126,0.2651646166807077,0.006060774921019288,12.221158857106515,1.0,1.2330383480825957,-0.42800376102346194,0.549094289331634,0.6849055549298539,0.051488390052088544,1.2944590845862,0.0,-0.4741566633952459,0.38121866831541495,0.16182770582067882,Insurance—Property & Casualty,Financial Services,AXS
2011Q1,2011,Q1,2011-04-29,2011-03-31,-374541000.0,929763000.0,0.0,-3.39,929763000.0,1.0,17673924000.0,5189580000.0,14758682000.0,11499000000.0,12484344000.0,0.0,3853076000.0,3958216920.0,4121708920.0,45.78327496007975,1.2834752587181495,0.05625496635608482,0.19158506083343932,0.0,45.78327496007975,-0.07217173644109928,4.2572321333501115,-2.642045143255345,0.7627239429780445,-0.10289661211990142,0.0,0.009736454767112662,0.05260648399302837,0.10346908426819723,-0.021191728560109233,14.254136534036277,1.0,-2.406639004149378,-3.4088600549173775,0.7085032666272522,0.8753554640627171,-0.014376805448811385,-2.369126559975435,0.0,-2.916646796878804,0.5025086513070602,0.22089653764065884,Insurance—Property & Casualty,Financial Services,AXS
2010Q4,2010,Q4,2011-02-18,2010-12-31,273562000.0,943325000.0,0.0,2.41,943325000.0,1.0,16445731000.0,5624970000.0,17375246000.0,9827000000.0,10820761000.0,0.0,4267608000.0,4067033880.0000005,4843894880.0,49.62435267443605,1.7681129541060343,0.06167928929398152,0.18033180621407757,0.0,49.62435267443605,0.0486335038231315,4.3113814220973685,3.716738691777367,0.7230321015045413,0.12586177904825963,0.0,0.008465874889638243,0.05735987047337695,0.1748136766052712,0.016634225623658808,12.675534209943995,1.0,0.353932584269663,0.5149222923651626,0.6456612214698986,1.1095915891245298,-0.005023795259511775,0.10280577279690398,0.0,0.09638975609758571,0.4801348401878362,0.37791500380015136,Insurance—Property & Casualty,Financial Services,AXS
2010Q3,2010,Q3,2010-11-02,2010-09-30,248060000.0,948088000.0,0.0,1.78,948088000.0,1.0,16846530000.0,5848938000.0,17904394000.0,10004000000.0,10997592000.0,0.0,4033018000.0,3955797539.9999995,4645407540.0,48.70421596955642,1.7897235105957616,0.0644263239966925,0.18556531117272915,0.0,48.70421596955642,0.04241111805254219,4.172394904270489,3.986734600499879,0.6763274871438198,0.14056679835523664,0.0,0.008814657385119868,0.056277939730021556,0.18120111955217913,0.014724694046785896,12.035480135573417,1.0,0.17880794701986755,1.622207815500812,0.6426694997775186,1.391362567256289,0.12539779950548818,0.15877442530749145,0.0,0.08672373654254002,0.44090608779229834,0.4467153830756084,Insurance—Property & Casualty,Financial Services,AXS
2010Q2,2010,Q2,2010-08-04,2010-06-30,214071000.0,842447000.0,0.0,1.51,842447000.0,1.0,16558280000.0,5495302000.0,17650896000.0,10069000000.0,11062978000.0,0.0,3824111000.0,3618885520.0,4278758520.0,45.13001987418491,1.7529939418015692,0.06483233765825919,0.19535086515718336,0.0,45.13001987418491,0.038955274887531206,4.2956833130155365,4.22626782702935,0.6585416998010301,0.16474907857673388,0.0,0.009745541771103056,0.050877687779165466,0.185348991955507,0.012928335551760208,17.846363152184633,1.0,0.9113924050632911,0.42973938073468476,0.43271713804525547,1.0033404882198647,0.030373783195717288,0.7687286728193603,0.0,0.004529110809233511,0.282943506826328,0.43284204242674923,Insurance—Property & Casualty,Financial Services,AXS
2010Q1,2010,Q1,2010-04-27,2010-03-31,121031000.0,817613000.0,0.0,0.79,817613000.0,1.0,16329170000.0,5376019000.0,16237953000.0,9959000000.0,10953151000.0,0.0,3649770000.0,4007594520.0,4307976520.0,41.93397138890189,1.6304802691033236,0.061047622138785985,0.18542661400564248,0.0,41.93397138890189,0.022513127278754038,4.901578766482431,8.278033148532195,0.7454576555626014,0.3355256091414596,0.0,0.010133011161019353,0.0500707016951872,0.21554272517321016,0.0074119505155497796,11.94649325407945,1.0,-0.6146341463414634,-0.08804653521171922,0.381581729940813,1.0759528326491545,-0.057568551691704405,-0.5844885712127766,0.0,-0.40021663146876857,0.1803180577758036,0.3590256250387361,Insurance—Property & Casualty,Financial Services,AXS
2009Q4,2009,Q4,2010-02-22,2009-12-31,291282000.0,867557000.0,0.0,2.05,867557000.0,1.0,15306524000.0,5500244000.0,15215019000.0,9307000000.0,9806280000.0,0.0,3569411000.0,3642218820.0,4052454820.0,42.90295003198078,1.6347930589878585,0.03263157592148289,0.09080978952933724,0.0,42.90295003198078,0.05295801422627796,4.198247285192789,3.126024625620533,0.6621922263812297,0.1269731737628827,0.0,0.010154524433542958,0.05667890371452068,0.17086999032985925,0.019029924756267327,-83.06086248574687,1.0,3.928571428571429,0.8399250011406928,0.6422880242560185,0.9428599432731023,0.9206061411082331,4.360661790156217,0.0,0.17790280026520816,0.2573571895987728,0.4626185784090512,Insurance—Property & Casualty,Financial Services,AXS
2009Q3,2009,Q3,2009-11-03,2009-09-30,-86674000.0,451710000.0,0.0,-0.7,451710000.0,1.0,15919468000.0,5398107000.0,15826419000.0,10022000000.0,10521361000.0,0.0,3319467000.0,4161942720.0,4535723720.0,39.143947963800905,1.579167730991818,0.0413676512305562,0.1219966554942316,0.0,39.143947963800905,-0.016056369390232538,9.213749352460649,-12.004588227150009,0.7710004118110293,-0.40235826199321595,0.0,0.00837925996252058,0.02837469191809676,0.20108830572739972,-0.00544452867394815,9.410539225440008,1.0,-1.660377358490566,-16.268260526557633,-0.12766451793167857,0.9354352734025402,-0.42166388622509926,-1.5147523458843093,0.0,-1.4001034752080694,-0.37905309218329586,0.4168376750095039,Insurance—Property & Casualty,Financial Services,AXS
2009Q2,2009,Q2,2009-08-04,2009-06-30,168380000.0,781051000.0,0.0,1.06,781051000.0,1.0,15378885000.0,4909119000.0,15283827000.0,9971000000.0,10469766000.0,0.0,3447511000.0,3608886820.0,3705574820.0,35.61229316135772,1.5328279009126466,0.04265517298555779,0.13362662424765015,0.0,35.61229316135772,0.03429943336064984,4.620552076624958,5.358247446252524,0.7351394048504426,0.24759472621451478,0.0,0.011552038642209345,0.0507872319742296,0.2062126165881055,0.010948778146139983,17.394237502168927,1.0,0.358974358974359,0.3223444227349116,0.6760464649114825,0.784844594800219,0.09290025032917797,0.34814008230716265,0.0,-0.21360727366051482,0.11445012507594196,0.3966662497216481,Insurance—Property & Casualty,Financial Services,AXS
2009Q1,2009,Q1,2009-04-28,2009-03-31,124898000.0,714659000.0,0.0,0.78,714659000.0,1.0,14777366000.0,4492837000.0,14681986000.0,9786000000.0,10284529000.0,0.0,3282392000.0,3095102640.0,3055934640.0,32.718962102012874,1.5003051297772327,0.03727105358289157,0.12258802177777649,0.0,32.718962102012874,0.027799361517010297,4.330880377914502,6.19526061265993,0.6888971578537125,0.29071722525580873,0.0,0.01173143647346054,0.048361731041919105,0.21568138156550173,0.008451979872461709,12.68661469221121,1.0,-0.17021276595744672,-0.1684464826010758,0.5472741016014488,0.65937547932861,0.2337554272298038,-0.10836182956516772,0.0,-0.33691088277796255,0.08404330932625191,0.3402205152421434,Insurance—Property & Casualty,Financial Services,AXS
2008Q4,2008,Q4,2009-02-25,2008-12-31,140077000.0,579255000.0,0.0,0.94,579255000.0,1.0,14282834000.0,4461041000.0,14222417000.0,9323000000.0,9821793000.0,0.0,3198492000.0,3998641920.0,3292510920.0,32.48740860496956,1.525519360720798,0.03496280920159123,0.11193979163159451,0.0,32.48740860496956,0.03140007007333042,6.9030770904006005,7.1365069211933445,0.8963472696171141,0.24939140615518607,0.0,0.008736466205005922,0.040556026906144814,0.24336533304730237,0.009807367361407407,13.442213877748605,1.0,1.5251396648044693,-0.030836760356667103,0.4795393238586244,0.758412917142847,-0.0916040949208679,1.5833430503731343,0.0,-0.3596673745012552,-0.16583282833126814,0.3810792534690634,Insurance—Property & Casualty,Financial Services,AXS
2008Q3,2008,Q3,2008-10-29,2008-09-30,-240128000.0,637668000.0,0.0,-1.79,637668000.0,1.0,15175454000.0,4601190000.0,15114728000.0,10075000000.0,10574264000.0,0.0,3097487000.0,4418312850.0,4134348850.0,33.02249973086446,1.500221141439206,0.03290458394193676,0.10852453387058565,0.0,33.02249973086446,-0.05218823826010228,6.928860864901485,-4.599955908931903,0.9602543798452141,-0.14615121934968017,0.0,0.007943077186125469,0.04201969838925412,0.21147464019851117,-0.01582344752255847,9.030953763073823,1.0,-2.2176870748299318,-2.775811729639807,0.6517066200634073,0.8656221852755474,-0.21429689165328755,-1.9985113478539291,0.0,0.4808752134415969,-0.047760031061886,0.6213949482932075,Insurance—Property & Casualty,Financial Services,AXS
2008Q2,2008,Q2,2008-08-05,2008-06-30,240486000.0,811589000.0,0.0,1.47,811589000.0,1.0,15606389000.0,5263162000.0,15545354000.0,9844000000.0,10343227000.0,0.0,3377051000.0,4242946730.0,4372071730.0,36.97780556863131,1.5791704591629419,0.03199426850118884,0.09486977600157472,0.0,36.97780556863131,0.0456923043600026,5.227950021501031,4.410804298379115,0.806159249895785,0.15216270385802083,0.0,0.008624430691355864,0.05200363774092777,0.19381643640796425,0.01540945826738011,1.4045395134730563,1.0,-0.006756756756756763,0.9587213033678944,1.0630246179792127,1.2814511763969951,0.03787475766395728,-0.026139847169971774,0.0,0.3740713265373328,0.18079486674397285,0.6414602800459993,Insurance—Property & Casualty,Financial Services,AXS
2008Q1,2008,Q1,2008-04-29,2008-03-31,246941000.0,781972000.0,0.0,1.48,781972000.0,1.0,15640194000.0,5371422000.0,15578850000.0,9770000000.0,10268772000.0,0.0,3176654000.0,4867261220.0,4439859220.0,37.499717255775316,1.5945598771750256,0.03192338918558171,0.0929526669101776,0.0,37.499717255775316,0.04597311475434252,6.224342073629235,4.927554780291648,0.9061401654906278,0.1482985814425308,0.0,0.007523943824819001,0.04999758954396601,0.5490184237461617,0.01578887064955844,-2.1330179861569434,1.0,-0.24873096446700507,1.225289611943629,1.314850202786215,1.4952630012581236,-0.029053690783502263,-0.216811184198007,0.0,0.6653394825618867,0.18264259263710172,0.8564338573777931,Insurance—Property & Casualty,Financial Services,AXS
2007Q4,2007,Q4,2008-02-26,2007-12-31,315302000.0,805371000.0,0.0,1.97,805371000.0,1.0,14675309000.0,5158622000.0,14613656000.0,9018000000.0,9516687000.0,0.0,2968900000.0,5582023830.0,5394350830.0,36.014088341862205,1.6204985584386782,0.03402047616169445,0.09678185375862003,0.0,36.014088341862205,0.061121361479868075,6.930996807682422,4.425934366099803,1.082076537106227,0.1161489619475931,0.0,0.006560702912656681,0.05487932145074424,0.5257251053448658,0.02148520348021292,-2.0573929198268877,1.0,0.193939393939394,1.091301698336341,0.972025708097789,0.9492979236813295,0.0010005394212531974,0.1296409749316595,0.0,0.7825705135553748,0.3645228574592144,0.6308978655487679,Insurance—Property & Casualty,Financial Services,AXS
2007Q3,2007,Q3,2007-10-30,2007-09-30,279117000.0,804566000.0,0.0,1.65,804566000.0,1.0,14711904000.0,4943592000.0,14649937000.0,9269000000.0,9768312000.0,0.0,2690742000.0,5793035250.0,5073846250.0,33.66537505533045,1.58053047793721,0.03393401697020318,0.10098608461216055,0.0,33.66537505533045,0.056460363233859105,7.200198927123443,5.188715887960963,1.171827135006287,0.13089492936653804,0.0,0.006306711149392712,0.054688094756463884,0.5663815945625202,0.018972187420472564,-1.1538437522220768,1.0,0.0927152317880794,0.9585806679368429,0.9774295519725481,0.9019417394420959,0.0011236052922680277,0.07016824121219557,0.0,45.17476677121693,0.4591609822860867,0.6645524471539723,Insurance—Property & Casualty,Financial Services,AXS
2007Q2,2007,Q2,2007-08-07,2007-06-30,260816000.0,803663000.0,0.0,1.51,803663000.0,1.0,14928974000.0,4693882000.0,14866463000.0,9736000000.0,10235092000.0,0.0,2448711000.0,6057947550.0,5825888550.0,31.49685627436639,1.5269579909613804,0.033438801621598374,0.10635269484831532,0.0,31.49685627436639,0.05556509516004024,7.537920185450867,5.806725383028648,1.2906049939048319,0.14208100730016562,0.0,0.006117088286774619,0.05383243349475992,0.6129970213640099,0.01747045711245796,16.07262072478649,1.0,0.10218978102189773,1.0288863596635434,0.9511150406409192,0.9432883778511368,-0.011271798972718605,0.10149799605546006,0.0,0.8946411855662331,0.5952152648919545,0.5785839294253114,Insurance—Property & Casualty,Financial Services,AXS
2007Q1,2007,Q1,2007-05-02,2007-03-31,236783000.0,812825000.0,0.0,1.37,812825000.0,1.0,14612437000.0,4641747000.0,14583651000.0,9472000000.0,9970690000.0,0.0,2225474000.0,5093661380.0,3502007380.0,30.855909275225514,1.5396591005067568,0.03416131066980819,0.10754140628517668,0.0,30.855909275225514,0.05101161265359788,6.266615052440562,5.3779846737308,1.0973586841333662,0.15958493641857735,0.0,0.007418435812865126,0.055625560609773715,0.650703758445946,0.016204210153309813,16.717849903506583,1.0,-0.21714285714285708,1.0317114150696158,1.2911150939685136,1.053178381572726,0.003943767044780839,-0.18398525002584692,0.0,0.43900819459865553,0.606362174885105,0.5648888581507759,Insurance—Property & Casualty,Financial Services,AXS
