Quarters,Year,Quarter,FillingDate,Date,NetIncome,Revenue,OperatingIncome,EPSDiluted,GrossProfit,GrossProfitRatio,TotalAssets,CommonStockEquity,CurrentAssets,CurrentLiability,TotalLiability,Inventory,RetainedEarnings,MarketCap,EnterpriseValue,bookValuePerShare,currentRatio,debtToAssets,debtToEquity,roic,shareholdersEquityPerShare,roe,priceToSalesRatio,peRatio,pbRatio,payoutRatio,inventoryTurnover,dividendYield,assetTurnover,quickRatio,returnOnAssets,priceToFreeCashFlowsRatio,grossProfitMargin,epsdilutedGrowth,fiveYNetIncomeGrowthPerShare,fiveYRevenueGrowthPerShare,fiveYShareholdersEquityGrowthPerShare,grossProfitGrowth,netIncomeGrowth,operatingIncomeGrowth,threeYNetIncomeGrowthPerShare,threeYRevenueGrowthPerShare,threeYShareholdersEquityGrowthPerShare,Industry,Sector,Symbol
2023Q1,2023,Q1,2023-05-15,2023-03-31,605000.0,57253000.0,4871000.0,0.01,21611000.0,0.3774649363,834631000.0,389622000.0,98819000.0,44874000.0,404222000.0,0.0,-225274000.0,1171961310.0,1452526310.0,3.3610993693981244,2.2021437803627935,0.36616780349639544,0.7843884585572684,-0.027790395165606552,3.3610993693981244,0.001552787060278937,20.469867255864322,484.28153305785116,3.007944392257111,5.747107438016529,0.0,0.002966821490037073,0.06859678109248278,1.9613139011454295,0.0007248712305198345,57.83750234417411,0.3774649363352139,-0.95,-0.9967558725338808,-0.9527059731889764,-0.8484259247162521,1.6011070315976859,-0.8696963170363988,-0.15915760400483342,-0.9215042788646314,0.337335935154341,0.005006744480269469,Asset Management,Financial Services,PX
2022Q4,2022,Q4,2023-03-27,2022-12-31,4643000.0,58345000.0,5793000.0,0.2,-35952000.0,-0.6161967606,826360000.0,393138000.0,86812000.0,39743000.0,392477000.0,0.0,-225879000.0,1245733170.0,1533494170.0,3.367320194259578,2.184334348187102,0.3949126288784549,0.8300901973352869,0.02111166991013054,3.367320194259578,0.011810102305043013,21.35115554032051,67.07587604996769,3.1686918334020113,0.749730777514538,0.0,0.0027943383734415615,0.07060482114332736,2.0044284528092997,0.005618616583571325,71.89549085242685,-0.6161967606478704,3.0000000000000004,-0.6554695141148618,-0.9516180787710198,-0.8400310281991603,-2.382131324004306,-0.17340217197792415,-0.4353801169590643,-0.7740499450076053,1.3716759419691007,5.592476801546041,Asset Management,Financial Services,PX
2022Q3,2022,Q3,2022-11-14,2022-09-30,5617000.0,49996000.0,10260000.0,0.05,26012000.0,0.5202816225,648287000.0,407212000.0,60529000.0,21126000.0,241075000.0,-3596000.0,-230521000.0,1233049200.0,1446900200.0,3.4742086852657623,2.865142478462558,0.35981903076877986,0.572836753337328,0.010867562414491935,3.4742086852657623,0.013793797825211437,24.662957036562926,54.88023856150971,3.0280276612673496,0.6277372262773723,-6.669632925472747,0.002859577703793166,0.07712016437164404,2.8013821830919245,0.008664372415303715,60.35778550100348,0.5202816225298024,-0.4444444444444444,-0.967328727887587,-0.9583005149675191,-0.8413648325158398,-0.10064654427272413,-0.4964138425676887,-0.3492737997082514,85.37527419319696,2.2489951199024905,0.0,Asset Management,Financial Services,PX
2022Q2,2022,Q2,2022-08-15,2022-06-30,11154000.0,46738000.0,15767000.0,0.09,28923000.0,0.6188326415,654914000.0,402290000.0,58439000.0,24991000.0,252624000.0,0.0,-236139000.0,1303186160.0,1546558160.0,3.4327135579770123,2.3384018246568763,0.4076642124004068,0.6636630291580701,0.017076708780525952,3.4327135579770123,0.0277262671207338,27.882796867645173,29.208942083557467,3.2394197220910286,0.31513358436435357,0.0,0.0026972355200580093,0.0713650952644164,2.359289344163899,0.01703124379689547,86.15537220679624,0.6188326415336557,0.4040561622464897,-0.9330884591915009,-0.9598332491431342,-0.8312732911761975,-0.33173910029805226,0.43146817248459957,0.3588727053348272,7.711281269092438,2.023560656693342,0.0,Asset Management,Financial Services,PX
2022Q1,2022,Q1,2022-05-13,2022-03-31,7792000.0,43281000.0,11603000.0,0.0641,43281000.0,1.0,655528000.0,391935000.0,49921000.0,23786000.0,263593000.0,-4055000.0,-247293000.0,1420379160.0,1599710160.0,3.3443550382702036,2.098755570503658,0.30965267692608095,0.5179073060584025,0.014047724702467049,3.3443550382702036,0.019880847589523774,32.817614195605465,45.571713295687886,3.6240171457001797,0.0,0.0,0.0,0.06602463967976958,2.0139577902968133,0.011886601335106967,193.93489350081921,1.0,3.968992248062016,-0.9512633340511379,-0.9613980366572293,-0.8275258825081631,-0.05154164749194662,4.170537491705375,4.933220338983051,0.0,0.0,0.0,Asset Management,Financial Services,PX
2021Q4,2021,Q4,2022-03-21,2021-12-31,1507000.0,45633000.0,-2950000.0,0.0129,45633000.0,1.0,676217000.0,395164000.0,66004000.0,120553000.0,281053000.0,0.0,-255085000.0,1637835232.0800002,1825115232.0800002,3.372984419796729,0.5475102237190281,0.33745972077010783,0.577471632031258,0.0007980435415026316,3.372984419796729,0.003813606502616635,35.89146521333246,271.70458395487725,4.144697472644269,1.0570670205706703,0.0,0.0009726253097980676,0.06748277549958076,0.4867485670203147,0.0022285745552093486,198.1891616747338,1.0,-0.5783211297071129,-0.9909612326595406,-0.9579719191330133,-0.8083498601594524,0.0,-0.6304561059342815,-1.267258561333575,-0.9269156159068864,0.8485376326662885,5.603566116876388,Asset Management,Financial Services,PX
2021Q3,2021,Q3,2021-11-22,2021-09-30,4078000.0,38145000.0,11038000.0,0.030592,0.0,0.0,644246000.0,69070000.0,44973000.0,309753000.0,575176000.0,0.0,-256482000.0,1415239599.68,1717226599.68,0.5895578389614441,0.14518987709562134,0.5023593472058809,4.685724627189807,0.019238798581599215,0.5895578389614441,0.0590415520486463,37.101575558526676,86.76064245218244,20.489931948458086,0.0002452182442373713,0.0,7.065941344674853e-07,0.059208749452848757,0.11362924652868577,0.006329880201041217,61.449333493117976,0.0,0.7995294117647058,-0.9707078503468375,-0.965801144305317,-0.9679337861534025,0.0,0.6490093004448039,0.29159840861221625,-0.978294578019218,-0.9690487801696576,-0.9728053202540033,Asset Management,Financial Services,PX
2021Q2,2021,Q2,2021-06-30,2021-06-30,2473000.0,33988000.0,8546000.0,0.017,0.0,0.0,578496000.0,65026000.0,32210000.0,273875000.0,513470000.0,0.0,-260066000.0,1415239599.68,1688383599.68,0.555039641469623,0.11760839799178457,0.503337966036066,4.477885768769415,0.018064901432274818,0.555039641469623,0.03803094146956602,41.63939036365776,143.06910631621514,21.764211233660383,,0.0,,0.05875235092377475,0.10394888178913737,0.004274878305122248,0.0,0.0,0.0,-0.9849127428235157,-0.9689552998926758,-0.9692048025226478,0.0,0.0,0.0,-0.9873646519162714,-0.9727688105539848,-0.9735399792887517,Asset Management,Financial Services,PX
2020Q4,2020,Q4,2020-12-31,2020-12-31,20620000.0,24686000.0,-232000.0,0.17600525031685213,0.0,0.0,582426000.0,59841000.0,21312000.0,284605000.0,522585000.0,0.0,-264259000.0,1415239599.68,1701203599.68,0.510782259176079,0.07488273220779677,0.5112014230133957,4.975468324392975,0.0027842435227389975,0.510782259176079,0.3445798031450009,57.329644319857415,17.15857904558681,23.64999915910496,0.0,0.0,0.0,0.04238478364633447,0.05950000878410428,0.03540363926060993,-250.84005666075862,0.0,316.2307692307692,-0.8804640739992613,-0.9767278984837049,-0.966645418051169,0.0,316.2307692307692,-1.1056466302367942,0.5248081523889639,-0.9796001129948594,-0.9757346174106636,Asset Management,Financial Services,PX
2020Q3,2020,Q3,2020-09-30,2020-09-30,65000.0,15381000.0,2196000.0,0.0005548177143838694,0.0,0.0,,,,,,,,1415239599.68,,,0.0,0.0,0.0,0.0,,0.0,92.01219684545869,5443.229229538462,0.0,0.0,0.0,0.0,0.0,0.0,0.0,162.35397495468627,0.0,-0.9490992922583606,-0.9996026633506258,-0.9859631969951674,0.0,0.0,-0.94921875,-0.34192388372789934,-0.9996217520301083,-0.9871654208474981,0.0,Asset Management,Financial Services,PX
2020Q2,2020,Q2,2020-06-30,2020-06-30,1280000.0,15453000.0,3337000.0,0.0109,0.0,0.0,,,,,,,,1415239599.68,,,0.0,0.0,0.0,0.0,,0.0,91.58348538665632,276.4139843125,0.0,,0.0,,0.0,0.0,0.0,0.0,0.0,0.0,-0.9897787789261621,-0.9861189317561182,0.0,0.0,0.0,0.0,-0.9923189782603048,-0.9867154142358786,0.0,Asset Management,Financial Services,PX
2018Q3,2018,Q3,2018-11-09,2018-09-30,461000000.0,3024000000.0,669000000.0,1.5826967642262466,1310000000.0,0.4332010582010582,19979000000.0,6232000000.0,3305000000.0,3860000000.0,13747000000.0,622000000.0,13913000000.0,3472577200.0,11069577200.0,21.67916094133199,0.8562176165803109,0.4102807948345763,1.3153080872913991,0.03475511407103605,21.67916094133199,0.07397304236200257,1.1483390211640212,1.8831763557483732,0.5572171373555841,0.5162689804772235,2.7556270096463025,0.0685369932164503,0.15135892687321686,0.6352331606217616,0.023074227939336302,7.072458655804481,0.4332010582010582,-0.04073408577232293,0.06408601183886181,0.0309045937678012,0.03079348314139094,-0.02092675635276532,-0.03958333333333333,-0.02902757619738752,0.14848216803407435,0.12471757674173904,0.46008437147532344,Asset Management,Financial Services,PX
2018Q2,2018,Q2,2018-07-26,2018-06-30,480000000.0,3061000000.0,689000000.0,1.6499040993242269,1338000000.0,0.4371120548840248,19836000000.0,6027000000.0,3164000000.0,3279000000.0,13809000000.0,606000000.0,13690000000.0,3470837680.0,11199837680.0,20.976538436104565,0.9649283318084781,0.41379310344827586,1.3618715778994526,0.03650837611936059,20.976538436104565,0.07964161274265803,1.1338901274093434,1.8077279583333332,0.5758814800066369,0.49375,2.8432343234323434,0.06828322781144867,0.15431538616656584,0.7185117413845684,0.024198427102238355,7.906236173120729,0.4371120548840248,0.03854320610471661,0.10976624078092354,0.044889499038190527,0.046027926882327014,0.012102874432677761,0.03896103896103896,0.055130168453292494,0.562894698029269,0.12116384112918356,0.21761114787591487,Asset Management,Financial Services,PX
2018Q1,2018,Q1,2018-04-26,2018-03-31,462000000.0,2999000000.0,653000000.0,1.5886716023231744,1322000000.0,0.44081360453484497,20592000000.0,6368000000.0,3329000000.0,3534000000.0,14224000000.0,619000000.0,13447000000.0,3469074000.0,11239074000.0,22.17463219291373,0.94199207696661,0.4037975912975913,1.305747487437186,0.0335938058461942,22.17463219291373,0.07255025125628141,1.1567435811937312,1.8772045454545456,0.5447666457286432,0.512987012987013,2.7092084006462036,0.06831794305915642,0.14563908313908314,0.6918505942275043,0.022435897435897436,9.556677685950413,0.44081360453484497,12.918400049517038,0.2182048560621292,0.0706176161562378,0.06424934779006854,0.02242846094354215,13.0,0.026729559748427674,0.11666010406412593,0.09373486086477906,0.27598260192097535,Asset Management,Financial Services,PX
2017Q4,2017,Q4,2018-02-28,2017-12-31,33000000.0,2953000000.0,636000000.0,0.11414182640757625,1293000000.0,0.43785980358956994,20436000000.0,6018000000.0,3285000000.0,3307000000.0,14418000000.0,614000000.0,13224000000.0,3453587440.0,11598587440.0,21.049833329252554,0.9933474448140308,0.4287531806615776,1.4559654370222666,0.0026758849683310403,21.049833329252554,0.005483549351944167,1.1695182661699965,26.163541212121213,0.5738762778331672,6.848484848484849,2.7035830618892507,0.0654392002305869,0.14449990213348993,0.9519201693377684,0.0016147974163241339,6.948868088531187,0.43785980358956994,-0.921401774886827,-0.9169851069750075,0.09876030777832426,0.03355931306920028,0.01811023622047244,-0.9212410501193318,0.01597444089456869,-0.8883992814150378,0.008677312641945841,0.09306023195953499,Asset Management,Financial Services,PX
2017Q3,2017,Q3,2017-10-26,2017-09-30,419000000.0,2922000000.0,626000000.0,1.4522188795386173,1270000000.0,0.4346338124572211,20375000000.0,6256000000.0,3243000000.0,2922000000.0,14119000000.0,587000000.0,13417000000.0,3450700320.0,11996700320.0,21.90062103103755,1.1098562628336757,0.4492269938650307,1.4630754475703325,0.02937543992771457,21.90062103103755,0.06697570332480818,1.1809378234086243,2.0588904057279236,0.5515825319693095,0.5369928400954654,2.8143100511073254,0.06520415542778864,0.14341104294478527,0.8268309377138946,0.020564417177914112,7.279958481012658,0.4346338124572211,0.0303850639705687,0.01729719854610262,0.09970458561276971,0.08583388301914244,0.02750809061488673,0.03201970443349754,0.03642384105960265,-0.10024306428446761,-0.0480212956613235,-0.02196947316567554,Asset Management,Financial Services,PX
2017Q2,2017,Q2,2017-07-27,2017-06-30,406000000.0,2834000000.0,604000000.0,1.4093943422884259,1236000000.0,0.4361326746647848,19965000000.0,5807000000.0,3119000000.0,3043000000.0,14158000000.0,568000000.0,13223000000.0,3447982320.0,11999982320.0,20.34481429707563,1.0249753532697996,0.4551465063861758,1.5648355433097985,0.029304375181791138,20.34481429707563,0.06991561908042018,1.216648666196189,2.123141822660098,0.5937630997072499,0.5541871921182266,2.813380281690141,0.06525555502268353,0.14194840971700476,0.7643772592836017,0.020335587277736038,9.170165744680851,0.4361326746647848,0.041227207363025604,-0.010559143537922774,0.054047295822886976,0.08124263822752037,0.044801352493660185,0.043701799485861184,0.037800687285223365,-0.10736882983226195,-0.06527551248517859,-0.13727212959862892,Asset Management,Financial Services,PX
2017Q1,2017,Q1,2017-04-27,2017-03-31,389000000.0,2728000000.0,582000000.0,1.3535896222475852,1183000000.0,0.4336510263929619,19665000000.0,5529000000.0,3014000000.0,2249000000.0,14136000000.0,561000000.0,13041000000.0,3444491200.0,11882491200.0,19.39047485445746,1.3401511783014672,0.4554792779049072,1.6200036172906493,0.029111414347921624,19.39047485445746,0.07035630312895641,1.2626434017595307,2.2136832904884316,0.6229862904684391,0.5784061696658098,2.7540106951871657,0.06532169395584463,0.13872362064581745,1.0,0.0197813374014747,8.99344960835509,0.4336510263929619,-0.040628352391383266,-0.026220900908200163,0.007513551534358565,-0.02369611985747921,0.014579759862778732,-0.04187192118226601,-0.028380634390651086,-0.105654020831872,-0.07144119230214531,-0.13714737258252727,Asset Management,Financial Services,PX
2016Q4,2016,Q4,2017-03-01,2016-12-31,406000000.0,2644000000.0,599000000.0,1.4109126797957998,1166000000.0,0.4409984871406959,19332000000.0,5021000000.0,2880000000.0,2478000000.0,14311000000.0,550000000.0,12879000000.0,3446291120.0,12003291120.0,17.599697149206595,1.162227602905569,0.4697392923649907,1.8086038637721569,0.03096752941580959,17.599697149206595,0.0808603863772157,1.3034383963691376,2.122100443349754,0.6863754471220872,0.5270935960591133,2.6872727272727275,0.06209574076841192,0.1367680529691703,1.1630347054075867,0.02100144837575005,10.871580820189275,0.4409984871406959,0.19751525846491474,0.021971754957253797,-0.0002614621477803482,-0.03275104648882099,-0.014370245139475908,0.1976401179941003,0.2052313883299799,-0.11432201853556072,-0.09171297289969595,-0.2144340958037449,Asset Management,Financial Services,PX
2016Q3,2016,Q3,2016-10-27,2016-09-30,339000000.0,2716000000.0,497000000.0,1.1782001689101127,1183000000.0,0.43556701030927836,19886000000.0,5245000000.0,3262000000.0,2434000000.0,14641000000.0,538000000.0,12686000000.0,3446146160.0,12055146160.0,18.385639220827475,1.3401807723911257,0.46444734989439806,1.7609151572926596,0.025249248065291083,18.385639220827475,0.0646329837940896,1.2688314285714286,2.5414057227138644,0.6570345395614872,0.6312684365781711,2.849442379182156,0.06209835278721899,0.13657849743538167,0.9556285949055053,0.017047168862516345,8.364432427184466,0.43556701030927836,-0.1512647575209071,-0.16208572254801012,-0.005537542197283124,-0.03326308384128445,-0.011695906432748537,-0.15037593984962405,-0.15476190476190477,-0.2115144779647048,-0.06699349853457191,-0.12580578448100657,Asset Management,Financial Services,PX
2016Q2,2016,Q2,2016-07-28,2016-06-30,399000000.0,2665000000.0,588000000.0,1.3881833932907948,1197000000.0,0.449155722326454,19811000000.0,5140000000.0,3263000000.0,2458000000.0,14671000000.0,559000000.0,12559000000.0,3444998560.0,12076998560.0,18.023577925675532,1.3275020341741253,0.46433799404371306,1.7896887159533075,0.030001476844311894,18.023577925675532,0.07762645914396887,1.2926823864915573,2.1585204010025065,0.6702331828793775,0.5363408521303258,2.626118067978533,0.06211903902798728,0.1345212255817475,0.9389747762408462,0.02014032608146989,9.704221295774648,0.449155722326454,0.11781907988119582,0.0004105530957112899,-0.006359493292336563,-0.14418982877600978,0.061170212765957445,0.12078651685393259,0.061371841155234655,-0.07058767675190125,-0.08346404377898817,-0.10122607168842469,Asset Management,Financial Services,PX
2016Q1,2016,Q1,2016-04-29,2016-03-31,356000000.0,2509000000.0,554000000.0,1.24186768527724,1128000000.0,0.44958150657632523,19025000000.0,4888000000.0,2870000000.0,1799000000.0,14137000000.0,553000000.0,12371000000.0,3443391920.0,12452391920.0,17.14792895256605,1.595330739299611,0.48515111695137975,1.8882978723404256,0.028567861127261864,17.14792895256605,0.07283142389525368,1.372416070147469,2.4181123033707865,0.7044582487725041,0.601123595505618,2.4972875226039783,0.06214802292966989,0.1318791064388962,1.0594774874930517,0.01871222076215506,15.372285357142857,0.44958150657632523,-0.14936477780139198,-0.047789174076762475,-0.011489002141486555,-0.1559575194278644,-0.03507271171941831,-0.15639810426540285,-0.11217948717948718,-0.05429549739817248,-0.09762783871469095,-0.17700225893483648,Asset Management,Financial Services,PX
2015Q4,2015,Q4,2016-02-24,2015-12-31,422000000.0,2595000000.0,624000000.0,1.459929771150819,1169000000.0,0.4504816955684008,18319000000.0,4389000000.0,2626000000.0,1893000000.0,13930000000.0,531000000.0,12229000000.0,3462200480.0,12296200480.0,15.313705923811783,1.387216059165346,0.49025601834161253,2.0462519936204147,0.03360038245340777,15.313705923811783,0.0961494645705172,1.334181302504817,2.05106663507109,0.7888358350421508,0.4834123222748815,2.6854990583804144,0.058922064501591195,0.14165620394126316,1.2746962493396725,0.02303619193187401,8.569803168316831,0.4504816955684008,0.0552088409513657,-0.6228808274313108,-0.726055485722299,-0.19077164047045078,-0.024207011686143573,0.05236907730673317,0.050505050505050504,0.0589434481264167,-0.036847355245650186,-0.24808794789062286,Asset Management,Financial Services,PX
2015Q3,2015,Q3,2015-10-29,2015-09-30,401000000.0,2686000000.0,594000000.0,1.3835458105473804,1198000000.0,0.4460163812360387,18456000000.0,4264000000.0,2726000000.0,2122000000.0,14192000000.0,526000000.0,11966000000.0,3469122320.0,12392122320.0,14.847882331228956,1.2846371347785108,0.4908430862592111,2.12453095684803,0.032142352183407254,14.847882331228956,0.09404315196998124,1.2915570811615786,2.162794463840399,0.8135840337711069,0.5062344139650873,2.828897338403042,0.058516241652730186,0.1455353272648461,0.8605089538171536,0.021727351538794973,12.801189372693727,0.4460163812360387,0.3069117471449832,-0.7118953712040015,0.0,-0.23961295642724817,-0.019639934533551555,0.30194805194805197,0.2375,-0.03157536378129604,0.0055171069621175635,-0.2638412534749087,Asset Management,Financial Services,PX
2015Q2,2015,Q2,2015-07-29,2015-06-30,308000000.0,2738000000.0,480000000.0,1.0586375197635252,1222000000.0,0.44631117604090575,19067000000.0,4964000000.0,2820000000.0,2246000000.0,14103000000.0,548000000.0,11768000000.0,3480755360.0,12159755360.0,17.22761693887042,1.2555654496883348,0.4623170923585252,1.775785656728445,0.02446410545692061,17.22761693887042,0.062046736502820304,1.2712766106647189,2.825288441558442,0.7011997099113618,0.6655844155844156,2.7664233576642334,0.0588952623203028,0.14359888813132637,0.8441674087266251,0.01615356374888551,9.804944676056339,0.44631117604090575,-0.25780348578348167,-0.6601695558641334,0.0,-0.03057368240519587,-0.004074979625101874,-0.25961538461538464,-0.22953451043338685,-0.2564570638159355,0.008753898099389892,-0.08442349399891769,Asset Management,Financial Services,PX
2015Q1,2015,Q1,2015-04-29,2015-03-31,416000000.0,2757000000.0,623000000.0,1.4263574396883958,1227000000.0,0.44504896626768226,19123000000.0,5018000000.0,2726000000.0,2335000000.0,14105000000.0,535000000.0,11668000000.0,3488075840.0,12144075840.0,17.378475348747003,1.1674518201284796,0.4587669298750196,1.7483060980470306,0.0325349227156105,17.378475348747003,0.08290155440414508,1.265170779833152,2.096199423076923,0.6951127620565963,0.49759615384615385,2.8598130841121496,0.05934503992894834,0.1441719395492339,0.8,0.021753908905506457,31.424106666666667,0.44504896626768226,0.3961677815609514,-0.008345370954117439,0.0,-0.009459099406987314,-0.0568793235972329,0.37748344370860926,0.18666666666666668,0.028355650018367477,0.005500884391224145,-0.12499961752908965,Asset Management,Financial Services,PX
2014Q4,2014,Q4,2015-02-25,2014-12-31,302000000.0,2990000000.0,525000000.0,1.0216232307650672,1301000000.0,0.4351170568561873,19802000000.0,5623000000.0,2839000000.0,2490000000.0,14179000000.0,551000000.0,11461000000.0,3527202960.0,12072202960.0,19.257706678722,1.140160642570281,0.4378850621149379,1.5420593988973856,0.03136008735900919,19.257706678722,0.05370798506135515,1.1796665418060202,2.91987,0.6272813373643962,0.6258278145695364,3.0653357531760435,0.05358353407596369,0.150994849005151,1.0502008032128514,0.015250984749015251,12.162768827586207,0.4351170568561873,-0.36552271303596745,-0.7793155222217515,0.0,0.11479476200987204,-0.04618768328445748,-0.3668763102725367,-0.2616033755274262,-0.2572523042855626,0.10463215695813124,0.0583702931989834,Asset Management,Financial Services,PX
2014Q3,2014,Q3,2014-10-29,2014-09-30,477000000.0,3144000000.0,711000000.0,1.6101809343775317,1364000000.0,0.43384223918575066,20384000000.0,6552000000.0,3058000000.0,2960000000.0,13832000000.0,545000000.0,11348000000.0,3534571760.0,11868571760.0,22.39257408654224,1.0331081081081082,0.41709183673469385,1.2976190476190477,0.028791548754338248,22.39257408654224,0.07280219780219781,1.1242276590330789,1.8525009224318658,0.5394645543345543,0.39622641509433965,3.2660550458715596,0.05347182426422147,0.15423861852433282,0.7185810810810811,0.023400706436420723,12.489652862190812,0.43384223918575066,0.02292691526807658,-0.4791461919218481,0.0,0.35489825460196067,0.01337295690936107,0.021413276231263382,0.020086083213773313,0.14951637220491656,0.12237517984544477,0.177425911455752,Asset Management,Financial Services,PX
2014Q2,2014,Q2,2014-07-23,2014-06-30,467000000.0,3113000000.0,697000000.0,1.5740918635966819,1346000000.0,0.432380340507549,20925000000.0,6911000000.0,3159000000.0,2546000000.0,14014000000.0,542000000.0,11060000000.0,3540201040.0,11937201040.0,23.581960192859555,1.2407698350353495,0.40955794504181603,1.2400520908696282,0.02752994527501762,23.581960192859555,0.06757343365648966,1.137231300995824,1.895182569593148,0.5122559745333527,0.4068522483940043,3.2601476014760147,0.05366926845487849,0.14876941457586618,0.8829536527886881,0.022317801672640383,7.646222548596112,0.432380340507549,0.0444275194859474,-0.40281848914495333,0.0,0.0,0.03538461538461538,0.04241071428571429,0.03259259259259259,0.13941876781764037,0.12946379544846795,0.11973779422001406,Asset Management,Financial Services,PX
2014Q1,2014,Q1,2014-04-23,2014-03-31,448000000.0,3026000000.0,675000000.0,1.5071336538235107,1300000000.0,0.42961004626569727,20538000000.0,6600000000.0,3049000000.0,2434000000.0,13938000000.0,520000000.0,10784000000.0,3547799360.0,11972799360.0,22.4725222341773,1.252670501232539,0.41722660434316877,1.2983333333333333,0.027209990399555736,22.4725222341773,0.06787878787878789,1.1724386516853933,1.97979875,0.5375453575757576,0.4263392857142857,3.3192307692307694,0.05383618987968925,0.1473366442691596,0.8919474116680361,0.021813224267211998,24.809785734265734,0.42961004626569727,-0.049408833722899,0.15368036199383328,0.0,0.0,-0.008390541571319604,-0.05485232067510549,-0.021739130434782608,0.16302362225849426,0.15711673018314218,0.1061256122366372,Asset Management,Financial Services,PX
2013Q4,2013,Q4,2014-02-25,2013-12-31,474000000.0,3010000000.0,690000000.0,1.5854698710551403,1311000000.0,0.4355481727574751,20255000000.0,6609000000.0,2916000000.0,2664000000.0,13646000000.0,506000000.0,10528000000.0,3563527520.0,11454527520.0,22.403845501942413,1.0945945945945945,0.39639595161688473,1.2148585262520806,0.03426467174888925,22.403845501942413,0.07172038129822969,1.1838961860465116,1.8794976371308016,0.5391931487365713,0.37341772151898733,3.357707509881423,0.04966988440712252,0.1486052826462602,1.0255255255255256,0.02340162922735127,7.9543025,0.4355481727574751,0.06556757893383859,-0.5851505093244153,0.0,0.7472540601013496,-0.003799392097264438,0.0651685393258427,0.029850746268656716,-0.5884556931489111,-0.6912806602633034,0.18389547460877298,Asset Management,Financial Services,PX
2013Q3,2013,Q3,2013-10-30,2013-09-30,445000000.0,3013000000.0,670000000.0,1.4879111399405505,1316000000.0,0.4367739794225025,20062000000.0,6210000000.0,2977000000.0,2929000000.0,13852000000.0,519000000.0,10243000000.0,3566873680.0,11323873680.0,21.031526970139296,1.0163878456811197,0.39333067490778584,1.2706924315619967,0.029199353812192533,21.031526970139296,0.071658615136876,1.1838279721208098,2.003861617977528,0.5743757938808374,0.3955056179775281,3.2697495183044314,0.049342930473500815,0.1501844282723557,0.7138955274837828,0.022181238161698733,9.192973402061856,0.4367739794225025,0.000712191174848018,-0.5314276514966396,0.0,0.0,0.009202453987730062,0.0,0.007518796992481203,-0.6890448469212775,0.0,0.07706272570663296,Asset Management,Financial Services,PX
2013Q2,2013,Q2,2013-07-24,2013-06-30,445000000.0,3014000000.0,665000000.0,1.4868522169133616,1304000000.0,0.43264764432647645,19771000000.0,5928000000.0,3013000000.0,2990000000.0,13843000000.0,480000000.0,10002000000.0,3570956720.0,11340956720.0,20.053516638532656,1.0076923076923077,0.39815891962976074,1.3279352226720649,0.029555555555555554,20.053516638532656,0.07506747638326586,1.1847898871930989,2.006155460674157,0.6023881106612685,0.39775280898876403,3.5625,0.04956654865310157,0.15244550098629306,0.6899665551839465,0.022507713317485207,64.92648581818182,0.43264764432647645,0.13966652022745393,-0.2780113546495044,0.0,0.0,0.0432,0.13810741687979539,0.10833333333333334,-0.5214134473984917,0.0,0.1284443378733215,Asset Management,Financial Services,PX
2013Q1,2013,Q1,2013-04-24,2013-03-31,391000000.0,2888000000.0,600000000.0,1.3046379713046379,1250000000.0,0.4328254847645429,19586000000.0,6169000000.0,2929000000.0,2686000000.0,13417000000.0,477000000.0,9743000000.0,3576586000.0,11560586000.0,20.83593684032762,1.0904690990320178,0.41340753599509855,1.3125303939050088,0.02464006389423465,20.83593684032762,0.06338142324525856,1.238430055401662,2.286819693094629,0.5797675474144919,0.45524296675191817,3.4339622641509435,0.049768130837620016,0.1474522618196671,0.7844378257632166,0.019963239048299806,596.0976666666667,0.4328254847645429,-0.048796018240462743,0.35044768401790966,0.0,0.0,0.027960526315789474,-0.05555555555555555,-0.025974025974025976,-0.09100578957996508,0.0,0.18760980053439055,Asset Management,Financial Services,PX
2012Q4,2012,Q4,2013-02-27,2012-12-31,414000000.0,2799000000.0,616000000.0,1.371564876012523,1216000000.0,0.4344408717399071,18090000000.0,6064000000.0,2792000000.0,2479000000.0,12026000000.0,476000000.0,9534000000.0,3596771680.0,10163771680.0,20.366352528665374,1.1262605889471562,0.3716970702045329,1.108839050131926,0.044771393913501226,20.366352528665374,0.06827176781002639,1.2850202500893175,2.171963574879227,0.5931351715039578,0.39371980676328505,3.3256302521008405,0.04531841732027873,0.154726368159204,1.0669624848729327,0.022885572139303482,12.275671262798635,0.4344408717399071,-0.03559213164618995,-0.6231534520984772,0.0,0.26347828813431906,0.031382527565733676,-0.037209302325581395,0.1039426523297491,-0.703323760313888,0.0,0.17897231996418586,Asset Management,Financial Services,PX
2012Q3,2012,Q3,2012-10-24,2012-09-30,430000000.0,2774000000.0,558000000.0,1.422183415356935,1179000000.0,0.42501802451333814,17639000000.0,6015000000.0,2853000000.0,2548000000.0,11624000000.0,483000000.0,9285000000.0,3602545920.0,10043545920.0,20.169402864960567,1.119701726844584,0.37127955099495435,1.088778054862843,0.03675526133781247,20.169402864960567,0.0714879467996675,1.2986827397260274,2.094503441860465,0.5989270024937656,0.3813953488372093,3.3022774327122155,0.04552336143434918,0.15726515108566244,0.7884615384615384,0.024377799194965702,18.103245829145727,0.42501802451333814,0.0033421117521768495,-0.4643983438868672,0.0,0.0,-0.02481389578163772,0.002331002331002331,-0.12264150943396226,-0.5393265340925583,0.0,0.22038174943551767,Asset Management,Financial Services,PX
2012Q2,2012,Q2,2012-07-25,2012-06-30,429000000.0,2811000000.0,636000000.0,1.4174461519145436,1209000000.0,0.43009605122732125,16688000000.0,5615000000.0,2652000000.0,2728000000.0,11073000000.0,469000000.0,9024000000.0,3604841120.0,10370841120.0,18.81614133385163,0.9721407624633431,0.411673058485139,1.2235084594835264,0.03666409641818939,18.81614133385163,0.07640249332146037,1.2824052365706153,2.1007232634032635,0.6420019804096171,0.3822843822843823,3.4157782515991473,0.04549437673968832,0.1684443911792905,0.7137096774193549,0.025707094918504314,22.39031751552795,0.43009605122732125,0.0246072093252251,-0.17134247322764817,0.0,0.0,-0.012254901960784314,0.02386634844868735,0.014354066985645933,-0.46124841383330417,0.0,0.0,Asset Management,Financial Services,PX
2012Q1,2012,Q1,2012-04-25,2012-03-31,419000000.0,2840000000.0,627000000.0,1.3834044295355195,1224000000.0,0.4309859154929577,16987000000.0,5940000000.0,2762000000.0,2154000000.0,11047000000.0,482000000.0,8762000000.0,3612850160.0,10105850160.0,19.861106002801954,1.2822655524605386,0.38853240713486786,1.1111111111111112,0.036016949152542374,19.861106002801954,0.07053872053872054,1.272130338028169,2.155638520286396,0.6082239326599327,0.3914081145584726,3.3526970954356847,0.04539352387645105,0.16718667216106434,0.947539461467038,0.02466592099841055,-44.603088395061725,0.4309859154929577,0.010287079609508636,0.6957795749072256,0.0,0.0,0.021702838063439065,-0.002380952380952381,0.014563106796116505,0.05957233417385827,0.0,0.0,Asset Management,Financial Services,PX
2011Q4,2011,Q4,2012-02-29,2011-12-31,420000000.0,2796000000.0,618000000.0,1.3693181447695306,1198000000.0,0.4284692417739628,16356000000.0,5488000000.0,2607000000.0,2535000000.0,10868000000.0,456000000.0,8510000000.0,3643460880.0,9778460880.0,18.19562283868957,1.0284023668639053,0.3805942773294204,1.1342930029154519,0.03857075986893431,18.19562283868957,0.07653061224489796,1.3030975965665237,2.168726714285714,0.6638959329446065,0.3547619047619048,3.504385964912281,0.04089518315344173,0.17094644167278064,0.9499013806706115,0.025678650036683785,16.636807671232877,0.4284692417739628,-0.01823719280569459,-0.5440547015562864,0.0,0.2925325011422667,1.609979633401222,-0.02097902097902098,-0.022151898734177215,-0.6404763069714478,0.0,0.41905887889723203,Asset Management,Financial Services,PX
2011Q3,2011,Q3,2011-10-26,2011-09-30,429000000.0,2896000000.0,632000000.0,1.394754552459352,-1964000000.0,-0.6781767955801105,15902000000.0,5753000000.0,2704000000.0,2169000000.0,10149000000.0,445000000.0,8275000000.0,3654187920.0,9362187920.0,19.018244688412192,1.2466574458275703,0.36680920638913345,1.0139057882843734,0.03935552860024306,19.018244688412192,0.0745697896749522,1.2618052209944752,2.12948013986014,0.6351795445854337,0.34965034965034963,10.92134831460674,0.041048792039135196,0.1821154571751981,0.9156293222683264,0.026977738649226514,13.336452262773722,-0.6781767955801105,0.012296445297910049,-0.3616484144654996,0.0,0.0,-5.176100628930818,0.009411764705882352,0.007974481658692184,-0.5590688418098407,0.0,0.0,Asset Management,Financial Services,PX
2011Q2,2011,Q2,2011-07-27,2011-06-30,425000000.0,2858000000.0,627000000.0,1.3778123581663748,-318000000.0,-0.1112666200139958,16410000000.0,6400000000.0,2758000000.0,1996000000.0,10010000000.0,450000000.0,7997000000.0,3670991200.0,9306991200.0,21.060252064891902,1.3817635270541082,0.34832419256550884,0.893125,0.037476978044721665,21.060252064891902,0.06640625,1.2844615815255422,2.159406588235294,0.573592375,0.3552941176470588,7.057777777777778,0.041133304814241996,0.17416209628275442,1.004509018036072,0.0258988421694089,26.221365714285714,-0.1112666200139958,0.06830654439284538,-0.04099495050338786,0.0,0.0,-1.2727272727272727,0.0678391959798995,0.06091370558375635,-0.32925023415886195,0.0,0.0,Asset Management,Financial Services,PX
2011Q1,2011,Q1,2011-04-27,2011-03-31,398000000.0,2702000000.0,591000000.0,1.2897162948200716,1166000000.0,0.43153219837157664,15834000000.0,6165000000.0,2598000000.0,1921000000.0,9669000000.0,416000000.0,7721000000.0,3665663920.0,9091663920.0,20.316428790340385,1.3524206142634045,0.34811165845648606,0.8940794809407948,0.036411737271140526,20.316428790340385,0.06455798864557989,1.3566483789785344,2.302552713567839,0.5945926877534469,0.38190954773869346,3.6923076923076925,0.041465885394098,0.17064544650751548,0.9994794377928162,0.02513578375647341,146.6265568,0.43153219837157664,-0.66392367730084,0.8875438633107303,0.0,0.0,-0.7326914259513985,-0.6669456066945607,-0.7161383285302594,0.3412202639742961,0.0,0.0,Asset Management,Financial Services,PX
2010Q4,2010,Q4,2011-02-23,2010-12-31,1195000000.0,10116000000.0,2082000000.0,3.8375696462692077,4362000000.0,0.43119810201660735,15274000000.0,5792000000.0,2378000000.0,2110000000.0,9482000000.0,399000000.0,7475000000.0,3697313520.0,8845313520.0,18.923837435349544,1.1270142180094787,0.33959670027497707,0.8955455801104972,0.11548022896516567,18.923837435349544,0.20631906077348067,0.36549164887307234,0.7734965523012552,0.6383483287292818,0.4610878661087866,14.421052631578947,0.14902712388859032,0.6623019510278906,1.0744075829383886,0.0782375278250622,7.151476827852998,0.43119810201660735,-0.19674015469338463,0.7411726565878972,0.0,0.5701886794607753,2.02346316283435,-0.19636852723604573,0.4001344989912576,0.05817792325764089,0.0,0.1739882089389729,Asset Management,Financial Services,PX
2010Q3,2010,Q3,2010-10-27,2010-09-30,1487000000.0,0.0,1487000000.0,4.77749469078011,-4262000000.0,0.0,13951000000.0,5991000000.0,2453000000.0,1864000000.0,8727000000.0,403000000.0,7480000000.0,3706264800.0,3897264800.0,19.526742935367164,1.3159871244635193,0.01878001576947889,0.04373226506426306,0.23780585319046857,19.526742935367164,0.2482056417960274,0.0,0.6231110961667787,0.6186387581372058,0.09347679892400806,10.575682382133994,0.0375040660883162,0.0,0.9560085836909872,0.10658734140921798,6.218565100671141,0.0,0.54047717149062,2.06655544784435,0.0,0.0,-0.5124201561391057,0.5409326424870466,0.5409326424870466,0.8003523273719096,0.0,0.0,Asset Management,Financial Services,PX
2010Q2,2010,Q2,2010-07-28,2010-06-30,965000000.0,0.0,965000000.0,3.1013083343242522,-2818000000.0,0.0,11347000000.0,5452000000.0,2275000000.0,1759000000.0,8525000000.0,374000000.0,7241000000.0,3706059440.0,3901059440.0,17.770940014928634,1.2933484934621944,0.021415352075438442,0.04457079970652971,0.1694468832309043,17.770940014928634,0.17699926632428467,0.0,0.9601190259067357,0.6797614526779163,0.14196891191709846,7.53475935828877,0.036966487509979065,0.0,0.946560545764639,0.08504450515554772,6.91429,0.0,1.1673219241451422,1.5214776996893413,0.0,0.0,-1.0405503258508326,1.1588366890380313,1.1588366890380313,0.8130878536032558,0.0,0.0,Asset Management,Financial Services,PX
2010Q1,2010,Q1,2010-04-28,2010-03-31,447000000.0,0.0,447000000.0,1.4309403230659896,-1381000000.0,0.0,13805000000.0,5398000000.0,2622000000.0,2189000000.0,8997000000.0,377000000.0,7008000000.0,3716726080.0,4012726080.0,17.544429854782305,1.1978072179077204,0.048678015211879755,0.12449055205631715,0.07364085667215815,17.544429854782305,0.08280844757317525,0.0,2.0787058612975393,0.6885376213412374,0.3087248322147651,3.663129973474801,0.037129451304627754,0.0,0.9232526267702147,0.032379572618616445,7.695085051759834,0.0,-0.6900138696255201,1.4125719663142147,0.0,0.0,0.7255564387917329,-0.6900138696255201,-0.6900138696255201,0.7585401771576913,0.0,0.0,Asset Management,Financial Services,PX
2009Q4,2009,Q4,2010-02-24,2009-12-31,1442000000.0,0.0,1442000000.0,4.616143055617801,-5032000000.0,0.0,13425000000.0,5315000000.0,2223000000.0,1813000000.0,8669000000.0,377000000.0,6831000000.0,3716726080.0,3969726080.0,17.274665557274535,1.2261445118587975,0.022197392923649906,0.05606773283160865,0.25690361660431144,17.274665557274535,0.27130761994355596,0.0,0.6443699861303744,0.6992899492003763,0.08529819694868239,13.347480106100797,0.033093641380211695,0.0,1.1356867071152785,0.10741154562383613,5.242208857545839,0.0,0.4974039460020768,1.1913473774224812,0.0,0.5603265058552538,-0.3741125068268706,0.4974039460020768,0.4974039460020768,0.5345543248002671,0.0,0.22711197506599162,Asset Management,Financial Services,PX
2009Q3,2009,Q3,2009-10-28,2009-09-30,963000000.0,0.0,963000000.0,3.082764051705924,-3662000000.0,0.0,13307000000.0,5085000000.0,2299000000.0,2035000000.0,8764000000.0,398000000.0,6615000000.0,3716726080.0,4159726080.0,16.527125937674697,1.1297297297297297,0.03817539640790561,0.0999016715830875,0.1721795101019131,16.527125937674697,0.18938053097345134,0.0,0.9648821599169263,0.7309195830875123,0.12668743509865005,9.201005025125628,0.032824587385250625,0.0,0.8324324324324325,0.07236792665514391,6.794746032906764,0.0,0.17295980511571254,0.9786952153231563,0.0,0.0,-0.5354297693920336,0.17295980511571254,0.17295980511571254,0.40883216636629155,0.0,0.0,Asset Management,Financial Services,PX
2009Q2,2009,Q2,2009-07-29,2009-06-30,821000000.0,0.0,821000000.0,2.6281924054522987,-2385000000.0,0.0,12699000000.0,0.0,2192000000.0,2476000000.0,8640000000.0,423000000.0,0.0,3716726080.0,4768726080.0,0.0,0.8852988691437803,0.08543979840932357,0.0,0.7566820276497696,0.0,0.0,0.0,1.1317679902557858,0.0,0.14981729598051158,5.638297872340425,0.033093641380211695,0.0,0.6413570274636511,0.06465075990235451,6.601644902309059,0.0,1.010283061262311,1.5667721524934033,0.0,0.0,-0.99581589958159,1.0171990171990173,1.0171990171990173,0.8297759256876208,0.0,0.0,Asset Management,Financial Services,PX
2009Q1,2009,Q1,2009-04-29,2009-03-31,407000000.0,0.0,407000000.0,1.3073742977279954,-1195000000.0,0.0,12047000000.0,0.0,2184000000.0,2665000000.0,8482000000.0,424000000.0,0.0,3718441440.0,4939441440.0,0.0,0.8195121951219512,0.10583547771229351,0.0,0.3192156862745098,0.0,0.0,0.0,2.2840549385749385,0.0,0.3022113022113022,2.818396226415094,0.033078374901071454,0.0,0.5879924953095684,0.03378434465012036,10.65456,0.0,-0.6563667599377239,1.631471772439495,0.0,0.0,0.8160123171670516,-0.6639141205615194,-0.7584569732937686,0.902830431546491,0.0,0.0,Asset Management,Financial Services,PX
2008Q4,2008,Q4,2009-02-25,2008-12-31,1211000000.0,0.0,1685000000.0,3.8045629622182706,-6495000000.0,0.0,12253000000.0,4009000000.0,2301000000.0,2979000000.0,8743000000.0,445000000.0,6068000000.0,3776908640.0,5060908640.0,12.822317036506343,0.7724068479355488,0.10740226883212274,0.32826141182339735,0.3164319248826291,12.822317036506343,0.30207034173110503,0.0,0.779708637489678,0.9421074183088052,0.09496284062758051,14.595505617977528,0.0304481815583445,0.0,0.6888217522658611,0.09883293887211295,5.90141975,0.0,0.2069195140254021,1.1609907835726463,0.0,0.3552624394142593,-0.279298798503053,0.19782393669634027,0.18661971830985916,0.7273004069417984,0.0,0.06392041909904567,Asset Management,Financial Services,PX
2008Q3,2008,Q3,2008-10-29,2008-09-30,1011000000.0,0.0,1420000000.0,3.1522921934777797,-5077000000.0,0.0,12927000000.0,0.0,2588000000.0,3093000000.0,8680000000.0,495000000.0,0.0,3797130560.0,5075130560.0,0.0,0.8367280956999676,0.10071942446043165,0.0,1.0906298003072197,0.0,0.0,0.0,0.9389541444114738,0.0,0.11572700296735905,10.256565656565657,0.030812740871359448,0.0,0.6000646621403168,0.07820840102111859,6.027191365079365,0.0,0.5436861367283071,0.22031850341025877,0.0,0.0,-0.5186957822315286,0.5411585365853658,0.5334773218142549,1.0350351909465947,0.0,0.0,Asset Management,Financial Services,PX
2008Q2,2008,Q2,2008-07-23,2008-06-30,656000000.0,0.0,926000000.0,2.042055129262712,-3343000000.0,0.0,13421000000.0,0.0,2746000000.0,2718000000.0,8440000000.0,507000000.0,0.0,3800657920.0,4695657920.0,0.0,1.0103016924208976,0.06869830862081812,0.0,1.0043383947939262,0.0,0.0,0.0,1.4484214634146342,0.0,0.18140243902439024,6.593688362919132,0.031310368495357774,0.0,0.7391464311994114,0.04887862305342374,9.770328843187661,0.0,1.1312470420584244,0.21462589358363354,0.0,0.0,-1.0959247648902821,1.1368078175895766,1.1287356321839082,0.6714186954700351,0.0,0.0,Asset Management,Financial Services,PX
2008Q1,2008,Q1,2008-04-23,2008-03-31,307000000.0,0.0,435000000.0,0.9581503640659282,-1595000000.0,0.0,13033000000.0,0.0,2632000000.0,2875000000.0,8447000000.0,483000000.0,0.0,3792346880.0,4763346880.0,0.0,0.9154782608695652,0.07611447863116703,0.0,0.43850806451612906,0.0,0.0,0.0,3.088230358306189,0.0,0.3811074918566775,3.3022774327122155,0.030851608173564547,0.0,0.670608695652174,0.023555589657024475,10.006192295514511,0.0,-0.7355586401326216,0.0,0.0,0.0,0.7129746265970848,-0.7391673746813934,-0.7303161810291382,0.6239162579601395,0.0,0.0,Asset Management,Financial Services,PX
2007Q4,2007,Q4,2008-02-27,2007-12-31,1177000000.0,0.0,1613000000.0,3.623299942741394,-5557000000.0,0.0,12472000000.0,5142000000.0,2408000000.0,2650000000.0,7919000000.0,474000000.0,5325000000.0,3853483760.0,4664483760.0,16.119273848970366,0.9086792452830189,0.06638871071199487,0.16102683780630106,0.27018425460636514,16.119273848970366,0.22889926098794244,0.0,0.8184969753610875,0.7494134111240762,0.07986406117247238,11.723628691983123,0.024393511392403016,0.0,0.8026415094339623,0.09437139191789609,6.564708279386712,0.0,0.3710844727579918,1.0585820475926027,0.0,0.7037362542155895,-0.3673720472440945,0.3670150987224158,0.36810856658184904,0.7251602897782522,0.0,0.4559662621715082,Asset Management,Financial Services,PX
2007Q3,2007,Q3,2007-10-24,2007-09-30,861000000.0,0.0,1179000000.0,2.6426525970737456,-4064000000.0,0.0,11999000000.0,0.0,2408000000.0,2525000000.0,7634000000.0,448000000.0,0.0,3863546400.0,4498546400.0,0.0,0.9536633663366336,0.05508792399366614,0.0,1.7836611195158851,0.0,0.0,0.0,1.121819512195122,0.0,0.11033681765389082,9.071428571428571,0.024588807837276135,0.0,0.6863366336633664,0.07175597966497207,6.526260810810811,0.0,0.5515935474045558,0.021397028508604494,0.0,0.0,-0.5220973782771535,0.5485611510791367,0.54521625163827,0.7018849221497759,0.0,0.0,Asset Management,Financial Services,PX
2007Q2,2007,Q2,2007-07-25,2007-06-30,556000000.0,0.0,763000000.0,1.7031861220963893,-2670000000.0,0.0,11522000000.0,0.0,2314000000.0,1909000000.0,7167000000.0,429000000.0,0.0,3871495040.0,4142495040.0,0.0,1.212152959664746,0.02542961291442458,0.0,2.6040955631399316,0.0,0.0,0.0,1.740780143884892,0.0,0.17266187050359713,6.223776223776224,0.024796622237181015,0.0,0.8711367207962284,0.04825551119597292,8.048846237006236,0.0,1.1002984274774068,0.010633204006746827,0.0,0.0,-1.0826833073322932,1.0981132075471698,1.0904109589041096,0.6687865901255746,0.0,0.0,Asset Management,Financial Services,PX
2007Q1,2007,Q1,2007-04-25,2007-03-31,265000000.0,0.0,365000000.0,0.8109257712210094,-1282000000.0,0.0,11067000000.0,0.0,2201000000.0,1856000000.0,7051000000.0,407000000.0,0.0,3874817040.0,4185817040.0,0.0,1.1858836206896552,0.030450890033432727,0.0,1.083086053412463,0.0,0.0,0.0,3.6554877735849054,0.0,0.3622641509433962,3.14987714987715,0.024775363329154764,0.0,0.8480603448275862,0.02394506189572603,13.002741744966443,0.0,-0.729724514187571,0.0,0.0,0.0,0.7419484702093397,-0.7317813765182186,-0.7324046920821115,0.644219997394931,0.0,0.0,Asset Management,Financial Services,PX
