Quarters,Year,Quarter,FillingDate,Date,NetIncome,Revenue,OperatingIncome,EPSDiluted,GrossProfit,GrossProfitRatio,TotalAssets,CommonStockEquity,CurrentAssets,CurrentLiability,TotalLiability,Inventory,RetainedEarnings,MarketCap,EnterpriseValue,bookValuePerShare,currentRatio,debtToAssets,debtToEquity,roic,shareholdersEquityPerShare,roe,priceToSalesRatio,peRatio,pbRatio,payoutRatio,inventoryTurnover,dividendYield,assetTurnover,quickRatio,returnOnAssets,priceToFreeCashFlowsRatio,grossProfitMargin,epsdilutedGrowth,fiveYNetIncomeGrowthPerShare,fiveYRevenueGrowthPerShare,fiveYShareholdersEquityGrowthPerShare,grossProfitGrowth,netIncomeGrowth,operatingIncomeGrowth,threeYNetIncomeGrowthPerShare,threeYRevenueGrowthPerShare,threeYShareholdersEquityGrowthPerShare,Industry,Sector,Symbol
2023Q1,2023,Q1,2023-05-04,2023-03-31,16791222.0,22333401.0,35174654019.0,0.6,-579919599.0,-25.9664705344,1632670109.0,344072051.0,66720149000.0,19871602.0,1288598058.0,0.0,0.0,389698065.12,1489518023.12,15.265679494605955,3357.5626665630684,0.7055468006978745,3.3479184625780603,23.50221411859948,15.265679494605955,0.048801470364124404,17.44911422671361,5.802109952450155,1.1326059875755499,0.6915811130363234,0.0,0.02979869042055458,0.013679065278949135,2631.0214138749357,0.010284516086525596,14051.275153962646,-25.966470534425095,5.666666666666667,1.5126122398391073,0.8059646163295617,-0.19050534101984237,0.8752256146781101,4.2887837438588114,2362.3140458359107,4.112599765078595,1.219813878778617,-0.25771090287390147,,,GHI
2022Q4,2022,Q4,2023-02-23,2022-12-31,3174874.0,10456716.0,14883614.0,0.09,-4647745589.0,-444.4746887072,1567129565.0,323955517.0,62816589000.0,19330616.0,1243174048.0,0.0,0.0,391524116.4,1456429652.4,14.397136114193144,3249.590649361614,0.7121899662457073,3.445207423338927,0.010353854995838022,14.397136114193144,0.009800339347207351,37.44235918810456,30.829894068237035,1.2085736956287119,2.8423464994201346,0.0,0.023048623627517625,0.00667252806247708,12.308262706165184,0.0020259167275680874,17420.427870967742,-444.4746887072385,-0.8846153846153847,-0.8180908152105922,-0.6409301752632076,-0.28840567110641974,-185.8068739593855,-0.8285389758256284,-0.437739988573178,-0.7216385773469276,-0.38214994164874627,-0.3199852200850059,,,GHI
2022Q3,2022,Q3,2022-11-03,2022-09-30,18516593.0,25149203.0,26471052.0,0.78,25149203.0,1.0,1450086995.0,405619816.0,236473326.0,16064616.0,1044467179.0,0.0,0.0,388478280.96000004,1307215579.96,18.04247692601816,14.720135607349718,0.7047445322409778,2.5194550184402233,0.018596812670496274,18.04247692601816,0.04565011932257274,15.446942034703845,5.245002157794364,0.9577398974018567,0.7402996328752272,0.0,0.03528595463850767,0.017343237396594952,14.720135607349718,0.012769298024081652,74.65630829378986,1.0,0.06849315068493157,3.6799019313126684,1.2664573869531375,-0.039471422851176635,0.08873355797886898,0.051679927636560236,0.08467033683432591,0.7294066119544077,0.21080783437862124,-0.15643766916150925,,,GHI
2022Q2,2022,Q2,2022-08-04,2022-06-30,17606681.0,23099502.0,24404698.0,0.73,23099502.0,1.0,1441846671.0,418325214.0,240590653.0,19050953.0,1023521457.0,0.0,0.0,411408522.0,1306135175.0,18.60766368908615,12.62879883226839,0.6930676174512594,2.3888046992070624,0.017168601562457933,18.60766368908615,0.04208850055115253,17.810276689081867,5.8416535461737515,0.9834657539911043,0.5923989308376746,0.0,0.025352364966324155,0.016020775623790305,12.62879883226839,0.012211202032868584,84.81854217800186,1.0,-0.37606837606837606,2.842589203427795,1.110899668422471,0.04077971422299789,-0.2715156805688229,-0.32962728703582217,-0.19232690140034475,3.10152360933071,1.569224345177721,-0.08769953847883356,,,GHI
2022Q1,2022,Q1,2022-05-05,2022-03-31,26264018.0,31708990.0,30216059.0,1.17,31708990.0,1.0,1395902288.0,434307554.0,229682597.0,15424465.0,961594734.0,0.0,0.0,408013397.54999995,1231171354.55,19.319664874813373,14.890798287007037,0.674465846996305,2.1677919491126327,0.02191585395689486,19.319664874813373,0.0604733161053883,12.867435940091436,3.8837678754065728,0.9394572896376561,0.5127246333748324,0.0,0.03300433044811914,0.022715766191222116,14.890798287007037,0.01881508342366153,44.14374522603235,1.0,2.162162162162162,2.2412791305787767,0.6752222315686727,0.10404939215769855,1.177926387314957,2.3442139052685596,1.2239894359236008,2.685492616001792,1.5473407956881309,-0.02792079045959928,,,GHI
2021Q4,2021,Q4,2022-02-24,2021-12-31,7853570.0,14559257.0,13586422.0,0.37,14559257.0,1.0,1385909483.0,466870555.0,145621181.0,18220689.0,919038928.0,0.0,0.0,406864872.9,1233348619.9,22.13494849471435,7.99207872984386,0.6456188221348652,1.916525337521018,0.009931209745417311,22.13494849471435,0.016821729097908092,27.945442057929192,12.951589942535687,0.8714725496021053,1.0873940131685336,0.0,0.020989585409844313,0.010505200504497884,7.99207872984386,0.005666726504388887,38.41740912115021,1.0,-0.3441007177665389,0.34218549791248676,0.119835378483595,0.39811474776899414,0.0,-0.3953389428584803,0.0,-0.45790577505709573,-0.2733689978508086,0.12430715288205264,,,GHI
2021Q3,2021,Q3,2021-11-04,2021-09-30,12988384.0,18973098.0,0.0,0.564111,0.0,0.0,1284501519.0,471921933.0,0.0,0.0,812579586.0,0.0,0.0,365226499.44,1068397392.44,23.103373317593025,0.0,0.6186940593255927,1.6839934816083235,0.0,23.103373317593025,0.027522314797773978,19.249702891957867,7.029867985116547,0.7739129586926827,0.677242988812157,0.0,0.024084484596510143,0.014770786736609535,0.0,0.010111614356136858,35.97486428304845,0.0,0.4615372657531266,1.7874331206960643,0.7200374299994193,0.20780379035655472,0.0,0.26534719056025124,0.0,-0.2825594279172004,-0.1972821976072881,0.217656167604798,,,GHI
2021Q2,2021,Q2,2021-08-05,2021-06-30,10264680.0,16511884.0,0.0,0.385971,0.0,0.0,1233985859.0,440236950.0,0.0,0.0,793748909.0,0.0,0.0,412547932.08,1137630626.08,21.577107620245766,0.0,0.6297868061711719,1.7652948327031612,0.0,21.577107620245766,0.023316261844899662,24.984909782554187,10.047754340125556,0.9371042845903779,0.6740755678696267,0.0,0.016771796588858568,0.013380934537921638,0.0,0.008318312503449847,73.56224052574932,0.0,0.4444427811729309,-0.07233238000292844,-0.27328859377092274,0.051145909606494094,0.0,0.46788135430826955,0.0,2.0425384822381827,0.8987214506498928,0.1432668831268037,,,GHI
2021Q1,2021,Q1,2021-05-05,2021-03-31,6992854.0,11970119.0,0.0,0.267211,0.0,0.0,1191860119.0,437926550.0,0.0,0.0,753933569.0,0.0,0.0,339124003.89,1025646035.89,21.423436209654383,0.0,0.6207099232590397,1.6893230223196105,0.0,21.423436209654383,0.015968097846545272,28.330879909381018,12.123948386810307,0.7743855765082067,0.6285034693989036,0.0,0.012959958450554258,0.010043224711674407,0.0,0.005867176767242768,45.62821595136169,0.0,19.554692307692306,1.742199992965252,0.23459345757762412,0.310677025245116,0.0,7.754856398828155,0.0,0.15376866420182678,0.06726914070375603,0.1360226182427774,,,GHI
2020Q4,2020,Q4,2021-02-25,2020-12-31,798740.0,8270895.0,0.0,0.013,0.0,0.0,1175247879.0,454194519.0,0.0,0.0,721053360.0,0.0,0.0,263001390.0,928072365.0,22.018819433806033,0.0,0.6037590245249019,1.562252478436447,0.0,22.018819433806033,0.0017585857305336616,31.798419638987074,82.31758457069884,0.5790501183921156,5.5033327490798,0.0,0.016713721551053398,0.0070375749216731835,0.0,0.000679635346953049,84.76221584664759,0.0,1.1411785148020244,-0.9410159218321984,-0.5402370158181716,0.42708922923498743,0.0,1.6885588745682176,0.0,-0.9500776549058906,-0.6901885138547188,0.08830443178082245,,,GHI
2020Q3,2020,Q3,2020-11-03,2020-09-30,-1160017.0,8734515.0,0.0,-0.092082,0.0,0.0,1174624868.0,455573081.0,0.0,0.0,719051787.0,0.0,0.0,247767793.65,904116922.65,22.340324594281668,0.0,0.6023283843842475,1.5530107649183074,0.0,22.340324594281668,-0.002546280823822424,28.366519909806097,-53.397448841266986,0.5438596001022281,-3.789369466137134,0.0,0.017741341339179335,0.007436003815304888,0.0,-0.0009875638015182904,70.84099409009814,0.0,-1.5169080498484337,-1.4543788427342212,-0.06841922174617285,0.5140390900894114,0.0,-1.2528180077012467,0.0,-1.323217193578965,-0.13220617362757384,0.18933338718277468,,,GHI
2020Q2,2020,Q2,2020-08-04,2020-06-30,4588348.0,9589103.0,0.0,0.17814,0.0,0.0,1038489468.0,442291854.0,0.0,0.0,596197614.0,0.0,0.0,252050199.95999998,802082829.96,21.68904177147077,0.0,0.56445085584633,1.3253155437947541,0.0,21.68904177147077,0.01037402782462279,26.285065449813185,13.733167142073793,0.5698730322082757,1.8117960974189404,0.0,0.032982124201128525,0.009233702695577073,0.0,0.004418290354775172,38.384557368001694,0.0,0.4999999999999999,-0.4445873050578798,-0.32447117280511995,0.5636937095891875,0.0,0.5388068175911048,0.0,0.10396786010915374,-0.033956736516562704,0.2131299809509096,,,GHI
2020Q1,2020,Q1,2020-05-06,2020-03-31,2981757.0,9134190.0,0.0,0.11876,0.0,0.0,977516262.0,420831320.0,0.0,0.0,556684942.0,0.0,0.0,321675168.84000003,826132433.84,20.56567926662225,0.0,0.5520270526200207,1.2822606002804164,0.0,20.56567926662225,0.007085397065978835,35.21660583368641,26.970270283594537,0.7643802957441476,2.789205491929758,0.0,0.02585444512236103,0.009344284443218807,0.0,0.003050340046414491,142.46684138987865,0.0,-0.3014117647058824,0.17139261548822315,-0.02818660819367624,0.37639111231115446,0.0,-0.7145618353772097,0.0,-0.5957404281816862,-0.4698572110273595,0.17525463514769243,,,GHI
2019Q4,2019,Q4,2020-02-26,2019-12-31,10446245.0,15500831.0,0.0,0.17,0.0,0.0,1029168508.0,436324690.0,0.0,0.0,592843818.0,0.0,0.0,476062540.8,1012092837.8,21.171798818832837,0.0,0.5619472860901026,1.3254772495225975,0.0,21.171798818832837,0.02394144828247056,30.712065746668678,11.393149902189734,1.0910740366308405,0.9168941567041554,0.0,0.02011941746961327,0.015061509247035764,0.0,0.010150179410658764,92.8363433838224,0.0,-0.559552401605302,4.021094430209789,0.8069133834074512,0.3673402757355655,0.0,0.07605576611138369,0.0,0.8271389198648045,0.22021368448469364,0.33727910740233924,,,GHI
2019Q3,2019,Q3,2019-11-01,2019-09-30,9707903.0,18832608.0,0.0,0.385971,0.0,0.0,1033501170.0,435976869.0,0.0,0.0,597524301.0,0.0,0.0,500217666.71999997,1040634953.72,21.388433630131583,0.0,0.5623600726064006,1.3330977726710542,0.0,21.388433630131583,0.02226701389517984,26.561253052152946,12.881712629390712,1.1473490964494264,0.8623708951356436,0.0,0.016736340111486257,0.018222144828341124,0.0,0.009393219167811875,88.13227950441879,0.0,1.60000673627484,1.9218970019825308,1.036000487648299,0.4397944874225421,0.0,1.4980515620697907,0.0,1.0877815864554399,0.7108834020783885,0.11814975471962333,,,GHI
2019Q2,2019,Q2,2019-08-02,2019-06-30,3886190.0,8139399.0,0.0,0.14845,0.0,0.0,1000679805.0,415114494.0,0.0,0.0,585565311.0,0.0,0.0,432283298.03999996,990284944.04,20.396420339478727,0.0,0.5714351615200228,1.3775082158417722,0.0,20.396420339478727,0.009361730453092779,53.10997753519639,27.808939992640607,1.041359201589333,2.3421451344375854,0.0,0.021055685105737704,0.008133869554807294,0.0,0.003883549943330774,121.68301687583178,0.0,-0.375002631346281,0.059202809079183766,-0.08315123946103639,0.4533695047882649,-1.0,-0.39765923159893196,-1.0,-0.6479127223873491,-0.6408821388369098,-0.006372207628931319,,,GHI
2019Q1,2019,Q1,2019-05-03,2019-03-31,6451813.0,11269678.0,12888381.0,0.237521,10092860.0,0.8955766083112578,993198179.0,404493808.0,46678132.0,17423478.0,588704371.0,0.0,0.0,415797918.03,951057523.03,19.874578825677915,2.679036412821826,0.5773974561425369,1.417747541885734,0.013094263392506422,19.874578825677915,0.015950338107524258,36.89527935314567,16.11166962022923,1.0279463116775327,1.284122307946619,0.0,0.0199253450792946,0.011346857292214185,48.14962299719953,0.006495997612979917,118.41894200774938,0.8955766083112578,-0.6363626621105023,0.005057189807021003,-0.037674803778011336,0.4005979176291029,-0.4465437044062598,-0.536309452410294,12.224749632254001,1.5411168560985662,0.1674417273161537,0.21591856685904368,,,GHI
2018Q4,2018,Q4,2019-02-28,2018-12-31,13914049.0,19243607.0,-1148211.0,0.653181,18236056.0,0.9476423001155656,982713246.0,398816117.0,40280450.0,15119989.0,583897129.0,0.0,0.0,341536189.68,878311404.6800001,19.68763468058844,2.6640528640596233,0.57878240912609,1.426163877925726,-0.0011967553653637738,19.68763468058844,0.034888381905588836,17.748033914847667,6.136534909428592,0.8563750939884909,0.7446946607705637,0.0,0.030338565320730263,0.019582118261179924,3.6359005287636124,0.014158808845444218,44.75176861214247,0.9476423001155656,-0.12000102391101676,3.9592741512434837,0.8574135819710281,0.4184828391530115,-0.16121888375852267,-0.22194227999634292,0.5051637960235926,0.04628883582403556,0.08927283977137764,0.2759999002782353,,,GHI
2018Q3,2018,Q3,2018-11-05,2018-09-30,17883055.0,23347903.0,-2320386.0,0.742252,21741138.0,0.9311816140404557,1001216917.0,382840623.0,146115751.0,45165752.0,618376294.0,0.0,0.0,343824548.88,919720731.88,18.973642915174267,3.235100591262158,0.6001350254851916,1.5694921173503575,-0.002470702445466802,18.973642915174267,0.04671148756332475,14.726142595332865,4.806568968221593,0.8980879463253824,0.46645805204983154,0.0,0.02426148751499236,0.023319525073506125,3.746879471861777,0.017861319256953785,34.33012204994706,0.9311816140404557,5.2500168406871,2.742980346155503,1.2409658324455015,0.7492103836140793,1.9725121280076652,4.357221922153212,0.16412186516790792,6.079404762079087,1.516696751042789,0.28587375414970057,,,GHI
2018Q2,2018,Q2,2018-08-06,2018-06-30,3338121.0,8604549.0,-2775986.0,0.11876,7314062.0,0.8500227031073913,1023530880.0,381005818.0,852204419.0,50683715.0,642525062.0,0.0,0.0,384574942.05,985171563.05,18.873202695448473,16.814166424067377,0.6125121676836951,1.645447624109509,-0.002743458923430936,18.873202695448473,0.008761338652314227,44.69437527173127,28.80175269635223,1.0093676366117852,2.4989196017759694,0.0,0.021690690390627335,0.008406731216551083,17.35550854944236,0.0032613779078165183,80.71534110120446,0.8500227031073913,-0.5555572188270692,-0.397704199463473,-0.5522574443535923,0.49162973867368287,-0.24717316640769807,-0.44404530483466526,0.00041589533984770667,-0.591827162936155,-0.38768261881401406,0.36068290363540684,,,GHI
2018Q1,2018,Q1,2018-05-07,2018-03-31,6004304.0,11110957.0,-2777141.0,0.267211,9715464.0,0.8744038879819264,1033499630.0,381892605.0,868171639.0,15385929.0,651607025.0,0.0,0.0,375447162.24,957366743.24,18.858283158827053,56.42633857208102,0.6152681022246713,1.6650737607239083,-0.002731832434836364,18.858283158827053,0.015722493500496038,33.79071327879318,15.632418105412384,0.983122368237531,1.5183641601091484,0.0,0.024282298328232532,0.010750808880308936,58.26663336351026,0.005809681808981393,137.9901912985951,0.8744038879819264,-0.6086953338253729,-0.48668537131365575,-0.30712402776773934,0.4371259081894724,-0.5987289629301505,-0.616275952386628,-1.3100954793233093,1.383520033773051,0.19451114114238777,0.262120885809176,,,GHI
2017Q4,2017,Q4,2018-02-28,2017-12-31,15647453.0,26108877.0,8955761.0,0.682872,24211725.0,0.9273368977149037,1069767999.0,408154596.0,916604704.0,66918030.0,661613403.0,0.0,0.0,366148861.65,990419683.65,20.23222435819363,13.69742510351844,0.6486158883501992,1.7000139844070261,0.006502242450067231,20.23222435819363,0.03833707412178693,14.023922271723903,5.8499754185233845,0.8970837649222502,0.5192662345750455,0.0,0.02219095797098732,0.02440611144136496,14.108797703698091,0.014626959316998601,95.8216405139814,0.9273368977149037,3.6000134725496804,7.5146942198419895,48.370666906972055,0.5856875802866883,2.137294067386245,3.4133487595343146,1.7467589924560256,6.683388777134462,2.1091488687257596,0.30665964991449823,,,GHI
2017Q3,2017,Q3,2017-11-06,2017-09-30,3545483.0,9943236.0,3260483.0,0.14845,7717391.0,0.7761448083903469,1053195720.0,378407689.0,879553000.0,28376111.0,674788031.0,0.0,0.0,365637485.4,1000238589.4,18.783904357717695,30.99624892220079,0.636308338776766,1.7709926052797516,0.003381271843974393,18.783904357717695,0.009369479276093674,36.77248386742505,25.781923464306555,0.9662527903866138,2.2707554936802685,0.0,0.022018872028923546,0.009441014439367451,32.009261522835175,0.003366404679274618,75.5050920237544,0.7761448083903469,-0.16666666666666663,0.14646035852055767,-0.0026648142406731096,0.0,-0.05807698039442081,-0.13722611573465712,-0.19741463024387843,0.0797551035991452,0.08769101745932172,0.2644666932698531,,,GHI
2017Q2,2017,Q2,2017-08-07,2017-06-30,4109400.0,9814313.0,4062475.0,0.17814,8193229.0,0.8348245058008645,1024826768.0,360479110.0,852331724.0,14820528.0,664347658.0,0.0,0.0,359902856.25,992774651.25,17.878580293984538,57.510213131408,0.6325397747612307,1.7982836592112093,0.004090048589914658,17.878580293984538,0.011399828411693538,36.67122255526189,21.895097596364433,0.9984014226233527,2.1899671484888303,0.0,0.025005222503009794,0.009576558015900693,59.19454455333845,0.004009848423475215,110.22545236791427,0.8348245058008645,-0.4000020208756455,6.555079258991449,-0.2272169982739025,0.0,-0.4365920776594132,-0.4362082860122746,0.5330238964518533,0.13057761278054203,0.11591763060113426,0.2739580257566715,,,GHI
2017Q1,2017,Q1,2017-05-05,2017-03-31,7288862.0,17026484.0,2649975.0,0.296901,14542268.0,0.8540969468505653,1023531705.0,353853808.0,850721372.0,19150373.0,669677897.0,0.0,0.0,339720746.40000004,966241051.4000001,17.49891355590169,44.42322726559947,0.6343709362671868,1.8349350814390557,0.001980318753278357,17.49891355590169,0.02059851225339929,19.952489686067896,11.652050292624557,0.9600596029194067,1.1372787686198476,0.0,0.024400829469035924,0.016635033303633716,45.7314684157849,0.007121285998658928,71.23699383566083,0.8540969468505653,2.158521276595745,4.8008907717250295,0.2846877066037431,0.0,0.38095052694893045,0.2961813585710259,-0.5270332496977447,0.14279909334185042,0.46331047001412,0.23318044131340718,,,GHI
2016Q4,2016,Q4,2017-03-03,2016-12-31,5623335.0,12494659.0,5602878.0,0.094,10530622.0,0.8428098758037335,944113674.0,320917239.0,771858542.0,75089944.0,623191772.0,0.0,0.0,328376721.59999996,974024079.5999999,15.831997001702206,10.279119957793549,0.7058428421830061,2.0765350003525365,0.005700216448447124,15.831997001702206,0.01752269531397782,26.281367230590284,14.598842217296319,1.0232442564420792,1.4350935877019597,0.0,0.024575469176619003,0.013234273948244923,10.585494337297682,0.005956205438880234,61.16774629307238,0.8428098758037335,-0.5477072607419525,1.8472977461247582,-0.14324729933855235,0.0,0.21149120696857363,0.21623962754096318,0.6876641803475465,1.002997261912753,0.20522562369902764,0.14068634555572132,,,GHI
2016Q3,2016,Q3,2016-11-07,2016-09-30,4623542.0,10945220.0,3319901.0,0.20783,8692281.0,0.7941622918497755,913325015.0,387701889.0,734569534.0,14011546.0,525618421.0,0.0,0.0,358750219.8,836944435.8,19.12841597456214,52.426015944279094,0.5574239286547955,1.3131460858061488,0.0034545481880828874,19.12841597456214,0.011925508054462948,32.776885233919465,19.398018867353212,0.9253249209729799,2.1210900647166175,0.0,0.027336426457013143,0.011983926663828429,54.1128769801705,0.005062318368669668,-213.79313168754936,0.7941622918497755,-0.5333343811959556,16.526569194031502,-0.23312420339326095,0.0,-0.5703386987852327,-0.5799044696813445,0.03233962498833919,-0.03661690000659001,0.045827920301952055,0.7634791586614094,,,GHI
2016Q2,2016,Q2,2016-08-05,2016-06-30,11005930.0,22599997.0,3215900.0,0.445351,20230542.0,0.8951568444898466,945688913.0,416578849.0,768935884.0,44326570.0,529104691.0,0.0,0.0,333632850.36,820743976.36,20.527224073319516,17.347064841696525,0.5605698202787326,1.2725674029600096,0.002387547531475947,20.527224073319516,0.026419800300518857,14.76251746228108,7.578479291618246,0.8008876378646868,0.6913872794030127,0.0,0.02280758621877093,0.023897918955511747,17.776621741767972,0.011638002570090403,53.83906904374381,0.8951568444898466,2.7500084203435495,16.113769212687405,0.64693728518835,0.0,1.8946439361409722,3.3472694897633515,0.2702592104556328,0.9753930301335956,0.16984319702098236,0.6223541056741743,,,GHI
2016Q1,2016,Q1,2016-05-02,2016-03-31,2531688.0,9625634.0,2531688.0,0.11876,6988957.0,0.7260775757731907,874452838.0,331711430.0,689472244.0,41147951.0,542735934.0,0.0,0.0,518640789.3516,1056148523.3515999,16.345320622102065,16.75593139498003,0.6350601917767462,1.674136423336392,0.00285408029508496,16.345320622102065,0.007632200072213369,53.88120817305125,51.214919586418226,1.5635300518634525,3.4598824973693443,0.0,0.016889036072443995,0.011007607936884527,17.238346375983582,0.0028951681439908596,110.14987346325296,0.7260775757731907,-0.4601818181818182,0.06434832873301777,-0.2364955297910297,0.0,-0.5439643516130215,-0.8099707685212763,-0.7497339607099139,-0.7840251130573885,-0.4010294328389394,0.24562154178342446,,,GHI
2015Q4,2015,Q4,2016-03-03,2015-12-31,13322624.0,17698548.0,10115987.0,0.22,15325462.0,0.8659163452278684,872514595.0,313119341.0,675597442.0,33349552.0,559389768.0,0.0,0.0,507298490.0775,1052830371.0775,15.429181989979387,20.258066495166112,0.6447659056064271,1.7966557453887846,0.011552057931420437,15.429181989979387,0.04254807115220647,28.66328300363962,9.51949274552633,1.6201442186782706,0.5926494660511322,0.0,0.01556410309597764,0.020284529452484403,20.67262483765899,0.01526922767406544,97.7525310287651,0.8659163452278684,0.8524755810037049,5.805567908310414,0.4112711222565162,0.0,1.3955485562663394,4.243787709360876,3.4244498843807007,6.206580426746602,32.920744424997054,0.20925222172050498,,,GHI
2015Q3,2015,Q3,2015-11-05,2015-09-30,2540649.0,9330753.0,2286383.0,0.11876,6397475.0,0.6856333031214094,838400518.0,299446598.0,635765870.0,20789031.0,538946585.0,0.0,-21143357.0,460748183.9853,956588137.9853001,14.755447689902354,30.58179431258725,0.6309057445024145,1.766430831182794,0.002760004453461572,14.755447689902354,0.008484481096025008,49.37952853165227,45.337646403074565,1.5386656153806098,3.320477956616597,0.0,0.018309717310289287,0.01112923095784633,30.972188314116227,0.0030303523738996543,448.78404999644476,0.6856333031214094,-0.6666676022577684,1.5753327448028165,-0.19870883932987618,0.0,-0.4601814438724047,-0.6909663968016624,-0.7136040945499321,-0.1844785346942374,-0.07095408446681836,0.0,,,GHI
2015Q2,2015,Q2,2015-08-06,2015-06-30,8221271.0,14126433.0,7983295.0,0.356281,11851158.0,0.8389349243365257,779766841.0,281485267.0,621071990.0,62257262.0,498285400.0,0.0,-21169668.0,506701847.3889,1036580378.3889,13.870390114422664,9.975896305879948,0.6829058598043155,1.8917769682062968,0.009807576730192731,13.870390114422664,0.029206754185113353,35.86905819670825,15.408257658362679,1.8001007753947562,0.92536701441906,0.0,0.015014141036199935,0.018116226873514874,10.189198779734323,0.010543242630651949,87.2327115430992,0.8389349243365257,2.00000842034355,5.684924498624891,0.11813522391711453,0.0,0.8625207391457476,2.2566208710787454,2.1634700275956296,14.016878005233595,0.10512206570370347,0.0,,,GHI
2015Q1,2015,Q1,2015-05-07,2015-03-31,2524479.0,9321572.0,2523588.0,0.11876,6362967.0,0.6826066461751301,772732368.0,303227225.0,606020018.0,12603230.0,469522029.0,0.0,-21237622.0,522220645.4832,953768342.4832001,14.941740819649423,48.08450040188111,0.5897940384969095,1.5030079967258876,0.003324972249703141,14.941740819649423,0.008325370520407592,56.02280875835106,51.71568524467821,1.7222089655148876,3.0174107211824697,0.0,0.014586535530305941,0.012063131280660938,8.36424599090868,0.0032669512816370077,127.98239526988709,0.6826066461751301,2.492941176470588,1.6344177884777693,-0.33726914909117744,0.0,0.14823019509187244,0.24928071118289977,0.2494871760594029,1.001946732919237,-0.2991782892887875,0.0,,,GHI
2014Q4,2014,Q4,2015-03-05,2014-12-31,2020746.0,8332351.0,2019699.0,0.034,5541543.0,0.6650635576921807,744239217.0,309943899.0,575287818.0,12244479.0,434311313.0,0.0,-21091456.0,519216483.8496,892089974.8496001,15.48392832021524,46.983446008605185,0.5671117892729912,1.361752353770319,0.0027591111836880676,15.48392832021524,0.006519715363069624,62.31332355653284,64.23574311783867,1.6751950450542665,3.7647942888418435,0.0,0.014652256306646265,0.011195796740713812,10.59013233637789,0.0027151834434975763,6629.762549793146,0.6650635576921807,-0.8091388795329516,2.4134101485812085,0.6830345441437176,0.0,0.0,-0.38910203641119295,0.0,1.3083253482236523,-0.4214324941271527,0.0,,,GHI
2014Q3,2014,Q3,2014-11-06,2014-09-30,3307829.0,9209056.0,0.0,0.17814,0.0,0.0,736007873.0,301470948.0,0.0,0.0,434551873.0,0.0,0.0,576533394.7178999,931564560.7178999,14.855199000254705,0.0,0.5700249377631318,1.3916526444199857,0.0,14.855199000254705,0.010972297735302838,62.60504819580855,43.57339774198575,1.9124011734553605,2.3638987988798696,0.0,0.013562740808493928,0.012512170505002192,0.0,0.004494284805021373,1845.1548519093762,0.0,0.19999999999999996,3.526281651064294,-0.5499342363996738,0.0,-1.0,-0.09584040484827347,-1.0,11.523250618419612,-0.35558214262237725,0.0,,,GHI
2014Q2,2014,Q2,2014-08-08,2014-06-30,3658457.0,8852128.0,3658083.0,0.14845,6581958.0,0.7435452808635392,653345332.0,284803225.0,473456529.0,19538181.0,368553906.0,0.0,-20710349.0,618901113.7992,889650354.7992,14.033884894571386,24.232375009730948,0.48062748690458235,1.1025708188522092,0.006108829722239084,14.033884894571386,0.012845560298693949,69.91551791831299,42.29249611237743,2.173083235975295,2.2673558825482982,0.0,0.01340282609782358,0.013548926680017972,24.74565769454178,0.005599576243700781,-268.07597846005376,0.7435452808635392,-0.5000016840630379,2.5777293656512925,-0.5623957753593432,0.0,-0.2630209972054635,-0.3949792527620675,-0.39503079848499834,6.023934803559602,-0.35491585877379633,0.0,,,GHI
2014Q1,2014,Q1,2014-05-08,2014-03-31,6046829.0,11031291.0,6046726.0,0.296901,8930998.0,0.8096058747792982,610882586.0,272041457.0,440921768.0,15028522.0,338852554.0,0.0,-20568667.0,556474549.3635,832236740.3635,14.1900673815945,29.338997407729117,0.5278609988073878,1.1853380567653702,0.010171068248859603,14.1900673815945,0.022227601140954043,50.4450974381421,23.006874733992806,2.0455505403483407,1.0660260113193212,0.0,0.011583776845451555,0.018057956230561136,29.602992563074398,0.009898512641511113,-125.44133007783354,0.8096058747792982,7.247250000000002,-0.9442791581138819,-0.4467490131174492,0.0,0.8253187359578061,1.9830331798444458,-0.34705864504048217,1.6910244574471633,-0.07375699917894527,0.0,,,GHI
2013Q4,2013,Q4,2014-03-07,2013-12-31,2027074.0,7485349.0,9260749.0,0.036,4892843.0,0.6536559617995099,534233032.0,203134087.0,89756452.0,11896770.0,331110267.0,0.0,-20455896.0,426978838.791,730022143.791,13.87936049500895,7.544606813446003,0.5884348237006805,1.5475557285469277,0.017895325977260314,13.87936049500895,0.00997899481045739,57.04194136986799,52.65950315467023,2.101955634806875,2.6642451138932275,0.0,0.01264845352826379,0.014011393065638816,7.669522483833847,0.0037943629064104744,-167.97347806952322,0.6536559617995099,-0.8484344542166797,1.4262737262870115,1.9010536220938754,0.0,0.013252223614318109,-0.4057695413921957,3.6099799487069206,0.4358128844565107,-0.17236563899979462,0.0,,,GHI
2013Q3,2013,Q3,2013-11-07,2013-09-30,3411259.0,7438805.0,2008848.0,0.237521,4828850.0,0.6491432427654711,450054727.0,156266720.0,292486165.0,10561101.0,293797668.0,0.0,-25897611.0,435963074.6448,702427498.6448,10.846975922914678,27.694666020143163,0.6185270685980374,1.7813839760634893,0.004621890287666246,10.846975922914678,0.021829721645146197,58.606600743640946,31.9503059313878,2.7898651398378362,1.7210021285396389,0.0,0.013466241389326858,0.016528667634680794,27.380612873600963,0.007579653751753617,168.7744253517561,0.6491432427654711,-0.11111069529323257,5.655343424379081,-0.5921305436379388,0.0,-0.29414830917761414,-0.13751681347910072,-0.49002606928097375,2.0881738605762576,-0.10011708723950469,0.0,,,GHI
2013Q2,2013,Q2,2013-08-09,2013-06-30,3955160.0,13714234.0,3939119.0,0.267211,6841168.0,0.49883704769803405,466128248.0,182281415.0,300548244.0,10407940.0,282482563.0,0.0,-25578906.0,469860076.731,717807814.731,12.652739621717396,28.876823271463902,0.5833876495723554,1.4918331800309976,0.008672368939883119,12.652739621717396,0.021698097965719653,34.260759786583776,29.699182633003467,2.577663097090836,1.365462332750129,0.0,0.011494107006439526,0.029421589570774093,28.438684408249856,0.008485132615262571,-2169.0421368703865,0.49883704769803405,-0.5263148564732828,3.5901747894985285,-0.23320263476466122,0.0,-0.26841034744575504,-0.5247016557017992,-0.3996213720409117,3.5303397362735613,0.5291234292713062,0.0,,,GHI
2013Q1,2013,Q1,2013-05-10,2013-03-31,8321426.0,11408136.0,6561058.0,0.564111,9351100.0,0.819686932203473,442046482.0,189044982.0,300256747.0,10846487.0,251788076.0,0.0,-25276767.0,535955557.1472,763445166.1472,13.122220573272662,27.682395876194754,0.544797732379646,1.27390803211058,0.015262856718636758,13.122220573272662,0.044018232655337025,46.9801163965086,16.101674074467525,2.83506894220128,0.6689849792571609,0.0,0.010386885490341228,0.025807548446907445,27.66182599029529,0.018824775988150494,382.54450100012275,0.819686932203473,5.192571327417603,195.1591413606309,-0.3862291726899221,0.0,7.424598853326829,5.407025886262441,2.2087665407005037,11.232629317879217,0.14254125805360712,0.0,,,GHI
2012Q4,2012,Q4,2013-03-08,2012-12-31,1298797.0,-389534.0,2044729.0,0.091094792481824,-1455515.0,-3.7365544471085963,413150755.0,181917192.0,254744329.0,10580855.0,229179824.0,0.0,-25035808.0,541736254.9566001,728630988.9566001,12.759275288348853,24.07596824642243,0.5253954019762108,1.193221512566003,,12.759275288348853,0.007139495644809645,-1390.7290633336245,104.27654494054883,2.9779277538353823,4.396710956369625,0.0,0.010540987330555307,-0.0009428374395685178,23.766210953651665,0.0031436394204338316,659.4139495687378,3.7365544471085963,-0.4886337011237004,1.438936585730029,-1.0195080864810802,0.0,-1.3194210846028116,-0.4127254566558463,-0.18691406312132772,2.275416285389323,-1.1104650892761792,0.0,,,GHI
2012Q3,2012,Q3,2012-11-09,2012-09-30,2211567.0,7129685.0,2514776.0,0.17814,4556728.0,0.6391205221549059,395659628.0,0.0,275574772.0,9366049.0,206599079.0,0.0,-24525004.0,557560952.2038,694408620.2038,0.0,29.422734388854895,0.4861808341992375,0.0,,0.0,0.0,78.20274699426412,63.027816046699016,0.0,2.515192621340434,0.0,0.009976518222830614,0.018019743475065898,21.721074489360454,0.005589569527674934,-364.0382294357534,0.6391205221549059,5.0,5.165960995074554,-0.6055509498731315,0.0,-0.030232709093946628,6.226209614178168,0.33421121463295844,3.2629260372949918,-0.5091595129461545,0.0,,,GHI
2012Q2,2012,Q2,2012-08-08,2012-06-30,306048.0,7145827.0,1884841.0,0.02969,4698785.0,0.6575565011579485,353146684.0,0.0,232140585.0,9159439.0,162851354.0,0.0,-24011830.0,409706468.34,475475588.34,0.0,25.34441083127471,0.4178433401345487,0.0,,0.0,0.0,57.33506679352858,334.6750087731336,0.0,12.427465626306985,0.0,0.009283233958717246,0.020234727731437512,24.6435407234002,0.0008666313853877218,339.9726402603567,0.6575565011579485,-0.6666666666666666,-0.8443709196027005,-0.37769971739582364,0.0,0.07529983449831386,-0.5145424090147708,-0.07700169189823146,1.2360988467075216,-0.36808875400816543,0.0,,,GHI
2012Q1,2012,Q1,2012-05-09,2012-03-31,630432.0,6649678.0,2042085.0,0.08907,4369744.0,0.6571361801278197,298724266.0,0.0,177025583.0,6861930.0,167317393.0,0.0,-23752821.0,401316842.115,538176375.115,0.0,25.798220471500002,0.5164934776339863,0.0,,0.0,0.0,60.35131958494833,159.14358809316468,0.0,6.204221866910309,0.0,0.009746264271857246,0.02226025387572632,23.94059936490171,0.0021104144247859665,-385.02379037759147,0.6571361801278197,1.807671381936888,-0.7806779528829652,-0.4838369690920809,0.0,-0.05680197854390186,1.1897805472771608,1.9824853535428861,-0.9890227673484078,-0.3698250886270897,0.0,,,GHI
2011Q4,2011,Q4,2012-03-02,2011-12-31,-3321900.0,7299575.0,-2078489.0,-0.11028,4632902.0,0.6346810601987102,297976545.0,0.0,176799110.0,7470617.0,166387500.0,0.0,-23512962.0,360439442.11800003,499142912.11800003,0.0,23.665931475271723,0.5333201074601358,0.0,,0.0,0.0,49.37814079833415,-27.126000340016258,0.0,-1.144947168788946,0.0,0.010552119317604674,0.024497146243507188,21.804590303585368,-0.011148192888806063,-97.32502708088462,0.6346810601987102,-4.714381946783429,-16.82512344258065,-0.4587947637182216,0.0,-0.012634201898305778,-26.155999151849272,-1.86031847473854,-0.00770373871915298,3.08101912999286,0.0,,,GHI
2011Q3,2011,Q3,2011-11-07,2011-09-30,132052.0,7144413.0,2415953.0,0.02969,4692184.0,0.6567627039478261,297409608.0,0.0,174917054.0,7320235.0,160175127.0,0.0,-23163457.0,351487808.9541,493931629.9541,0.0,23.895005283300332,0.5139541154299225,0.0,,0.0,0.0,49.19757703734373,665.4344670169706,0.0,29.283471662678338,0.0,0.011001636191896985,0.024022132465875146,21.59274517826272,0.00044400717545076753,-585.8589072045644,0.6567627039478261,1.8274146958468376,-0.9963240389816903,-0.39245780681407444,0.0,0.07652997428772737,1.3627204306982366,20.997624408171372,-0.634175673018625,-0.44376746900963054,0.0,,,GHI
2011Q2,2011,Q2,2011-08-09,2011-06-30,-364060.0,6860414.0,-120812.0,-0.0358828531195147,4358619.0,0.6353288591621439,293871126.0,0.0,167507738.0,6943690.0,154875851.0,0.0,-22920474.0,417728676.8718,563762439.8718,0.0,24.1237350745785,0.5033912756709552,0.0,-0.0008166716363996061,0.0,0.0,60.88971844436794,-286.8542801130308,0.0,-10.447181783222545,0.0,0.009104955466505488,0.02334497469479189,21.11378028108974,-0.001238842362485112,260.18149597627695,0.6353288591621439,-1.2417167606568857,-1.184387518169549,-0.42615764084846847,0.0,0.07246316545771286,-1.3061452739464536,-1.054990532372005,-1.599942949946504,-0.45533282336759623,0.0,,,GHI
2011Q1,2011,Q1,2011-05-10,2011-03-31,1189174.0,6302847.0,2196960.0,0.14845,4064120.0,0.6448070213349618,268656613.0,0.0,149496409.0,6616552.0,140211655.0,0.0,0.0,376549946.8227,496818164.8227,0.0,22.59430727666011,0.49727085258831877,0.0,,0.0,0.0,59.74283475748341,79.16207948178736,0.0,3.1983536471534024,0.0,0.010100649414753058,0.023460606197696687,19.21672753422024,0.004426371592796042,-326.2090413521889,0.6448070213349618,3.9483333333333333,-0.15668612441681096,-0.4579129603326599,0.0,0.2957822639938121,0.33127868015587897,2.22263150484359,38.80411979276851,-0.5184957326573206,0.0,,,GHI
2010Q4,2010,Q4,2011-03-14,2010-12-31,893257.0,5722400.0,-1796911.0,0.03,3136422.0,0.5480955543128757,241607249.0,0.0,143766629.0,7331702.0,113585684.0,0.0,0.0,355392518.805,448369452.805,0.0,19.608902407653776,0.4397797766407249,0.0,,0.0,0.0,62.105500979484134,99.46536069826489,0.0,4.257901141552767,0.0,0.010701969790441435,0.02368471982394866,16.1645785657955,0.003697144865053283,190.64322188731109,0.5480955543128757,1.2526103065005052,-0.9834942293157918,-0.5787962715473746,0.0,-0.1138781740774738,1.4046055596648674,-2.2215391748049997,1.4648005647614395,-0.5587576100985984,0.0,,,GHI
2010Q3,2010,Q3,2010-11-09,2010-09-30,-2207723.0,5821640.0,1471022.0,-0.11876,3539493.0,0.6079889859214929,250057505.0,0.0,153333048.0,7244905.0,113745705.0,0.0,0.0,423097830.52739996,502121030.52739996,0.0,21.164259296705755,0.4259052332782413,0.0,,0.0,0.0,72.67674238314288,-47.91110915266544,0.0,-1.9265922400591016,0.0,0.010052951570794095,0.023281204857258733,17.432719683694955,-0.008828861185350145,-549.246590431299,0.6079889859214929,-1.8,-0.14805416000916163,-0.5790694108571991,0.0,0.2879749587625227,-4.895656362821459,0.6035995966533126,-9.74011359712332,-0.5426615231848596,0.0,,,GHI
2010Q2,2010,Q2,2010-08-09,2010-06-30,566714.0,5821832.0,917325.0,0.14845,2748107.0,0.47203474782508326,220211983.0,0.0,127228780.0,7741185.0,79772734.0,0.0,0.0,329202570.303,383358359.303,0.0,16.43531061458937,0.32710095072346723,0.0,,0.0,0.0,56.54621608850959,145.22429757470258,0.0,4.8695885402513435,0.0,0.008382875010544388,0.026437398731385113,14.723955440930554,0.0025734930146830383,728.1406244951494,0.47203474782508326,0.0,6.975294252500247,-0.5448843820364413,0.0,-0.09697452239764302,0.6313386606484893,-0.3143904571851387,-0.6503980090016457,-0.3849422153160742,0.0,,,GHI
2010Q1,2010,Q1,2010-05-10,2010-03-31,347392.0,5098996.0,1337970.0,0.14845,3043222.0,0.5968276892156809,194269200.0,0.0,101543313.0,5824159.0,91105321.0,0.0,0.0,298794259.8534,375476300.8534,0.0,17.43484561462007,0.438984471032979,0.0,,0.0,0.0,58.59864566542119,215.02672762570813,0.0,7.938999746683861,0.0,0.009230247600315863,0.02624706335332621,15.286734101867754,0.0017881990557432675,-302.8669112084196,0.5968276892156809,3.078549425931112,-0.8051791640125805,-0.5682309085882723,0.0,1.644027530115561,1.2226729055829755,3.3094409577663164,-0.833332792693898,-0.45417018412420385,0.0,,,GHI
2009Q4,2009,Q4,2010-03-29,2009-12-31,-1560100.0,5402359.0,-579348.0,-0.07142,-4725298.0,-0.8746730826292736,190770720.0,0.0,92950696.0,6689793.0,92169980.0,0.0,0.0,780513346.224,848712998.224,0.0,13.894405402379416,0.44807812750300463,0.0,,0.0,0.0,144.4763937798284,-125.07424944298441,0.0,-1.8965085571437728,0.0,0.0037907654165222552,0.028318596270958143,13.105559319996896,-0.008177879708164859,-123.21843029255548,-0.8746730826292736,-1.3436462493384016,-1.3766691833775233,-0.8597942453708904,0.0,-1.817879218021771,-8.56049217587679,-1.4573286107061127,-2.888423610146091,-0.8139528598444886,0.0,,,GHI
2009Q3,2009,Q3,2009-11-06,2009-09-30,206349.0,5777501.0,1266809.0,0.20783,5777501.0,1.0,173572991.0,0.0,77089720.0,12279144.0,92439948.0,0.0,0.0,213007795.275,286731967.275,0.0,6.278102121776567,0.46182763538366406,0.0,,0.0,0.0,36.86849994054523,258.06739465056773,0.0,13.156957387726619,0.0,0.01274566030081173,0.03328571436554896,5.776106298614953,0.0011888312738702533,47.59815649365929,1.0,2.4999999999999996,1.0874576223026104,-0.3026238375048122,0.0,1.4118786726090782,1.3617834863929477,2.2316638562853477,-0.9898294042119519,-0.13010259819040362,0.0,,,GHI
2009Q2,2009,Q2,2009-08-07,2009-06-30,-570366.0,4975702.0,391999.0,0.05938,2395436.0,0.4814267413924708,174666786.0,0.0,27003534.0,6126980.0,93457235.0,0.0,0.0,162217277.9913,229243910.9913,0.0,4.407315512699568,0.49998203436341926,0.0,,0.0,0.0,32.60188773188185,-71.10227379932358,0.0,-4.264500338379216,0.0,0.014994247407667945,0.028486824049078225,3.4571948986286882,-0.0032654519674965568,262.0702279724516,0.4814267413924708,-0.8333338011288842,-1.4831273131884497,1.5950179793299093,0.0,-0.49395069547460896,-1.0221388988191236,0.8204992453268315,-1.5871418064729839,-0.15408356544898827,0.0,,,GHI
2009Q1,2009,Q1,2009-05-11,2009-03-31,25763070.0,4733602.0,215325.0,0.356281,4733602.0,1.0,187849724.0,0.0,49132747.0,5848024.0,119785391.0,0.0,0.0,111228108.89940001,213707816.8994,0.0,8.401598044057275,0.6065346521350226,0.0,,0.0,0.0,23.4975625114659,1.0793367104483278,0.0,0.09441138032074593,0.0,0.021867916519194914,0.025198876523236203,2.1544511445233465,0.1371472337111339,-102.21837673704353,1.0,4.2554915935672515,1.5264409548343219,-0.2866340633711909,0.0,-0.48257817535865954,18.42174672772568,1.1709658568499883,39.72763776859387,-0.0924474818256935,0.0,,,GHI
2008Q4,2008,Q4,2009-03-04,2008-12-31,-1478788.0,802382.0,-1259462.0,-0.10944,9148439.0,11.40160048455723,157863276.0,0.0,65306615.0,62794570.0,116900233.0,0.0,0.0,110960490.7542,191654583.75419998,0.0,1.0400041755202718,0.5567499245359636,0.0,,0.0,0.0,138.28885836696236,-18.7586879853975,0.0,-1.6448104799335672,0.0,0.021920649264143,0.005082765417841703,0.8353907192930854,-0.009367523831191747,74.6877249450917,11.40160048455723,-1.409563977530865,-2.9869585218816037,-0.7495448458008714,0.0,2.2436879117793262,-10.132323425698917,-2.264012444801285,-1.055596197360552,-0.8798358375750449,0.0,,,GHI
2008Q3,2008,Q3,2008-11-07,2008-09-30,161929.0,5761856.0,996400.0,0.267211,2820382.0,0.4894919276011063,166458685.0,0.0,79400744.0,10081479.0,113335639.0,0.0,0.0,141210898.9527,234425171.9527,0.0,7.875902335361706,0.6199498512198387,0.0,,0.0,0.0,24.507884083305793,218.0136031110857,0.0,15.020947452278469,0.0,0.017224782350650798,0.034614330877358546,6.906592375979755,0.0009727879323328789,106.38125164057061,0.4894919276011063,0.12499947373074366,-0.929219029181806,0.8108530972756944,0.0,0.006903854419994831,-0.4051473640514736,-0.13154814355777636,1.1877112040336755,-0.07130029297518947,0.0,,,GHI
2008Q2,2008,Q2,2008-08-08,2008-06-30,272217.0,5650298.0,1147329.0,0.237521,2801044.0,0.4957338533295058,151430606.0,0.0,72774026.0,8905289.0,93961891.0,0.0,0.0,184980119.6799,242230148.6799,0.0,8.172000481960776,0.42984290771444184,0.0,,0.0,0.0,32.73811747272445,169.8829607260935,0.0,6.769132713974513,0.0,0.009961465065481984,0.037312787350266566,7.768878584400798,0.001797635281205967,230.88373028371794,0.4957338533295058,0.6000067362748401,-0.8755763133134178,0.7798244783005575,0.0,0.0,19.311669900014923,-0.25217049534223435,6.871332600064948,-0.09242260601433022,0.0,,,GHI
2008Q1,2008,Q1,2008-05-09,2008-03-31,13402.0,5872038.0,1534212.0,0.14845,0.0,0.0,157735388.0,0.0,0.0,0.0,100411234.0,0.0,0.0,185113928.7525,201350445.7525,0.0,0.0,0.12628745047370094,0.0,,0.0,0.0,31.524647618509963,3453.102685280182,0.0,181.4898522608566,0.0,0.013139621725883505,0.03722714398115913,0.0,8.496508088597088e-05,962.0156049562682,0.0,3.2972763850201177,-0.9939257280792017,0.9026587771440013,0.0,0.0,1.0153488127060042,2.227168414299387,-0.9878508283962557,-0.19625700841432253,0.0,,,GHI
2007Q4,2007,Q4,2008-03-13,2007-12-31,-873162.0,5892316.0,475405.0,-0.06462,0.0,0.0,164879008.0,0.0,0.0,0.0,100507029.0,0.0,0.0,167038065.792,172136119.792,0.0,0.0,0.12081586517065895,0.0,,0.0,0.0,28.348456836327177,-47.82562279164691,0.0,-2.78586333349367,0.0,0.014562608759065869,0.035737211616411475,0.0,-0.005295774220087496,143.39963908612577,0.0,-1.310927200115479,-1.4526150406209635,1.0802101622105944,0.0,0.0,-8.705753090995737,-0.612865845664249,-2.0944861428786665,-0.2060809645702814,0.0,,,GHI
2007Q3,2007,Q3,2007-11-13,2007-09-30,113313.0,5710312.0,1228011.0,0.20783,0.0,0.0,158975361.0,0.0,0.0,0.0,88888772.0,0.0,0.0,192474793.1442,197925932.1442,0.0,0.0,0.12530243601711336,0.0,,0.0,0.0,33.706528320028745,424.65293731566544,0.0,16.440946758094835,0.0,0.009679049238433426,0.0359194781133411,0.0,0.0007127708299401188,226.29769997836664,0.0,-0.41666830395109483,-0.9495127862924269,0.7992775135967441,-1.0,0.0,-0.8512831752714788,-0.046602698524964736,1.0604650881787165,-0.13220616161001272,0.0,,,GHI
2007Q2,2007,Q2,2007-08-14,2007-06-30,761938.0,4449112.0,1288037.0,0.356281,0.0,0.0,160648738.0,0.0,0.0,0.0,87744438.0,0.0,0.0,197394482.9727,206814463.9727,0.0,0.0,0.12399723924379662,0.0,,0.0,0.0,44.36716427293806,64.7672392546047,0.0,1.7606905023768338,0.0,0.006796223378672326,0.02769465888988185,0.0,0.004742881951553208,250.13873707162227,0.0,-0.07692287762552107,-0.6483965659862818,0.4532878861044343,0.0,0.0,-0.18837167932320456,-0.12233650750387544,-0.2670662760102267,1.6350960951316311,0.0,,,GHI
2007Q1,2007,Q1,2007-05-14,2007-03-31,938777.0,4207462.0,1467575.0,0.385971,0.0,0.0,100334991.0,0.0,0.0,0.0,53954159.0,0.0,0.0,155916730.6848,194249743.6848,0.0,0.0,0.45617186530669046,0.0,,0.0,0.0,37.05719283615633,41.52123738779284,0.0,1.646709495439279,0.0,0.009914862845124458,0.041934144390365274,0.0,0.009356426812257351,315.97142312686947,0.0,21.976684782608697,-0.4989028222369189,0.6912713531217556,0.0,0.0,16.42417521030494,0.5239489183890477,1.02634876390452,-0.12906332113562474,0.0,,,GHI
