Quarters,Year,Quarter,FillingDate,Date,NetIncome,Revenue,OperatingIncome,EPSDiluted,GrossProfit,GrossProfitRatio,TotalAssets,CommonStockEquity,CurrentAssets,CurrentLiability,TotalLiability,Inventory,RetainedEarnings,MarketCap,EnterpriseValue,bookValuePerShare,currentRatio,debtToAssets,debtToEquity,roic,shareholdersEquityPerShare,roe,priceToSalesRatio,peRatio,pbRatio,payoutRatio,inventoryTurnover,dividendYield,assetTurnover,quickRatio,returnOnAssets,priceToFreeCashFlowsRatio,grossProfitMargin,epsdilutedGrowth,fiveYNetIncomeGrowthPerShare,fiveYRevenueGrowthPerShare,fiveYShareholdersEquityGrowthPerShare,grossProfitGrowth,netIncomeGrowth,operatingIncomeGrowth,threeYNetIncomeGrowthPerShare,threeYRevenueGrowthPerShare,threeYShareholdersEquityGrowthPerShare,Industry,Sector,Symbol
2023Q1,2023,Q1,2023-02-17,2023-03-31,1079031000.0,3219669000.0,1752488000.0,22.35,2084042000.0,0.6472845501,23350680000.0,8012896000.0,5278792000.0,2644514000.0,15151711000.0,746091000.0,6172383000.0,78160480013.97594,86203909013.97594,165.99752340827482,1.99612934550545,0.4657098636956183,1.3571425362315948,0.06505013902953255,165.99752340827482,0.13466180017811288,24.275936443769822,18.108951460610477,9.754336012095495,1.3302175748426135,1.5221025317287034,0.018364088855945416,0.13788330789510198,1.6967824711837411,0.046209832004892364,128.20864946070344,0.6472845500577854,-0.04650170648464163,0.8071130250535735,0.697955300286799,0.06325296757737259,-0.01008702888644635,-0.0450309404626201,0.0020429809338932997,0.13134898743227102,0.7186022030360858,-0.22971373959028582,Airports & Air Services,Industrials,OMAB
2022Q4,2022,Q4,2022-12-31,2022-12-31,1129912000.0,3665558000.0,1748915000.0,23.44,2105278000.0,0.5743403869,23069978000.0,8369211000.0,5593477000.0,5259018000.0,14515358000.0,672588000.0,6528698000.0,58140591064.74704,65196712064.74704,173.37905033102777,1.0635972343125655,0.4504790164949442,1.2417587512132267,0.0677619118595235,173.37905033102777,0.1350081865542642,15.861320722451271,12.863964420403322,6.946962033188916,7.169267164168537,2.31981539962057,0.13932849411487566,0.15888866473994903,0.9262660823750746,0.0489775933032966,265.36824862728804,0.574340386920627,0.0,0.8537910582246485,0.9783396184716087,0.2060936628019471,0.0,0.0,0.0,0.5110971543859588,0.642025334196324,-0.1266595822820014,Airports & Air Services,Industrials,OMAB
2022Q2,2022,Q2,2022-06-30,2022-06-30,924513000.0,2917530000.0,1401979000.0,19.12,1702846000.0,0.5836601509,19877729000.0,6126018000.0,3826136000.0,4250050000.0,13574415000.0,158075000.0,4300386000.0,50064387482.77911,57509965482.77911,126.90840070238187,0.9002567028623193,0.46293965472615106,1.5021485408629227,0.06874457074986391,126.90840070238187,0.15091581513472535,17.159853534592315,13.53804313264906,8.172419258771214,1.941574645245659,7.68422584216353,0.0358540489607995,0.14677380902013504,0.8533240785402525,0.04650999115643442,113.75245101366026,0.5836601508810535,0.22642719692110336,0.8584093143752644,0.7103900656241304,0.057426362861322,0.16863572944768562,0.22842382617083953,0.13651979779048162,0.10963229359177144,0.37180202085361164,-0.2528740050185914,Airports & Air Services,Industrials,OMAB
2022Q1,2022,Q1,2022-03-31,2022-03-31,752601000.0,2206233000.0,1233572000.0,15.59,1457123000.0,0.6604574404,20428823000.0,7478263000.0,4983661000.0,3487521000.0,12763830000.0,194650000.0,6124443000.0,57159072494.13767,63104813494.13767,154.92190805867634,1.42899813363131,0.4506286044966957,1.23100939349151,0.05324082100606374,154.92190805867634,0.10063847714368965,25.907994529198717,18.987176636138432,7.643362167676862,5.747853112073994,3.8484973028512717,0.07568072418326355,0.10799608964256041,1.3574392813692018,0.03684015471669611,129.80962572193053,0.6604574403519483,-0.2590304182509505,0.8244215872012793,0.38986309539774877,0.0,-0.06492420557353105,-0.2589249404019288,-0.10996727958816294,0.013475149953628487,0.15762782207066833,-0.16307332424543708,Airports & Air Services,Industrials,OMAB
2021Q4,2021,Q4,2021-12-31,2021-12-31,1015553000.0,2679766000.0,1385985000.0,21.04,1558294000.0,0.5815037582,22889141000.0,11055961000.0,7776430000.0,4902430000.0,11650909000.0,0.0,9702141000.0,53023433608.024605,54957627608.024605,229.03855795688267,1.5862398851181965,0.3460749357085965,0.7164784680409058,0.058840957252988796,229.03855795688267,0.09185569666897342,19.78659092175384,13.052847465377141,4.795913589784245,1.9494698947273061,0.0,0.03733801953746686,0.11707586580029368,1.5445262859439095,0.04436833169056017,87.54595552653717,0.581503758163959,0.2644230769230768,0.8209913428736044,0.718365931498772,0.7166523865292068,0.059769805387348274,0.2548024113683737,0.1681181211130786,0.268315170028508,0.35090224632808537,0.3494741987620628,Airports & Air Services,Industrials,OMAB
2021Q3,2021,Q3,2021-09-30,2021-09-30,809333000.0,2376867000.0,1186511000.0,16.64,1470408000.0,0.6186328473574668,20824629000.0,12019757000.0,6380217000.0,1884788000.0,8625157000.0,0.0,10668934000.0,46459407039.35696,46983341039.35696,247.70570829355262,3.385111216752229,0.25007485127346085,0.43326300190594536,0.04824761652580115,247.70570829355262,0.06733355757524882,19.54648999685593,14.35114070455454,3.86525343560248,0.0,0.0,0.0,0.11413730347849174,3.2790260761422503,0.03886422178277462,47.16944875141196,0.6186328473574668,0.3081761006289308,0.6965250120890322,0.6079378522025524,1.0338494033600727,0.13238270384163978,0.3055316279684995,0.14432764984380772,0.13454397573919397,0.22499067580106707,0.0,Airports & Air Services,Industrials,OMAB
2021Q2,2021,Q2,2021-06-30,2021-06-30,619926000.0,2180791000.0,1036863000.0,12.72,1298508000.0,0.595429823398941,20095145000.0,11685276000.0,6027177000.0,1518751000.0,8232607000.0,0.0,1500000000.0,50945024576.51403,51947405576.51403,239.6294278411935,3.968508991928236,0.25841953367343207,0.4444035382647359,0.043361920754987994,239.6294278411935,0.05305189197071597,23.360801001340352,20.544800740940865,4.3597621978731205,0.0,0.0,0.0,0.1085232776374592,3.822263820731641,0.030849541020977953,72.28572118471342,0.595429823398941,0.5,0.3940690278338986,0.6376187967610049,1.2063882911377322,0.5798721753191054,0.4937651954535926,0.6952759806350032,-0.11272992388648764,0.10664056392031739,0.7371483643191731,Airports & Air Services,Industrials,OMAB
2021Q1,2021,Q1,2021-03-31,2021-03-31,415009000.0,1482586000.0,611619000.0,8.48,821907000.0,0.5543739115302586,18708759000.0,11065350000.0,5018835000.0,4320345000.0,7466082000.0,0.0,9239675000.0,49988944149.04192,51516698149.04192,226.91663332235802,1.1616745884877249,0.2504863096477965,0.4235101465385189,0.027653995912519512,226.91663332235802,0.03750527547705224,33.717399293559986,30.113168719860244,4.517610753301244,0.0,0.0,0.0,0.07924555551760541,1.1184055902942935,0.022182604415397086,221.61068643150904,0.5543739115302586,0.737704918032787,0.11969941822613801,0.3214354450683194,0.7820895903529389,0.5342071712701201,0.7360325614082056,0.1492579661997873,-0.31198487952092063,-0.22603023529226676,0.45345411677772424,Airports & Air Services,Industrials,OMAB
2020Q4,2020,Q4,2020-12-31,2020-12-31,239056000.0,1622570000.0,532186000.0,4.88,535721000.0,0.3301681899702324,18191580000.0,10650341000.0,4730829000.0,4225565000.0,7365333000.0,0.0,8824666000.0,50127467358.11212,51873814358.11212,218.40606247927772,1.1195731221741945,0.25864443880080784,0.4417840705757684,0.031181455682467725,218.40606247927772,0.02244585408110407,30.893870438940766,52.422306235894645,4.706653745463372,0.0,0.0,0.0,0.08919346203023597,1.0258538207316654,0.013141024583900904,33.51295214894336,0.3301681899702324,2.388888888888889,-0.3894286097237767,0.33375743343032993,0.8338517451000077,0.20760964877677116,2.4128917124705547,1.0855072634148826,-0.6117558827541985,-0.13313140797652015,0.5193194758585079,Airports & Air Services,Industrials,OMAB
2020Q3,2020,Q3,2020-09-30,2020-09-30,70045000.0,1213460000.0,255183000.0,1.44,443621000.0,0.36558353798229853,17979618000.0,10420412000.0,4844560000.0,4610476000.0,7383535000.0,0.0,8585610000.0,40105900708.41042,41804135708.41042,213.69091884774537,1.0507721979248996,0.262518981215285,0.45295627466553146,0.0118674754108478,213.69091884774537,0.006721903126287137,33.050863405806886,143.1433389549947,3.848782630515034,0.0,0.0,0.0,0.0674908666023939,1.0022353440295535,0.0038958002333531225,2607.1572975629215,0.36558353798229853,1.391304347826087,-0.7677735857258314,0.07277591069102532,0.9072610739037714,40.93015122873346,1.388607791573738,2.7022413448068843,-0.9022915612393059,-0.3776793443790097,0.0,Airports & Air Services,Industrials,OMAB
2020Q2,2020,Q2,2020-06-30,2020-06-30,-180246000.0,634939000.0,-149910000.0,-3.68,10580000.0,0.01666301802220371,17778147000.0,10350367000.0,4986390000.0,4355809000.0,7251446000.0,0.0,8907194000.0,41768833060.79377,43352631060.79377,212.25450919228354,1.1447678261374639,0.2660507307088866,0.4569779023294536,-0.007405610547352335,212.25450919228354,-0.01741445496570315,65.7840092682821,-57.933092913010235,4.0354929502300525,0.0,0.0,0.0,0.03571457700287887,1.0887690438217104,-0.010138626933391877,-44.80600833583859,0.01666301802220371,-1.1862348178137652,-1.6605396086547624,-0.41489701895114006,0.9952083242490872,-0.9920489388564901,-1.186686110762991,-1.138292209751026,-1.358660095959731,-0.6315310369831408,0.7685473334618972,Airports & Air Services,Industrials,OMAB
2020Q1,2020,Q1,2020-03-31,2020-03-31,965503000.0,1896497000.0,1084009000.0,19.76,1330640000.0,0.7016304270452313,18199090000.0,10530613000.0,5661489000.0,1483143000.0,7491124000.0,0.0,9087440000.0,31862771435.226025,32457818435.226025,215.50108309082518,3.817223962895014,0.2616426975194914,0.4521730121503848,0.04942558994030122,215.50108309082518,0.09168535582876325,16.800855174158475,8.250303581455993,3.02572807824445,0.0,0.0,0.0,0.10420834228524613,3.6761903606058217,0.05305226799801529,56.23960193596025,0.7016304270452313,0.27319587628865993,2.7993945438314953,0.8777402298133163,0.69250057478217,0.23674507700844208,0.2736632843129495,-0.06921576927733447,1.312052762356747,0.1802024422033843,0.0,Airports & Air Services,Industrials,OMAB
2019Q4,2019,Q4,2019-12-31,2019-12-31,758052000.0,2263117000.0,1164619000.0,15.52,1075921000.0,0.4754155441366929,17276961000.0,9715110000.0,4810904000.0,1235293000.0,7389466000.0,0.0,8121937000.0,55490640118.970726,56825236118.970726,198.52401974485488,3.8945448569691563,0.27577008479674175,0.49041843067139745,0.0575945049587835,198.52401974485488,0.07802814378838736,24.51956311537173,18.30040687148465,5.711787115016786,0.0,0.0,0.0,0.13099045601827775,3.6294199028084835,0.04387646646884252,35.67130586649014,0.4754155441366929,-0.11009174311926614,1.708674221712484,1.313019059185844,0.6237121837799413,-0.3069220764747829,-0.11472204996689195,-0.09464061799137256,0.3407799934194812,0.4314593625648459,0.48794480422170977,Airports & Air Services,Industrials,OMAB
2019Q3,2019,Q3,2019-09-30,2019-09-30,856287000.0,2155384000.0,1286361000.0,17.44,1552381000.0,0.7202340742995216,16577431000.0,9000024000.0,4377311000.0,1351030000.0,7407996000.0,0.0,7363885000.0,46221098630.467674,47883833630.467674,183.4007594238395,3.239980607388437,0.2885583417599506,0.5315048048760759,0.06298214565340944,183.4007594238395,0.09514274628600991,21.44448443083352,13.494628153430941,5.135663930503704,0.0,0.0,0.0,0.13001918089720899,3.117733136939964,0.05165378157809856,61.40062173688118,0.7202340742995216,0.009259259259259267,2.210740731534417,1.1740079046440302,0.5776972232541807,0.0033998633591037805,0.008736309757312948,0.007799242560752613,0.7748820765082692,0.44180380592049584,0.5058576069951192,Airports & Air Services,Industrials,OMAB
2019Q2,2019,Q2,2019-06-30,2019-06-30,848871000.0,2166864000.0,1276406000.0,17.28,1547121000.0,0.7139908180670315,15834751000.0,8353956000.0,3757197000.0,1264212000.0,7312778000.0,0.0,6507598000.0,45854415657.00493,48044488657.00493,169.8621136928047,2.9719675181061405,0.3030062171485993,0.5743420243056104,0.0663384391457667,169.8621136928047,0.10161305613771487,21.161649119190187,13.50453003371682,5.488946273718096,0.0,0.0,0.0,0.1368423159922123,2.83887433436797,0.053608105362692476,104.00043468903786,0.7139908180670315,0.1250000000000001,3.005499151319683,1.4423635913206132,0.5225244660915801,0.12805030987969376,0.12197259274532507,0.13164586140861054,0.892732714295152,0.6133685506506154,0.5640056487890328,Airports & Air Services,Industrials,OMAB
2019Q1,2019,Q1,2019-03-31,2019-03-31,756588000.0,1941736000.0,1127920000.0,15.36,1371500000.0,0.7063267097071898,16687762000.0,9103766000.0,4748411000.0,1412304000.0,7415351000.0,0.0,7291392000.0,43206611446.97165,44191153446.97165,185.10810151797423,3.362173441412047,0.28796593575579515,0.5278592397915324,0.055966023352039054,185.10810151797423,0.0831071448892689,22.251537514353984,14.276796435765453,4.74601515976703,0.0,0.0,0.0,0.11635688476381674,3.2682977602555825,0.04533789491964231,47.70737269432717,0.7063267097071898,-0.0740155223529325,1.9676298576858218,1.3347265770768026,0.39755292849421175,0.33222856632196124,-0.0725803782549378,0.0653770408187361,1.02398155617974,0.716008377972702,0.4537463207315884,Airports & Air Services,Industrials,OMAB
2018Q4,2018,Q4,2018-12-31,2018-12-31,815799000.0,2021067000.0,1058705000.0,16.587751059315657,1029478000.0,0.50937351408934,15590484000.0,8347178000.0,3959567000.0,1224716000.0,7078557000.0,0.0,6534804000.0,36733979965.64166,38372619965.64166,169.72429570494248,3.233049131390461,0.29489411618010064,0.5507899795595589,0.06205357101760051,169.72429570494248,0.09773350945672897,18.17553795378464,11.25705595546258,4.400766338712516,0.0036773764125722147,0.0,8.166825382945125e-05,0.12963465406205477,3.0927904918364746,0.05232672699577511,21.611630519188708,0.50937351408934,0.12688526218177015,0.5573727016545255,1.196638000990359,0.32714179883537814,-0.2344442742346882,0.12834333325034647,-0.029314793183689413,1.0659658340665916,0.6472415416727479,0.42509412207323544,Airports & Air Services,Industrials,OMAB
2018Q3,2018,Q3,2018-09-30,2018-09-30,723006000.0,1966564000.0,1090678000.0,14.72,1344746000.0,0.683804849473498,,,,,,,,53306295668.81037,,,0.0,0.0,0.0,0.0,,0.0,27.106311144112457,18.432176105319446,0.0,0.005609911950938166,0.0,7.608857357486903e-05,0.0,0.0,0.0,65.09309248332004,0.683804849473498,0.02793296089385477,2.2252553789039187,1.2949590062267502,0.0,0.05029808325399286,0.02603233890858312,0.05050763841466175,1.3767283278666802,0.7238314380237671,0.0,Airports & Air Services,Industrials,OMAB
2018Q2,2018,Q2,2018-06-30,2018-06-30,704662000.0,1987487000.0,1038239000.0,14.32,1280347000.0,0.6442039620888086,14046888000.0,6784204000.0,2760042000.0,1218161000.0,7096745000.0,0.0,4995999000.0,40413116421.17876,43399353421.17876,137.9441346307283,2.2657448399677875,0.3281841501121102,0.6795146490288323,0.06212853265914284,137.9441346307283,0.10386804406235425,20.333776483156246,14.337766340876462,5.956942984199585,2.2687189035310547,0.0,0.039558443930401796,0.14148948863264232,2.0947321413179374,0.05016499028112134,79.0878812132894,0.6442039620888086,0.15483870967741933,0.6135121120711478,0.18285750178799612,-0.408206701949795,0.05506785626289121,0.15830914237434127,0.09876676477093659,1.560455577934729,0.8159662301914956,0.29668522352679305,Airports & Air Services,Industrials,OMAB
2018Q1,2018,Q1,2018-03-31,2018-03-31,608354000.0,1931936000.0,944913000.0,12.4,1213521000.0,0.6281372674871217,14917332000.0,7678222000.0,3912693000.0,1208903000.0,7077953000.0,0.0,5890017000.0,35211253476.964836,37157378476.964836,156.12232316313307,3.2365648856856173,0.3091554843721384,0.6006305886961851,0.05493664626224197,156.12232316313307,0.07923110324239127,18.225890234958527,14.469886561510581,4.5858603042429396,0.0,0.0,0.0,0.12950948601264622,3.0324798598398712,0.04078168937984353,75.16223766082105,0.6281372674871217,-0.018987341772151913,1.7344990976333283,1.4881948732640113,0.17435718497575936,0.13182370157305384,-0.020363929146537844,0.13837259172875083,1.3786233126685732,0.9005732925605102,0.2261521747367039,Airports & Air Services,Industrials,OMAB
2017Q4,2017,Q4,2017-12-31,2017-12-31,621000000.0,1887761000.0,830056000.0,12.64,1072182000.0,0.5679649065745082,14200800000.0,7069867000.0,3498622000.0,1104272000.0,6971485000.0,0.0,5281662000.0,40016928668.12165,42317193668.12165,143.75255892501806,3.1682610806033296,0.32626837924623964,0.6553549027159917,0.05218781190232287,143.75255892501806,0.08783757883988483,21.198090578267934,16.109874665105334,5.660209543987412,,0.0,,0.13293342628584306,2.9319886767028414,0.04372993070812912,0.0,0.5679649065745082,0.0,1.5144273523031533,1.0705966908831541,0.10980992241894294,0.0,0.0,0.0,1.2079456530059087,0.9198098537784546,0.17574075759739444,Airports & Air Services,Industrials,OMAB
2017Q2,2017,Q2,2017-06-30,2017-06-30,507268000.0,1739346000.0,789861000.0,9.52,1037917000.0,0.5967283105259104,12767700000.0,5907367000.0,2886860000.0,884726000.0,6705639000.0,0.0,4081989000.0,42956757643.93333,45714391643.93333,120.01630104906462,3.262998939784747,0.3636839838028776,0.7860368248663068,0.05452419386059452,120.01630104906462,0.08587040554615957,24.697074442884468,21.170642364555484,7.271726582068344,3.105033236868874,0.0,0.036666733859566446,0.13623017458116968,2.900877785890773,0.03973057011051325,113.1477185526043,0.5967283105259104,0.11214953271028026,2.204699885627001,1.446531447095693,0.010606862250511455,0.04355742789778754,0.20595765925327184,0.052731118477083075,1.3916320133989921,0.958874398051598,0.0757416748473779,Airports & Air Services,Industrials,OMAB
2017Q1,2017,Q1,2017-03-31,2017-03-31,420635000.0,1618621000.0,750297000.0,8.56,994595000.0,0.6144705894709138,,,,,,,,39726707801.90386,,,0.0,0.0,0.0,0.0,,0.0,24.54355145639644,23.6111520688387,0.0,0.0,0.0,0.0,0.0,0.0,0.0,123.75266045693488,0.6144705894709138,-0.2590874524071708,1.3136004409286433,1.3287598897658977,0.0,0.26329861552140227,-0.2588908954763688,0.02850574775668881,0.6485329575817982,0.9446119920023189,0.0,Airports & Air Services,Industrials,OMAB
2016Q4,2016,Q4,2016-12-31,2016-12-31,567575000.0,1587120000.0,729502000.0,11.553320331543603,787300000.0,0.4960557487776602,13545323000.0,6554547000.0,4098459000.0,1108331000.0,6858343000.0,0.0,4846045000.0,35155027609.829506,36843100609.829506,133.4216290695646,3.697865529340964,0.346530311606449,0.7161234788613157,0.047843692866699525,133.4216290695646,0.08659255933323844,22.150201377230143,15.48474986117672,5.363456484457203,0.0015962648108179536,0.0,2.5771562749297293e-05,0.11717107078214377,3.4502653088292217,0.041901916993784497,38.20073392493027,0.4960557487776602,0.17411791987231737,3.0905582363276087,0.8766573590678596,0.09520466699778547,-0.23809062976314324,0.1751667791640958,-0.08882979587095517,0.08470555372311744,0.7268983023419721,0.04327680413389499,Airports & Air Services,Industrials,OMAB
2016Q3,2016,Q3,2016-09-30,2016-09-30,482974000.0,1496554000.0,800621000.0,9.84,1033325000.0,0.6904695720969641,12866379000.0,5983202000.0,3567907000.0,952654000.0,6759201000.0,0.0,4277563000.0,44778961544.71929,46865790544.71929,121.79156818804977,3.745228592962398,0.36516171333053377,0.7852499380766352,0.05224016746389021,121.79156818804977,0.08072166040859058,29.921380414418252,23.178764045641838,7.4841132799326,0.05683949860655025,0.0,0.0006130557532600345,0.11631508756270897,3.5943983859827386,0.03753767862737449,75.07139583513298,0.6904695720969641,0.07894736842105271,4.542744550796005,1.2475773827138785,0.0641765450202133,0.15012861138658767,0.08035306854683572,0.21260280196895115,1.1568759872570866,0.7483905737541597,0.034228283500822965,Airports & Air Services,Industrials,OMAB
2016Q2,2016,Q2,2016-06-30,2016-06-30,447052000.0,1338763000.0,660250000.0,9.12,898443000.0,0.6710993656084012,12048225000.0,5324263000.0,2761706000.0,883031000.0,6615929000.0,0.0,3767137000.0,42665138435.466385,45447272435.466385,108.60709731088525,3.127530064063436,0.38998051580212023,0.8824832657590356,0.04671090348781435,108.60709731088525,0.08396504830809447,31.8690749859881,23.859158685939438,8.013341646621585,3.1316267458819107,0.0,0.03281367531755663,0.11111703176194003,2.9877660014201086,0.03710521674354521,98.87816792771682,0.6710993656084012,0.19999999999999996,2.5035435491960683,0.9520172641781692,-0.05549379083789378,0.11946028249319683,0.19986258206159116,0.11306666936398839,0.02693696359633708,-0.2006698412322377,-0.5340653484011857,Airports & Air Services,Industrials,OMAB
2016Q1,2016,Q1,2016-03-31,2016-03-31,372586000.0,1127832000.0,593181000.0,7.6,802568000.0,0.7116024372424262,13089604000.0,6241746000.0,3775002000.0,1037437000.0,6757554000.0,0.0,5919045000.0,38703180196.84724,40699719196.84724,127.33177644420093,3.6387771016456902,0.3729202197407958,0.7820532908580388,0.03809070176216282,127.33177644420093,0.059692592425260496,34.316440921030114,25.969293127524406,6.200697720933731,0.0,0.0,0.0,0.08616242324825106,3.564299326127755,0.028464268284968744,121.89670873441689,0.7116024372424262,-0.0534376671822401,0.9288019994228633,0.8570762517033145,0.055431415444048976,0.24433391526532688,-0.05835582648429523,-0.02544248332832238,0.6802515884920818,0.4573451982041922,-0.04220624243000364,Airports & Air Services,Industrials,OMAB
2015Q4,2015,Q4,2015-12-31,2015-12-31,395676000.0,1229428000.0,608667000.0,8.029053910666457,644978000.0,0.5246163256408671,12510336000.0,5869158000.0,3216774000.0,968782000.0,6559809000.0,0.0,5546458000.0,32723366839.87508,34831952839.87508,119.09690249653585,3.3204312218847996,0.37679099905869834,0.8031445055662157,0.041274488533640366,119.09690249653585,0.06741614384891326,26.616741151067878,20.67560759300228,5.575478942614099,0.0,0.0,0.0,0.09827298003826596,3.2504288890586324,0.03162792749930937,42.310230393611555,0.5246163256408671,0.2867073574785989,0.08769778397349451,0.19350777447465173,-0.2418077719439244,-0.12871658953181442,0.2980686899438683,0.1245745895551343,0.5988492800686198,0.34577337159269633,-0.08053863452295236,Airports & Air Services,Industrials,OMAB
2015Q3,2015,Q3,2015-09-30,2015-09-30,304819000.0,1143123000.0,541242000.0,6.24,740262000.0,0.6475786070265405,12176436000.0,5521426000.0,2981773000.0,913920000.0,6582694000.0,0.0,5150782000.0,33075813276.942913,35683821276.94292,112.04072781203675,3.2626192664565825,0.41041442668445843,0.9050895547635701,0.03426345992593864,112.04072781203675,0.05520657163566079,28.934605704673,27.127420925978132,5.990447626562941,0.0,0.0,0.0,0.0938799333401005,3.1486005339635854,0.025033515554140802,71.30098358865877,0.6475786070265405,0.1142857142857144,65.67660681929665,1.0356038487380261,-0.25164527569015754,0.09767641868948235,0.10326144001389849,0.19870836572385336,0.40576919166637193,0.4373489292179509,-0.10170710367421891,Airports & Air Services,Industrials,OMAB
2015Q2,2015,Q2,2015-06-30,2015-06-30,276289000.0,1098744000.0,451521000.0,5.6,674390000.0,0.6137826463671247,11951061000.0,5252479000.0,2778206000.0,984080000.0,6629717000.0,0.0,4845962000.0,30565030293.307728,33246437293.307728,106.38212892990371,2.8231505568652957,0.39435151406222424,0.8972751723519504,0.03208046255884294,106.38212892990371,0.05260163819788713,27.818154450270242,27.656756415662336,5.8191627788150555,0.0,0.0,0.0,0.09193694183303056,2.706511665718234,0.023118365808692636,92.33060241635495,0.6137826463671247,0.07692307692307682,2.282677284502744,1.0932043087668706,-0.29006595862018686,0.07745006095096284,0.07512977562630846,0.037685895712246884,0.7400893957622801,0.5407046870339,-0.10420077458121875,Airports & Air Services,Industrials,OMAB
2015Q1,2015,Q1,2015-03-31,2015-03-31,256982000.0,1021363000.0,435123000.0,5.2,625913000.0,0.6128212985980499,12975017000.0,6291994000.0,3873365000.0,901799000.0,6625419000.0,0.0,4569668000.0,29094922015.24106,30872756015.24106,127.32703687179594,4.29515335457236,0.37537291858654215,0.7740741647242512,0.029003702464281553,127.32703687179594,0.040842696289920176,28.4863677411861,28.304435734060228,4.6241178893751425,0.0,0.0,0.0,0.07871766179574177,4.141571458828409,0.019805908539464727,79.29586612532857,0.6128212985980499,-0.09072388659971863,1.505245686907481,1.0202672104729407,-0.18544354820150719,0.5620606093881412,-0.09418652605012989,0.25038937900514385,0.4078996610455984,0.46367855658087553,0.014098519597009748,Airports & Air Services,Industrials,OMAB
2014Q4,2014,Q4,2014-12-31,2014-12-31,283703000.0,991858000.0,347990000.0,5.7188349318386384,400697000.0,0.40398625609714295,12417880000.0,6065413000.0,3404343000.0,830680000.0,6301277000.0,0.0,4312686000.0,26647902430.62783,28564154430.62783,122.2655232423633,4.098260461308807,0.38045149413587503,0.7789083777147574,0.035250245382541595,122.2655232423633,0.04677389651784635,26.86665070063238,23.48221769828644,4.39341928251676,0.0,0.0,0.0,0.0798733761318357,3.9496147734386287,0.022846331257831448,103.70205564404563,0.40398625609714295,0.03602082098526067,0.7337541985785886,-0.12267021788276908,-0.21361963526649574,-0.3560700534174986,0.05229131507204985,-0.2246851306821853,1.0248055676913,0.1614079599973001,0.0036286665196200714,Airports & Air Services,Industrials,OMAB
2014Q3,2014,Q3,2014-09-30,2014-09-30,269605000.0,1002253000.0,448837000.0,5.52,622268000.0,0.6208691817335543,12206823000.0,5766786000.0,3357017000.0,815880000.0,6396294000.0,0.0,4028923000.0,23524153274.121445,25745246274.121445,116.24585295621836,4.114596509290582,0.3949967161807786,0.8361078423926256,0.030126280011353996,116.24585295621836,0.04675134468315627,23.471272497185286,21.813535796926473,4.079248523201909,0.0,0.0,0.0,0.0821059664746511,3.9751789478844928,0.022086418390763918,48.45964525669899,0.6208691817335543,0.27777777777777757,1.4829861578007448,1.0426766189223144,0.0,0.11369668594214492,0.2594715549700554,0.24049118074633383,2.0640026026549494,0.4905951434561613,0.015719823730903314,Airports & Air Services,Industrials,OMAB
2014Q2,2014,Q2,2014-06-30,2014-06-30,214062000.0,896140000.0,361822000.0,4.32,558741000.0,0.6234974445957104,14050762000.0,5542203000.0,5285378000.0,1703104000.0,8476453000.0,0.0,3759381000.0,20737138331.7152,22616873331.7152,111.56609793526134,3.103379476532261,0.45380684691691453,1.1505049526334563,0.020132777251392685,111.56609793526134,0.038623991217932654,23.140511897376747,24.21861228489316,3.7416778728089173,0.0,0.0,0.0,0.06377874737327413,3.021580009206719,0.015234903274285052,72.19999558424333,0.6234974445957104,-0.1692307692307692,1.5278403176410271,0.6968225556548933,-0.255471087250521,0.28633094518933255,-0.16812914357663042,0.16588151136488133,0.6555418540873624,0.2894571780974011,-0.02976071692433792,Airports & Air Services,Industrials,OMAB
2014Q1,2014,Q1,2014-03-31,2014-03-31,257326000.0,839437000.0,310342000.0,5.2,434368000.0,0.5174515776645537,11189209000.0,6574864000.0,2412744000.0,864888000.0,4593941000.0,0.0,3856105000.0,18750900442.318798,17424441442.318798,132.45158572807563,2.789660626578239,0.018433295865686306,0.031370078529380986,0.039933963210326745,132.45158572807563,0.03913784376376454,22.33747195122302,18.21706749640417,2.8519069660328795,0.0,0.0,0.0,0.07502201451416271,2.789660626578239,0.02299769358137827,158.05671596944214,0.5174515776645537,-0.5117880645999014,0.7199266321739833,0.7168466862250951,0.0,0.0373016706945466,-0.5157529065062835,0.28382140626228114,0.3154806561350402,0.3649385918444527,0.09786864289961202,Airports & Air Services,Industrials,OMAB
2013Q4,2013,Q4,2013-12-31,2013-12-31,531394000.0,933358000.0,241733000.0,10.651111992455705,418748000.0,0.4486467143368354,11011453000.0,6380407000.0,2276938000.0,956989000.0,4614059000.0,0.0,3287992000.0,17371628025.40023,18941157025.40023,127.88708475151832,2.3792729070031107,0.28184609242758424,0.4864164621473207,0.07304352960231257,127.88708475151832,0.08328528258463763,18.611966710951457,8.17266850274948,2.722652022888231,0.0,0.0,0.0,0.08476247412580339,2.2468116143445744,0.0482582997902275,41.50391114503799,0.4486467143368354,1.335770173784146,0.0,0.0,0.0,-0.1232795259929234,1.3367530463002457,-0.3124440032652318,0.4429085966974091,-0.10499791702699204,-0.18584789616866657,Airports & Air Services,Industrials,OMAB
2013Q3,2013,Q3,2013-09-30,2013-09-30,227407000.0,869279000.0,351583000.0,4.56,477630000.0,0.5494553532295154,11075226000.0,5875198000.0,2728768000.0,1341846000.0,5185342000.0,0.0,3148244000.0,17503319105.55407,15696973105.55407,117.7608175400019,2.03359252850178,0.019869662253393296,0.03745592914485606,0.040841595047988205,117.7608175400019,0.03870626998443286,20.135444552961786,19.242282675504786,2.979187953419454,0.0,0.0,0.0,0.07848860149670986,2.03359252850178,0.02053294442930555,180.28488989827753,0.5494553532295154,-0.48648648648648657,1.0824992651402077,0.7616357402678425,0.0,0.12202157923544764,0.05695973079497286,0.12039757554126487,48.66094634960594,0.5290198649718632,-0.2134390246688299,Airports & Air Services,Industrials,OMAB
2013Q2,2013,Q2,2013-06-30,2013-06-30,215152000.0,827768000.0,313802000.0,8.88,425687000.0,0.5142588261445236,10984936000.0,5647622000.0,2630240000.0,1464995000.0,5322932000.0,0.0,2920668000.0,8216409742.299319,6352103742.299319,233.09512812195752,1.7953917931460517,0.020904536903992885,0.040660476214590846,0.0429293852009201,233.09512812195752,0.03809603404760446,9.92598136470523,9.547215157538995,1.4548441348056438,0.0,0.0,0.0,0.07535483137999166,1.7188775388311905,0.01958609499409009,42.153160520317876,0.5142588261445236,0.947368421052632,4.2092260732245785,2.213564044583671,0.5555447893189329,-0.06585721245210643,-0.046675469457564935,0.03812384626072688,4.2092260732245785,2.213564044583671,0.5555447893189329,Airports & Air Services,Industrials,OMAB
2013Q1,2013,Q1,2013-03-31,2013-03-31,225686000.0,787652000.0,302278000.0,4.56,455698000.0,0.5785524571765196,11769945000.0,6632641000.0,3403742000.0,1282430000.0,5128404000.0,0.0,2309267000.0,20114863754.892117,20972638754.892117,132.94279215940225,2.6541347286011714,0.31864252551732397,0.5654467051661624,0.02260267166974124,132.94279215940225,0.034026566491387064,25.53775494113151,22.281913537937797,3.032708050215912,0.0,0.0,0.0,0.06692061857553284,2.5957518149138745,0.019174770995106605,93.53749316375155,0.5785524571765196,-0.09195369738055081,0.5008551784615614,0.602823507983265,0.0,-0.04170504489727252,-0.0914814561351953,0.03383198921973008,1.1792056175838537,0.5431532093078082,-0.1495175593964188,Airports & Air Services,Industrials,OMAB
2012Q4,2012,Q4,2012-12-31,2012-12-31,248411000.0,917001000.0,292386000.0,5.021770351187739,475530000.0,0.5185708630633991,10010410000.0,6407387000.0,1696415000.0,1216881000.0,3594454000.0,0.0,2083582000.0,13811693323.97295,14747469323.97295,129.52899052451687,1.3940681134802828,0.20860374350301336,0.32590648886979984,0.03245361858607707,129.52899052451687,0.03876947030045165,15.06180835568658,13.900041990866901,2.1555890605597803,1.2076759885834363e-05,0.0,2.172072554487509e-07,0.09160473946621567,1.3940681134802828,0.02481526730673369,23.80140468623901,0.5185708630633991,0.14131144345175886,0.0,0.0,0.0,0.06294566019178756,0.1413114392568021,-0.1344404973357016,0.5224281753958618,-0.18655990896828317,-0.16690288389540503,Airports & Air Services,Industrials,OMAB
2012Q3,2012,Q3,2012-09-30,2012-09-30,217654000.0,798306000.0,337800000.0,4.4,447370000.0,0.5603991451899397,9691048000.0,6169812000.0,1398804000.0,1100143000.0,3512919000.0,0.0,1535638000.0,11388174858.927553,12556544858.927553,124.72627610694506,1.2714747082879225,0.201919957470028,0.3171597448998446,0.027902685915279654,124.72627610694506,0.035277249938896034,14.265425612393685,13.080594497376055,1.8457896057331329,0.0,0.0,0.0,0.08237561097623292,1.2714747082879225,0.022459284073301465,41.95513087356386,0.5603991451899397,0.37500000000000006,1.0102746738084523,0.6316764240506836,0.0,0.15541264737406216,0.35486722358477646,0.27222054835793913,1.0102746738084523,0.6316764240506836,0.0,Airports & Air Services,Industrials,OMAB
2012Q2,2012,Q2,2012-06-30,2012-06-30,160646000.0,721531000.0,265520000.0,3.2,387195000.0,0.53662974979592,9232463000.0,5932415000.0,954287000.0,707305000.0,3292068000.0,0.0,2005461000.0,10945776856.224998,11059245856.224998,118.75666545722972,1.3491874085436975,0.05218780730559115,0.08121852567630551,0.027992842995660107,118.75666545722972,0.02707935975483846,15.170210089691224,17.03400155656692,1.8450794248590159,0.6139648668500928,0.0,0.009010872530615069,0.07815151818100977,1.6728426916252537,0.01740012388893408,200.5235198810134,0.53662974979592,-0.13043478260869565,0.8864992180845418,0.358601895861445,-0.20748531452689872,-0.21236192762261233,-0.12825048838723682,0.0039740007335453305,0.8864992180845418,0.358601895861445,-0.20748531452689872,Airports & Air Services,Industrials,OMAB
2012Q1,2012,Q1,2012-03-31,2012-03-31,184280000.0,704501000.0,264469000.0,3.68,491590000.0,0.6977846731232461,9395648000.0,6264052000.0,1424333000.0,828257000.0,3124409000.0,0.0,3516301000.0,10241207366.311954,11180845366.311954,125.55687086733361,1.7196751732855864,0.188779847861478,0.2831568128744781,0.022173125360283708,125.55687086733361,0.029418657444095293,14.536824456334276,13.893541575743374,1.6349173612083607,0.5410896461905795,0.0,0.00973635201724346,0.07498162979285729,1.4743732923476651,0.01961333587635467,34.45827932919239,0.6977846731232461,0.3029375000177446,0.22551659638490154,0.43363885179179235,0.0,-0.25076319764189836,0.30798004102520427,-0.2867187373576642,0.22551659638490154,0.43363885179179235,0.0,Airports & Air Services,Industrials,OMAB
2011Q4,2011,Q4,2011-12-31,2011-12-31,140889000.0,858739000.0,370778000.0,2.824387201957026,656121000.0,0.7640517083770505,9295154000.0,6076924000.0,1163381000.0,824945000.0,3210653000.0,0.0,0.0,8701916475.708826,9900732475.708826,121.82346650814115,1.4102528047324367,0.1853062359160483,0.2834410961861626,0.02261527970759309,121.82346650814115,0.023184262301124713,10.133365872178656,15.441085669762769,1.431960721527672,0.7077486531950684,0.0,0.011458855101442199,0.09238566676786636,1.4102528047324367,0.015157252908343423,25.62801755194075,0.7640517083770505,0.6047654556574011,0.0,0.0,0.0,1.3941565620997551,0.592361943081896,2.446821169274247,0.0,0.0,0.0,Airports & Air Services,Industrials,OMAB
2011Q3,2011,Q3,2011-09-30,2011-09-30,88478000.0,676105000.0,107571000.0,1.76,274051000.0,0.40533792828037063,8454169000.0,5708952000.0,881619000.0,766369000.0,2738000000.0,0.0,1150258000.0,8997210612.53295,9608397612.53295,114.44676990671357,1.1503844753636956,0.11899099722279032,0.17620922368939168,0.014655953371134595,114.44676990671357,0.015498115941419722,13.307416174311607,25.42216882313386,1.5759828796130972,1.1277040620267185,0.0,0.01108977040739854,0.07997296954910649,0.9287666907194837,0.01046560578573719,80.33941077357754,0.40533792828037063,-0.33333333333333337,-0.18962661596656463,0.370376542476901,0.0,-0.312648919253786,-0.31869248835328995,-0.49526093035913704,-0.18962661596656463,0.370376542476901,0.0,Airports & Air Services,Industrials,OMAB
2011Q2,2011,Q2,2011-06-30,2011-06-30,129865000.0,698010000.0,213122000.0,2.64,398706000.0,0.5712038509476942,8612005000.0,5737151000.0,809156000.0,1045950000.0,2867569000.0,0.0,2961936000.0,10057901640.151041,10991578640.151041,114.98823010092562,0.7736086811033032,0.13895370474123042,0.2085826222806407,0.021545042926624194,114.98823010092562,0.022635799545802436,14.409394765334365,19.362225465196627,1.7531178175632889,0.7700073152889539,0.0,0.009942133416856356,0.08105081220923582,0.7500062144461972,0.015079531421544692,58.95397371810511,0.5712038509476942,-0.32653061224489793,0.5268960500153166,0.3159200510702971,-0.23263371651030285,0.052411244555892834,-0.3383046045826731,-0.04683915114380912,0.5268960500153166,0.3159200510702971,-0.23263371651030285,Airports & Air Services,Industrials,OMAB
2011Q1,2011,Q1,2011-03-31,2011-03-31,196261000.0,617035000.0,223595000.0,3.92,378850000.0,0.6139846199972449,8528716000.0,6008571000.0,786034000.0,690070000.0,2512806000.0,0.0,1480147000.0,8870674443.287376,9707343443.287376,120.64429254328094,1.1390641529120233,0.13021127682056713,0.1848251439485362,0.029987952622255624,120.64429254328094,0.03266350684713553,14.376290556106827,11.299588867996414,1.4763367934384692,0.5074263353391657,0.0,0.011226654820520474,0.0723479360785375,1.1075282217746025,0.023011787471877362,-130.97112717093424,0.6139846199972449,-0.46895669644069177,0.3074511009741711,0.25781972645751483,0.0,0.6712618832300329,-0.4671598837998534,1.1138138365255534,0.3074511009741711,0.25781972645751483,0.0,Airports & Air Services,Industrials,OMAB
2010Q4,2010,Q4,2010-12-31,2010-12-31,368330000.0,1042998000.0,105778000.0,7.381695567435405,226685000.0,0.2173398223198894,10453679000.0,7837943000.0,841575000.0,740792000.0,2608270000.0,0.0,1226913000.0,9512833191.694,10302830191.694,157.0800887815583,1.136047635503623,0.10549730865085871,0.14070464661455181,0.06206486123478131,157.0800887815583,0.04699319706713866,9.120662927152305,6.456732543978227,1.2136900193959053,0.27094181847799526,0.0,0.010490670653947293,0.09977329512413764,1.1128670396008595,0.03523448539026308,25.029753622955262,0.2173398223198894,93.27119459294256,0.0,0.0,0.0,-0.4864769352401621,78.185666387259,1.3790652692186587,0.0,0.0,0.0,Airports & Air Services,Industrials,OMAB
2010Q3,2010,Q3,2010-09-30,2010-09-30,-4772000.0,568598000.0,44462000.0,-0.08,441431000.0,0.7763498992258151,10273207000.0,7470495000.0,881619000.0,741336000.0,2796128000.0,0.0,859465000.0,9132128528.109999,9743315528.109999,149.71606936184497,1.1892299847842274,0.09792171032862475,0.13465908216256084,-0.0006870175039401035,149.71606936184497,-0.0006387796257142264,16.060782007868475,-478.42249204264454,1.2224261616010719,-20.912824811399833,0.0,0.010928010889554788,0.055347663100724045,1.1357306268682488,-0.00046450928127896187,63.25765792101908,0.7763498992258151,-1.0476190476190477,-1.04369403934753,0.15213397852110963,0.0,0.09632258529183131,-1.0561187289789966,-0.7157451923076923,-1.04369403934753,0.15213397852110963,0.0,Airports & Air Services,Industrials,OMAB
2010Q2,2010,Q2,2010-06-30,2010-06-30,85034000.0,530325000.0,156416000.0,1.68,402647000.0,0.7592457455333993,10334632000.0,7474868000.0,931829000.0,936980000.0,2852781000.0,0.0,863837000.0,8221164654.76262,8868352654.762619,149.84790519854718,0.9945025507481483,0.09138167667702149,0.12634283307745367,0.011195378653859745,149.84790519854718,0.01137598684016895,15.50212540378564,24.170227952238573,1.099840780434199,1.1730249076839852,0.0,0.012132952469479534,0.05131532501592703,0.9465698307327798,0.008228062692508064,94.05398362597238,0.7592457455333993,-0.19230769230769237,0.0,0.0,0.0,0.006544525521899662,-0.17748566011820124,-0.049229553536151716,0.0,0.0,0.0,Airports & Air Services,Industrials,OMAB
2010Q1,2010,Q1,2010-03-31,2010-03-31,103383000.0,509528000.0,164515000.0,2.08,400029000.0,0.7850971879857437,10304805000.0,7785094000.0,898578000.0,789197000.0,2512058000.0,0.0,1226297000.0,9208522227.862148,9828675227.862148,156.31456431370142,1.1385978405898654,0.08197894089213721,0.10851211302008684,0.012967215940249181,156.31456431370142,0.013279608441465189,18.072651999227027,22.26797981259527,1.1828402107748666,0.9632918371492412,0.0,0.010814764577390867,0.049445671218426746,1.0993820300888117,0.01003250425408341,-86.78770100903027,0.7850971879857437,-0.3694154882900165,-0.3112833564895076,0.03866777343658723,0.0,0.17071264892580268,-0.3643406563001494,0.5001732564925591,-0.3112833564895076,0.03866777343658723,0.0,Airports & Air Services,Industrials,OMAB
2009Q4,2009,Q4,2009-12-31,2009-12-31,162639000.0,1123660000.0,109664000.0,3.2985269402820783,341697000.0,0.30409287506897104,10276678000.0,7666127000.0,884405000.0,1037603000.0,2601715000.0,0.0,1121733000.0,8567286103.433599,8973198103.4336,155.47886077216305,0.8523539349828403,0.06555094944105479,0.08787305506418039,0.018358508249678232,155.47886077216305,0.02121527597964396,7.624446988798747,13.169175449052194,1.1175507663039759,0.6070007808705169,0.0,0.011523135659078103,0.10934078113569384,0.834496430715794,0.01582602860574205,18.409543555335514,0.30409287506897104,0.5270958056861472,0.0,0.0,0.0,-0.09872918908653541,0.5070329873980727,-0.32612329171172943,0.0,0.0,0.0,Airports & Air Services,Industrials,OMAB
2009Q3,2009,Q3,2009-09-30,2009-09-30,107920000.0,487670000.0,162736000.0,2.16,379128000.0,0.7774273586646708,,,,,,,,8530568512.848167,,,0.0,0.0,0.0,0.0,,0.0,17.492502128177183,19.761324390400684,0.0,,0.0,,0.0,0.0,0.0,0.0,0.7774273586646708,0.0,0.0,0.0,0.0,0.0,0.0,0.0,0.0,0.0,0.0,Airports & Air Services,Industrials,OMAB
2009Q1,2009,Q1,2009-03-31,2009-03-31,148631000.0,485727000.0,178338000.0,3.04,390985000.0,0.8049480469481828,,,,,,,,5067817449.234407,,,0.0,0.0,0.0,0.0,,0.0,10.433468695860858,8.524159578476912,0.0,0.720959961246308,0.0,0.021144605359884883,0.0,0.0,0.0,-51.35087090114913,0.8049480469481828,0.0,0.0,0.0,0.0,0.0,0.0,0.0,0.0,0.0,0.0,Airports & Air Services,Industrials,OMAB
2008Q4,2008,Q4,2009-06-11,2008-12-31,,,,,,,207183000.0,544452000.0,67223000.0,83097000.0,168728000.0,0.0,75976000.0,0.0,-9151000.0,0.0,0.8089702395995042,0.045669770203153735,0.017378942496308215,,0.0,,0.0,0.0,0.0,0.0,0.0,,,6.613981250827346,,0.0,0.0,0.0,0.0,0.0,0.0,0.0,0.0,0.0,0.0,0.0,0.0,Airports & Air Services,Industrials,OMAB
