Quarters,Year,Quarter,FillingDate,Date,NetIncome,Revenue,OperatingIncome,EPSDiluted,GrossProfit,GrossProfitRatio,TotalAssets,CommonStockEquity,CurrentAssets,CurrentLiability,TotalLiability,Inventory,RetainedEarnings,MarketCap,EnterpriseValue,bookValuePerShare,currentRatio,debtToAssets,debtToEquity,roic,shareholdersEquityPerShare,roe,priceToSalesRatio,peRatio,pbRatio,payoutRatio,inventoryTurnover,dividendYield,assetTurnover,quickRatio,returnOnAssets,priceToFreeCashFlowsRatio,grossProfitMargin,epsdilutedGrowth,fiveYNetIncomeGrowthPerShare,fiveYRevenueGrowthPerShare,fiveYShareholdersEquityGrowthPerShare,grossProfitGrowth,netIncomeGrowth,operatingIncomeGrowth,threeYNetIncomeGrowthPerShare,threeYRevenueGrowthPerShare,threeYShareholdersEquityGrowthPerShare,Industry,Sector,Symbol
2023Q1,2023,Q1,2023-05-04,2023-03-31,-15121000.0,0.0,-17071000.0,-0.54,0.0,0.0,167791000.0,154203000.0,148918000.0,6266000.0,13588000.0,0.0,-277855000.0,41106313.28,17583313.28,5.551955935465492,23.7660389403128,0.03844067917826344,0.0418279800003891,-0.09597039128995678,5.551955935465492,-0.09805905202881915,0.0,-0.6796229297004167,0.26657272089388667,0.0,0.0,0.0,0.0,23.21943823811044,-0.09011806354333665,-2.7354969907499833,0.0,0.11475409836065566,-0.09391516291248227,0.0,0.0,0.0,0.10149147305246896,0.039390017444150584,-2.5386117777054653,-1.0,-0.5396713660176997,Biotechnology,Healthcare,NXTC
2022Q4,2022,Q4,2023-03-02,2022-12-31,-16829000.0,0.0,-17771000.0,-0.61,0.0,0.0,184161000.0,167530000.0,163983000.0,9127000.0,16631000.0,0.0,-261759000.0,39119334.69,19612334.689999998,6.0383772339661945,17.96680179686644,0.038678113172713004,0.04251775801349012,-0.0951015360708193,6.0383772339661945,-0.10045365009252075,0.0,-0.5811298159427178,0.23350644475616306,0.0,0.0,0.0,0.0,17.520653007559986,-0.09138199727412427,-3.9860744538414505,0.0,0.08955223880597023,0.11262411935406255,0.0,2.2912564973181415,0.0,0.09438734327073131,0.07630334216955144,-0.5269580111896073,-1.0,-0.48334224479859017,Biotechnology,Healthcare,NXTC
2022Q3,2022,Q3,2022-11-03,2022-09-30,-18583000.0,0.0,-19239000.0,-0.67,0.0,0.0,189909000.0,181541000.0,175315000.0,5891000.0,8368000.0,0.0,-244459000.0,76309321.0,45259321.0,6.542290554518235,29.759803089458497,0.0,0.0,-0.10413796903126583,6.542290554518235,-0.10236255171008202,0.0,-1.0266012080934188,0.420342076996381,0.0,0.0,0.0,0.0,28.724155491427602,-0.09785212917765877,-4.912722654992597,0.0,-0.04687500000000004,-0.1773543537623209,0.0,0.0,0.0,-0.04911646813075143,-0.06128640776699029,-0.8036859257569002,-1.0,-0.12913735548039468,Biotechnology,Healthcare,NXTC
2022Q2,2022,Q2,2022-08-04,2022-06-30,-17713000.0,0.0,-18128000.0,-0.64,0.0,0.0,206370000.0,198196000.0,192954000.0,5697000.0,8174000.0,0.0,-225548000.0,130400381.4,102237381.4,7.143546590884434,33.86940494997367,0.0,0.0,-0.09040847101570451,7.143546590884434,-0.0893711275706876,0.0,-1.8404615451927961,0.6579364941774809,0.0,0.0,0.0,0.0,32.55959276812357,-0.08583127392547367,-8.749941716432934,0.0,0.13513513513513511,-0.22517681516656018,0.0,0.0,0.0,0.13311799539959868,0.12724471619084302,-0.048258853278803075,-1.0,-0.46008343292047194,Biotechnology,Healthcare,NXTC
2022Q1,2022,Q1,2022-05-05,2022-03-31,-20433000.0,0.0,-20771000.0,-0.74,0.0,0.0,222746000.0,213936000.0,208933000.0,6424000.0,8810000.0,0.0,-207628000.0,134664612.48000002,124012612.48000002,7.720877377153687,32.52381693648817,0.0,0.0,-0.09629334790911143,7.720877377153687,-0.09550987211128562,0.0,-1.6476363294670389,0.6294621404532197,0.0,0.0,0.0,0.0,31.339352428393525,-0.09173228699954208,-8.549048532249873,0.0,0.7051792828685258,-0.4817156220273012,0.0,0.0,0.0,0.7055296949084149,0.7006586058308953,-1.628040437961347,-1.0,4.21293798228386,Biotechnology,Healthcare,NXTC
2021Q4,2021,Q4,2022-03-03,2021-12-31,-69389000.0,0.0,-69389000.0,-2.51,0.0,0.0,242386000.0,233386000.0,227817000.0,6608000.0,9000000.0,0.0,-187026000.0,165690228.0,153353228.0,8.451409699309485,34.475938256658594,0.0,0.0,-0.29731432048194834,8.451409699309485,-0.29731432048194834,0.0,-0.5969614348095519,0.7099407333773234,0.0,0.0,0.0,0.0,33.23108353510896,-0.28627478484730967,-11.60783438419504,0.0,-2.861538461538461,-2.675924989752999,0.0,2.807263319745092,0.0,-2.869994422755159,-2.7491355089690943,-2.675924989752999,0.0,2.807263319745092,Biotechnology,Healthcare,NXTC
2021Q3,2021,Q3,2021-11-04,2021-09-30,-17930000.0,0.0,-18508000.0,-0.65,0.0,0.0,257825000.0,248226000.0,243036000.0,7376000.0,9599000.0,0.0,-170087000.0,186125356.12,149461356.12,8.988798059955593,32.949566160520604,0.0,0.0,-0.07456108546244149,8.988798059955593,-0.0722325622618098,0.0,-2.5951667055214727,0.7498221625454223,0.0,0.0,0.0,0.0,31.905639913232104,-0.06954329487055173,-14.08120412467847,0.0,0.0,-0.14148683489921984,0.0,0.0,0.0,0.003168955356646467,-0.030971479500891266,-0.14148683489921984,0.0,0.0,Biotechnology,Healthcare,NXTC
2021Q2,2021,Q2,2021-08-05,2021-06-30,-17987000.0,0.0,-17952000.0,-0.65,0.0,0.0,275359000.0,263598000.0,258632000.0,8565000.0,11761000.0,0.0,-152157000.0,221711495.93999997,189447495.93999997,9.547055424554184,30.19638061879743,0.009583852352746778,0.010011456839581484,-0.06742864440329481,9.547055424554184,-0.06823648130865939,0.0,-3.081551897759493,0.8410970338925181,0.0,0.0,0.0,0.0,29.132516053706947,-0.06532199782828961,-12.716460908517348,0.0,-0.08333333333333341,-0.25018337265788493,0.0,0.0,0.0,-0.08794532147825561,-0.041661831263780896,-0.25018337265788493,0.0,0.0,Biotechnology,Healthcare,NXTC
2021Q1,2021,Q1,2021-05-06,2021-03-31,-16533000.0,0.0,-17234000.0,-0.6,0.0,0.0,290959000.0,279159000.0,273051000.0,8188000.0,11800000.0,0.0,-134170000.0,276250234.26,242779234.26,10.115399892729126,33.34770395701026,0.01050319804508539,0.010947166310238968,-0.061066917066775334,10.115399892729126,-0.05922431302590996,0.0,-4.1772550998004,0.9895802544786304,0.0,0.0,0.0,0.0,32.75964826575476,-0.056822438900326164,-18.82198230292294,0.0,-0.06905389043399521,-0.20374093447301314,0.0,0.0,-1.0,-0.06933574801112477,-0.06140296852866909,-0.20374093447301314,0.0,0.0,Biotechnology,Healthcare,NXTC
2020Q4,2020,Q4,2021-03-04,2020-12-31,-15461000.0,2.2377999999999998e-05,-16237000.0,-0.5612439235934334,2.2377999999999998e-05,1.0,306644000.0,293721000.0,287978000.0,10325000.0,12923000.0,0.0,-117637000.0,300270333.3,270971333.3,10.662255124622396,27.891331719128328,0.011325837127092002,0.011824146043354068,-0.05463434658842372,10.662255124622396,-0.05263838813023243,13418104088837.252,-4.855286419054395,1.0222978040385264,0.0,0.0,0.0,7.297713309244595e-14,27.452590799031476,-0.050420031045772945,-41.37094699641775,1.0,0.048739112553502585,0.1789429978148621,0.0,3.280034133721927,0.0,0.055355288079672514,0.06678544743950801,0.1789429978148621,0.0,3.280034133721927,Biotechnology,Healthcare,NXTC
2020Q3,2020,Q3,2020-11-05,2020-09-30,-16367000.0,0.0,-17399000.0,-0.59,0.0,0.0,316078000.0,307339000.0,296981000.0,5741000.0,8739000.0,0.0,-102176000.0,242420085.60000002,223775085.60000002,11.156597001053118,51.7298380073158,0.012303924980542778,0.012653779702543446,-0.05590435307877183,11.156597001053118,-0.0532538987892848,0.0,-3.7028790493065316,0.7887709844829326,0.0,0.0,0.0,0.0,50.72391569412994,-0.05178152228247458,-13.816259295565942,0.0,-0.11320754716981121,-0.04452639005018821,0.0,0.0,0.0,-0.12813620071684587,-0.10113283969369027,-0.04452639005018821,0.0,0.0,Biotechnology,Healthcare,NXTC
2020Q2,2020,Q2,2020-08-06,2020-06-30,-14508000.0,0.0,-15801000.0,-0.53,0.0,0.0,333489000.0,321917000.0,315070000.0,8362000.0,11572000.0,0.0,-85809000.0,589988685.76,569244685.76,11.698360742476352,37.678784979669935,0.01291197010995865,0.013376118688978837,-0.048436192420522155,11.698360742476352,-0.04506751740355433,0.0,-10.166609556106975,1.8327354124199715,0.0,0.0,0.0,0.0,36.99294427170533,-0.04350368377967489,-38.70554915436594,0.0,-2.6060606060606064,-0.011757181075131079,0.0,0.0,0.0,-2.4905989931162025,-0.924135411592791,-0.011757181075131079,0.0,0.0,Biotechnology,Healthcare,NXTC
2020Q1,2020,Q1,2020-05-07,2020-03-31,9733000.0,22378000.0,-8212000.0,0.33,0.0,0.0,343472000.0,331757000.0,326664000.0,8152000.0,11715000.0,0.0,-71301000.0,1019681783.89,995497783.89,12.060852889892063,40.07163886162905,0.013750756975823357,0.014236323574182308,-0.02440561103185925,12.060852889892063,0.029337738163776498,45.5662607869336,26.19135374216583,3.0735803129700354,0.0,0.0,0.0,0.06515232682722318,39.51153091265947,0.02833709880281362,-84.69821279923582,0.0,1.8307207751441383,1.7109754252263947,0.0,0.0,0.0,1.8907293859247736,0.3162364696086595,1.7109754252263947,0.0,0.0,Biotechnology,Healthcare,NXTC
2019Q4,2019,Q4,2020-03-12,2019-12-31,-10927000.0,2005000.0,-12010000.0,-0.3972453920425208,0.0,0.0,356168000.0,321484000.0,339995000.0,15042000.0,34684000.0,0.0,-81034000.0,1549465197.9099998,1520374197.9099998,11.68738332711611,22.603044807871292,0.0140383189955302,0.015552873548916898,-0.036770671638820765,11.68738332711611,-0.033989249853802986,772.8005974613466,-35.45037974535554,4.819727258308345,0.0,0.0,0.0,0.00562936591720761,22.244714798564022,-0.030679342332831698,-143.40260970939377,0.0,-0.07363619470951567,0.4188603261234345,0.0,3.4992492308854786,0.0,-0.2955892814797249,-0.23788909503195219,0.4188603261234345,0.0,3.4992492308854786,Biotechnology,Healthcare,NXTC
2019Q3,2019,Q3,2019-11-12,2019-09-30,-8434000.0,1583000.0,-9702000.0,-0.37,0.0,0.0,205124000.0,170649000.0,189148000.0,12607000.0,34475000.0,0.0,-70107000.0,700775241.95,695840241.95,7.512425289670295,15.003410803521852,0.024375499697743802,0.029299907998288886,-0.05523515647683733,7.512425289670295,-0.04942308481151369,442.68808714466206,-20.772327541795118,4.106530023322727,0.0,0.0,0.0,0.007717283204305688,14.601570556040295,-0.04111659289015425,-83.05976555055115,0.0,0.39344262295081966,0.34725090607542725,0.0,0.0,0.0,-0.025909256781413453,-0.08341708542713568,0.34725090607542725,0.0,0.0,Biotechnology,Healthcare,NXTC
2019Q2,2019,Q2,2019-08-12,2019-06-30,-8221000.0,1402000.0,-8955000.0,-0.61,0.0,0.0,213050000.0,178595000.0,196521000.0,11524000.0,34455000.0,0.0,-61673000.0,238246636.45,50557636.44999999,13.230834218562165,17.053193335647343,0.02346866932644919,0.02799630448780761,-0.04877583812195321,13.230834218562165,-0.04603152383885327,169.93340688302425,-7.245062536491911,1.3340050754500405,0.0,0.0,0.0,0.006580614879136353,16.72066990628254,-0.03858718610654776,-20.29876769617449,0.0,-1.173936285847675,-0.16877316259660782,0.0,0.0,0.0,-0.33566206336311943,-0.31401320616287604,-0.16877316259660782,0.0,0.0,Biotechnology,Healthcare,NXTC
2019Q1,2019,Q1,2019-06-10,2019-03-31,-6155000.0,1357000.0,-6815000.0,-0.280597,0.0,0.0,145426000.0,-52712000.0,131637000.0,10305000.0,198138000.0,0.0,-53452000.0,436514081.9,315965081.9,-2.403058328460308,12.774090247452692,0.03247012226149382,-0.08958112004856579,0.14200875182329653,-2.403058328460308,0.11676658066474427,321.67581569638907,-17.730060190901703,-8.28111401388678,0.0,0.0,0.0,0.00933120624922641,12.183309073265406,-0.042323931071472774,-54.46214371802869,0.0,0.5895080161098806,0.43618994570086816,0.0,0.0,0.0,0.10303118624307782,0.03565869534455922,0.43618994570086816,0.0,0.0,Biotechnology,Healthcare,NXTC
2018Q4,2018,Q4,2018-12-31,2018-12-31,-6862000.0,0.0,-7067000.0,-0.6835626784739119,0.0,0.0,147628000.0,-46944000.0,135785000.0,10298000.0,194572000.0,0.0,-47297000.0,199767781.79999998,65054781.79999998,-4.676357676811326,13.185570013594873,0.000494486140840491,-0.0015550443081117928,0.15118517884648297,-4.676357676811326,0.1461741649625085,0.0,-7.278045096181871,-4.25544865797546,0.0,0.0,0.0,0.0,13.126140998252088,-0.04648169723900615,9.713024835902173,0.0,-0.20175223226573596,0.0,0.0,0.0,0.0,-0.20175131348511383,-0.2142611683848797,0.0,0.0,0.0,Biotechnology,Healthcare,NXTC
2018Q3,2018,Q3,2018-09-30,2018-09-30,-5710000.0,0.0,-5820000.0,-0.568805,0.0,0.0,,,,,,,,199767781.79999998,,,0.0,0.0,0.0,0.0,,0.0,0.0,-8.746400253940456,0.0,0.0,0.0,0.0,0.0,0.0,0.0,-39.754782447761194,0.0,-0.09156767544953837,0.0,0.0,0.0,0.0,-0.091569489581342,-0.09811320754716982,0.0,0.0,0.0,Biotechnology,Healthcare,NXTC
2018Q2,2018,Q2,2018-06-30,2018-06-30,-5231000.0,0.0,-5300000.0,-0.52109,0.0,0.0,,,,,,,,199767781.79999998,,,0.0,0.0,0.0,0.0,,0.0,0.0,-9.547303660867902,0.0,0.0,0.0,0.0,0.0,0.0,0.0,-37.37470192703461,0.0,-0.04703825751486908,0.0,0.0,0.0,0.0,-0.04703763010408327,-0.058095428229187465,0.0,0.0,0.0,Biotechnology,Healthcare,NXTC
2018Q1,2018,Q1,2018-03-31,2018-03-31,-4996000.0,0.0,-5009000.0,-0.49768,0.0,0.0,,,,,,,,199767781.79999998,,,0.0,0.0,0.0,0.0,,0.0,0.0,-9.996386198959167,0.0,0.0,0.0,0.0,0.0,0.0,0.0,-37.92099123006833,0.0,0.0,0.0,0.0,0.0,0.0,0.0,0.0,0.0,0.0,0.0,Biotechnology,Healthcare,NXTC
