Quarters,Year,Quarter,FillingDate,Date,NetIncome,Revenue,OperatingIncome,EPSDiluted,GrossProfit,GrossProfitRatio,TotalAssets,CommonStockEquity,CurrentAssets,CurrentLiability,TotalLiability,Inventory,RetainedEarnings,MarketCap,EnterpriseValue,bookValuePerShare,currentRatio,debtToAssets,debtToEquity,roic,shareholdersEquityPerShare,roe,priceToSalesRatio,peRatio,pbRatio,payoutRatio,inventoryTurnover,dividendYield,assetTurnover,quickRatio,returnOnAssets,priceToFreeCashFlowsRatio,grossProfitMargin,epsdilutedGrowth,fiveYNetIncomeGrowthPerShare,fiveYRevenueGrowthPerShare,fiveYShareholdersEquityGrowthPerShare,grossProfitGrowth,netIncomeGrowth,operatingIncomeGrowth,threeYNetIncomeGrowthPerShare,threeYRevenueGrowthPerShare,threeYShareholdersEquityGrowthPerShare,Industry,Sector,Symbol
2023Q1,2023,Q1,2023-05-08,2023-03-31,1698000000.0,7141000000.0,4483000000.0,1.04,7141000000.0,1.0,682377000000.0,52989000000.0,132719000000.0,56875000000.0,628923000000.0,0.0,72807000000.0,55228599999.99999,86920600000.0,34.588120104438644,2.3335208791208792,0.1449638542916892,1.8668025439242106,0.023291753332090277,34.588120104438644,0.032044386570797716,7.734014843859402,8.131419316843344,1.0422653758327198,0.4752650176678445,0.0,0.014611994510090789,0.01046488964311517,2.499657142857143,0.0024883605397016603,65.59216152019002,1.0,0.8245614035087722,0.09313588714391484,0.4155050107510367,0.16168041174563683,0.12705176767676768,0.8356756756756757,0.6143320129636298,0.4367916556111244,0.2309921398474848,0.018876937020450662,Banks—Regional,Financial Services,USB
2022Q4,2022,Q4,2023-02-27,2022-12-31,925000000.0,6336000000.0,2777000000.0,0.57,6336000000.0,1.0,674805000000.0,50766000000.0,136533000000.0,31216000000.0,623573000000.0,0.0,71901000000.0,65458610000.0,82961610000.0,33.82145236508994,4.373814710404921,0.10528226672890686,1.3994602686837647,0.01925683906123653,33.82145236508994,0.018220856478745617,10.331220012626263,17.69151621621622,1.2894183114683055,0.867027027027027,0.0,0.012252016961557845,0.009389379153977816,4.373814710404921,0.001370766369543794,9.503282520325204,1.0,-0.5086206896551724,-0.3921709744039052,0.25388493615417246,0.14416373315016742,3.0408163265306123,-0.48951434878587197,-0.1530954559316865,-0.3547146227324449,0.16394918007877796,0.0149109960866285,Banks—Regional,Financial Services,USB
2022Q3,2022,Q3,2022-11-01,2022-09-30,1812000000.0,1568000000.0,3279000000.0,1.16,1568000000.0,1.0,600973000000.0,47513000000.0,41652000000.0,25066000000.0,552995000000.0,0.0,71782000000.0,59915520000.0,75557520000.0,31.973755047106327,1.6616931301364397,0.09533539776329386,1.2058594489929073,0.024734661753355966,31.973755047106327,0.038136930945214996,38.21142857142857,8.266490066225165,1.2610342432597395,0.4116997792494481,0.0,0.012450864150056612,0.0026091022392020938,4.8260193090241765,0.0030151104958126237,17.094299572039944,1.0,0.17171717171717166,0.3044176872821962,-0.6825150629073319,0.09722550825609624,-0.7379241183352833,0.18354016982364468,0.3549586776859504,0.0065644125041265,-0.7180812263055696,-0.05901556142548231,Banks—Regional,Financial Services,USB
2022Q2,2022,Q2,2022-08-04,2022-06-30,1531000000.0,5983000000.0,2420000000.0,0.99,5983000000.0,1.0,591381000000.0,48605000000.0,39124000000.0,24963000000.0,542312000000.0,-11343000000.0,70772000000.0,68385720000.00001,83632720000.0,32.70861372812921,1.5672795737691785,0.09193903760858059,1.1186297705997326,0.018506136235727423,32.70861372812921,0.031498816994136404,11.430005014206921,11.166838667537558,1.406968830367246,0.5029392553886349,0.0,0.011259660642601994,0.010116997333360389,5.979770059688339,0.002588855577030713,30.407167630057806,1.0,-0.05714285714285719,0.15666397487662634,0.2472767661282097,0.1399276804256951,0.07434009696534387,-0.017329910141206675,0.0595446584938704,-0.10041219420799516,0.10469878776547746,-0.017128194815537835,Banks—Regional,Financial Services,USB
2022Q1,2022,Q1,2022-05-03,2022-03-31,1558000000.0,5569000000.0,2284000000.0,1.05,5569000000.0,1.0,586517000000.0,51200000000.0,179828000000.0,21042000000.0,534849000000.0,0.0,69987000000.0,78927750000.0,88597750000.0,34.47811447811448,8.546145803630834,0.09202290811690028,1.05416015625,0.017306630801916113,34.47811447811448,0.0304296875,14.172697073083139,12.664914955070603,1.5415576171875,0.4858793324775353,0.0,0.009591050042602254,0.00949503594951212,8.546145803630834,0.0026563594917112378,9.310811607880146,1.0,-0.07079646017699102,0.2065675995071786,0.20454781668281866,0.22193242240106123,-0.015555948382534912,-0.07151370679380215,-0.0338409475465313,-0.010740720923181209,0.08248102648102656,0.06102809216703591,Banks—Regional,Financial Services,USB
2021Q4,2021,Q4,2022-02-22,2021-12-31,1678000000.0,5657000000.0,2364000000.0,1.13,5657000000.0,1.0,572815000000.0,54918000000.0,173678000000.0,9593000000.0,517897000000.0,0.0,69201000000.0,83300110000.0,96113110000.0,37.03169251517195,18.10465964765975,0.07282979670574269,0.7596416475472523,0.019208610991488826,37.03169251517195,0.03055464510725081,14.725138766130458,12.410624255065555,1.5168088786918679,0.45887961859356374,0.0,0.009243685272444417,0.009875788867260808,18.10465964765975,0.00292939256129815,118.49233285917497,1.0,-0.1307692307692309,0.3014434223865058,0.20400308584554888,0.3310050588987337,-0.03530013642564802,-0.17258382642998027,0.0,-0.015432807449949956,0.1280942298747336,0.17200382943037673,Banks—Regional,Financial Services,USB
2021Q3,2021,Q3,2021-11-02,2021-09-30,2028000000.0,5864000000.0,0.0,1.3,5864000000.0,1.0,567495000000.0,53743000000.0,402183000000.0,16088000000.0,513117000000.0,0.0,68297000000.0,88149520000.0,76004520000.0,36.23937963587323,24.998943311785183,0.0912060899214971,0.9630835643711739,0.0,36.23937963587323,0.037735146902852464,15.03231923601637,10.866558185404338,1.6402046778185067,0.33727810650887574,0.0,0.007759543103581279,0.010333130688376109,13.99005469915465,0.0035735997673988318,33.301669814884775,1.0,0.015625000000000014,0.5568722485550845,0.2666900278844009,0.29754264489087334,0.018763029881862403,0.02320887991927346,0.0,0.2273579911169565,0.1362331031754368,0.1718898149248136,Banks—Regional,Financial Services,USB
2021Q2,2021,Q2,2021-08-03,2021-06-30,1982000000.0,5756000000.0,0.0,1.28,5756000000.0,1.0,558886000000.0,53039000000.0,382654000000.0,13413000000.0,505212000000.0,0.0,67039000000.0,84828330000.0,90028330000.0,35.620550705171254,28.528591664802804,0.08905751799114667,0.9384226701106733,0.0,35.620550705171254,0.03736872867135504,14.73737491313412,10.69983980827447,1.5993576424894889,0.3632694248234107,0.0,0.008487730455143937,0.01029905919990839,16.202490121523894,0.003546340398578601,15.194040838259001,1.0,-0.11724137931034478,0.5086322916455231,0.23555695257905765,0.2965910522561809,0.05731080088170463,-0.1307017543859649,0.0,0.24894713614122602,0.13125098820686937,0.17854727689794475,Banks—Regional,Financial Services,USB
2021Q1,2021,Q1,2021-05-04,2021-03-31,2280000000.0,5444000000.0,0.0,1.45,5444000000.0,1.0,553375000000.0,51678000000.0,381213000000.0,12098000000.0,501067000000.0,0.0,65740000000.0,83075620000.0,89091620000.0,34.40612516644474,31.510414944618944,0.0894818161283036,0.9581833662293432,0.0,34.40612516644474,0.04411935446418205,15.260033063923586,9.109168859649124,1.6075625991717948,0.312719298245614,0.0,0.008582542026168448,0.009837813417664333,17.531740783600593,0.004120171673819743,88.66128068303095,1.0,0.5263157894736842,0.902398533556989,0.2631937512957577,0.2782256317851462,-0.04908296943231441,0.500987491770902,0.0,0.49713218196633324,0.10067556982846401,0.15556790971123888,Banks—Regional,Financial Services,USB
2020Q4,2020,Q4,2021-02-23,2020-12-31,1519000000.0,5725000000.0,0.0,0.95,5725000000.0,1.0,553905000000.0,53095000000.0,401217000000.0,9559000000.0,500180000000.0,0.0,64188000000.0,70211130000.0,58487130000.0,35.232249502322496,41.972695888691284,0.09181357814065588,0.9578303041717676,0.0,35.232249502322496,0.02860909690177983,12.263952838427947,11.555485516787362,1.3223680195875318,0.46938775510204084,0.0,0.010155085098331275,0.010335707386645724,22.253792237681765,0.0027423475144654767,-65.67926099158092,1.0,-0.04040404040404044,0.19302918808882832,0.2864402382472284,0.33425982269097565,-0.03603300218892069,-0.03860759493670886,0.0,-0.005820242751424872,0.12845812350481392,0.19189033287832424,Banks—Regional,Financial Services,USB
2020Q3,2020,Q3,2020-11-05,2020-09-30,1580000000.0,5939000000.0,0.0,0.99,5939000000.0,1.0,540455000000.0,52565000000.0,390968000000.0,13723000000.0,487260000000.0,0.0,63391000000.0,53990100000.0,66109100000.0,34.90371845949535,28.48998032500182,0.10392354590113885,1.0685056596594693,0.0,34.90371845949535,0.030058023399600495,9.090772857383397,8.542737341772153,1.0271111956625132,0.44746835443037974,0.0,0.013094993341371845,0.010988888991682934,13.957225096553232,0.0029234626379624575,16.440347137637026,1.0,1.4146341463414638,0.23867190740061908,0.36096915830983106,0.3613030959909669,0.021499828001375988,1.2931785195936139,0.0,0.1223011557948202,0.18654504410526576,0.19777142754502447,Banks—Regional,Financial Services,USB
2020Q2,2020,Q2,2020-08-06,2020-06-30,689000000.0,5814000000.0,0.0,0.41,5814000000.0,1.0,546652000000.0,51850000000.0,403573000000.0,20595000000.0,494172000000.0,0.0,62526000000.0,55450920000.0,66232920000.0,34.428950863213814,19.59567856275795,0.11556529565427365,1.2183992285438765,0.0,34.428950863213814,0.013288331726133076,9.53748194014448,20.120072568940493,1.069448794599807,1.0362844702467344,0.0,0.012876251647402784,0.010635651200398059,9.397766448167031,0.001260399669259419,-65.00694021101992,1.0,-0.4305555555555556,-0.453649103294621,0.3706992399288172,0.36905655923730074,0.011482254697286013,-0.4116140051238258,0.0,-0.48637627268702965,0.19594909545042796,0.19988313852756753,Banks—Regional,Financial Services,USB
2020Q1,2020,Q1,2020-05-07,2020-03-31,1171000000.0,5748000000.0,0.0,0.72,5748000000.0,1.0,542909000000.0,51532000000.0,403726000000.0,26344000000.0,490747000000.0,0.0,62544000000.0,52295100000.00001,84132100000.0,33.94729907773386,15.325159429092013,0.14485300483138058,1.5260808817821936,0.0,33.94729907773386,0.02272374446945587,9.097964509394574,11.164624252775406,1.0148082744702323,0.6131511528608027,0.0,0.013729775829857864,0.01058740967639144,6.984702399028242,0.002156899222521638,22.215420560747667,1.0,-0.20000000000000004,-0.039915608551102086,0.38991459452766314,0.3654976547065971,0.018607123870281767,-0.211978465679677,0.0,-0.11285260289067957,0.21623716014575195,0.20311989283403403,Banks—Regional,Financial Services,USB
2019Q4,2019,Q4,2020-02-20,2019-12-31,1486000000.0,5643000000.0,0.0,0.9,5643000000.0,1.0,495426000000.0,51853000000.0,356502000000.0,21730000000.0,442943000000.0,0.0,63186000000.0,92255240000.0,131747240000.0,33.3245501285347,16.405982512655314,0.12493692297134183,1.193701425182728,0.0,33.3245501285347,0.028657936859969528,16.34861598440546,15.520733512786002,1.7791688041193374,0.4993270524899058,0.0,0.008042903579243846,0.011390197526976783,7.314035895075932,0.002999438866753057,-1487.9877419354839,1.0,-0.217391304347826,0.14691395776321983,0.2672557966286408,0.36964905079904126,-0.042748091603053436,-0.22117400419287211,0.0,0.09845862713108462,0.1446771931800717,0.1977617493024862,Banks—Regional,Financial Services,USB
2019Q3,2019,Q3,2019-11-08,2019-09-30,1908000000.0,5895000000.0,0.0,1.15,5895000000.0,1.0,487671000000.0,53517000000.0,350576000000.0,14579000000.0,433524000000.0,0.0,62419000000.0,87160500000.0,127741500000.0,33.97904761904762,24.04664243089375,0.1145300827812193,1.0436496814096454,0.0,33.97904761904762,0.03565222265822075,14.785496183206106,11.420400943396226,1.6286507091204665,0.34643605870020966,0.0,0.00758371051106866,0.012088067570144627,7.109403937169902,0.00391247377842849,28.614740643466842,1.0,0.05504587155963287,0.4807264251723805,0.36393537552840344,0.41615464683358333,0.01725625539257981,0.047775947281713346,0.0,0.37918965189271453,0.19900444254134772,0.21661197739842608,Banks—Regional,Financial Services,USB
2019Q2,2019,Q2,2019-08-01,2019-06-30,1821000000.0,5795000000.0,0.0,1.09,5795000000.0,1.0,481719000000.0,52913000000.0,350672000000.0,15032000000.0,428179000000.0,0.0,61252000000.0,84285900000.0,123393900000.0,33.278616352201254,23.32836615220862,0.1163333810790108,1.0590970082966378,0.0,33.278616352201254,0.03441498308544214,14.544590163934426,11.57137561779242,1.5929147846464953,0.36957715540911584,0.0,0.007984728169243017,0.012029834820714982,6.599254922831293,0.0037802121153618605,138.40049261083743,1.0,0.09000000000000008,0.3873629078058939,0.28588906165188394,0.4114185998556551,0.044144144144144144,0.07180694526191878,0.0,0.2980375870874967,0.16491167350135125,0.21134444413477865,Banks—Regional,Financial Services,USB
2019Q1,2019,Q1,2019-05-09,2019-03-31,1699000000.0,5550000000.0,0.0,1.0,5550000000.0,1.0,475775000000.0,52057000000.0,345815000000.0,15396000000.0,423089000000.0,0.0,60092000000.0,78610140000.0,116571140000.0,32.495006242197256,22.46135359833723,0.11786243497451526,1.0772038342586012,0.0,32.495006242197256,0.032637301419597746,14.16398918918919,11.567118893466745,1.5100781835295924,0.3937610359034726,0.0,0.008510352481244786,0.01166517786768956,6.452650038971162,0.003571015711208029,60.655972222222225,1.0,-0.09090909090909098,0.38015651516492005,0.3237315272680902,0.40476343150032373,0.016297381431972166,-0.08459051724137931,0.0,0.3291299836243658,0.20740301549227186,0.20722544845891636,Banks—Regional,Financial Services,USB
2018Q4,2018,Q4,2019-02-22,2018-12-31,1856000000.0,5461000000.0,0.0,1.1,5461000000.0,1.0,467374000000.0,51029000000.0,342048000000.0,11099000000.0,415717000000.0,0.0,59065000000.0,73805500000.0,104791500000.0,31.596904024767802,30.81791152356068,0.11219922374800481,1.0276313468811853,0.0,31.596904024767802,0.03637147504360266,13.515015564914851,9.941473599137932,1.44634423563072,0.36584051724137934,0.0,0.009199856379267127,0.011684432595737032,8.978466528516083,0.003971123768117183,27.8511320754717,1.0,0.03773584905660381,0.4373218113156193,0.2740685649933795,0.3995077525138561,-0.03669077438701711,0.022589531680440773,0.0,0.3602288840225862,0.14505679155187035,0.1965877898001203,Banks—Regional,Financial Services,USB
2018Q3,2018,Q3,2018-11-02,2018-09-30,1815000000.0,5669000000.0,0.0,1.06,5669000000.0,1.0,464607000000.0,50375000000.0,340805000000.0,23868000000.0,413600000000.0,0.0,57878000000.0,86060070000.0,130740070000.0,30.92387968078576,14.278741411094352,0.1393909260945272,1.2855980148883375,0.0,30.92387968078576,0.036029776674937966,15.180820250485095,11.854004132231406,1.708388486352357,0.3068870523415978,0.0,0.006472223413250768,0.01220171026265209,4.036953242835596,0.003906527452233823,26.685293023255813,1.0,0.03921568627450984,0.39044866294328096,0.31860392333119386,0.4116552271304573,0.010336838353234717,0.037142857142857144,0.0,0.31546627385356324,0.20100634769826348,0.20608276159337477,Banks—Regional,Financial Services,USB
2018Q2,2018,Q2,2018-08-02,2018-06-30,1750000000.0,5611000000.0,0.0,1.02,5611000000.0,1.0,461329000000.0,49628000000.0,335861000000.0,18136000000.0,411072000000.0,0.0,56742000000.0,82132840000.0,118419840000.0,30.22411693057247,18.519022937803264,0.11988840935644626,1.1144515193036189,0.0,30.22411693057247,0.035262351898122025,14.637825699518803,11.733262857142856,1.6549697751269448,0.324,0.0,0.00690345055644003,0.012162686499222898,5.347761358623732,0.003793388232692937,25.232823348694318,1.0,0.06250000000000006,0.3235986946429803,0.28737776159938977,0.40370051415077157,0.031433823529411764,0.04477611940298507,0.0,0.27274765655093924,0.21327495367688787,0.201852641265551,Banks—Regional,Financial Services,USB
2018Q1,2018,Q1,2018-05-03,2018-03-31,1675000000.0,5440000000.0,0.0,0.96,5440000000.0,1.0,460119000000.0,49187000000.0,333684000000.0,17703000000.0,410307000000.0,0.0,55549000000.0,83426000000.0,115084000000.0,29.774213075060533,18.84900864260295,0.11063224948328584,1.0349075975359343,0.0,29.774213075060533,0.03405371337955151,15.335661764705883,12.451641791044775,1.6960985626283367,0.33611940298507464,0.0,0.006748495672811833,0.011823028390481593,5.616788115008756,0.0036403626018486524,58.17712691771269,1.0,-0.010309278350515474,0.31923532124714293,0.269894875652944,0.3994204015446732,-0.025962399283795883,-0.004161712247324614,0.0,0.2619119530696123,0.20873746678936236,0.19763925936000198,Banks—Regional,Financial Services,USB
2017Q4,2017,Q4,2018-02-22,2017-12-31,1682000000.0,5585000000.0,0.0,0.97,5585000000.0,1.0,462040000000.0,49040000000.0,335136000000.0,15596000000.0,412374000000.0,0.0,54142000000.0,88889220000.0,117239220000.0,29.559975889089813,21.4885868171326,0.10357328369838109,0.9758360522022839,0.0,29.559975889089813,0.03429853181076672,15.91570635631155,13.211834126040428,1.8125860522022839,0.34066587395957193,0.0,0.006446225987808196,0.012087698034802181,6.446781225955373,0.003640377456497273,-525.9717159763313,1.0,0.10227272727272724,0.3365866082571378,0.26243218806509955,0.4189516094255123,0.00503868994061544,0.07613563659628919,0.0,0.21759043211676946,0.17636100642541144,0.2149239153109201,Banks—Regional,Financial Services,USB
2017Q3,2017,Q3,2017-11-03,2017-09-30,1563000000.0,5557000000.0,0.0,0.88,5557000000.0,1.0,459227000000.0,48723000000.0,333158000000.0,15856000000.0,409876000000.0,0.0,53023000000.0,89602480000.0,119433480000.0,29.14055023923445,21.011478304742685,0.10968649491427987,1.0338238614206843,0.0,29.14055023923445,0.03207930546148636,16.124254093935576,14.331810620601408,1.839018122857788,0.3429302623160589,0.0,0.0059819772845573025,0.012100769336297735,6.37159434914228,0.003403545523237963,48.121632653061226,1.0,0.03529411764705886,0.1960984009919953,0.22021468229832722,0.42156379170730635,0.022259013980868287,0.042,0.0,0.14261446986231424,0.2111408874657439,0.21449918476955887,Banks—Regional,Financial Services,USB
2017Q2,2017,Q2,2017-08-04,2017-06-30,1500000000.0,5436000000.0,0.0,0.85,5436000000.0,1.0,463844000000.0,48320000000.0,338538000000.0,14412000000.0,414895000000.0,0.0,52033000000.0,87433280000.0,110695280000.0,28.693586698337292,23.490008326394673,0.11259388932485923,1.0808360927152318,0.0,28.693586698337292,0.031043046357615893,16.084120676968357,14.572213333333334,1.8094635761589404,0.36333333333333334,0.0,0.006233324427494885,0.011719457403782305,7.550235914515682,0.003233845861970835,55.02409062303335,1.0,0.03658536585365857,0.18848778358778948,0.2157426321019032,0.433464534463929,0.030716723549488054,0.018329938900203666,0.0,0.07901238490931758,0.13889725695548297,0.21695750610512496,Banks—Regional,Financial Services,USB
2017Q1,2017,Q1,2017-05-05,2017-03-31,1473000000.0,5274000000.0,0.0,0.82,5274000000.0,1.0,449522000000.0,47798000000.0,324827000000.0,12183000000.0,401089000000.0,0.0,51069000000.0,87241000000.0,115053000000.0,28.216056670602125,26.662316342444388,0.10707151151667771,1.0069668186953429,0.0,28.216056670602125,0.030817189003724006,16.541714069017825,14.806687033265444,1.8252018912925227,0.3788187372708758,0.0,0.006396075239852821,0.011732462482370162,8.120249528030863,0.0032768140380226105,27.348275862068967,1.0,0.0,0.23542203821453717,0.21230266884060042,0.4941148671536111,-0.0207946528035648,-0.0033829499323410014,0.0,0.13158404034957694,0.18958686618895268,0.2197838737612276,Banks—Regional,Financial Services,USB
2016Q4,2016,Q4,2017-02-23,2016-12-31,1478000000.0,5386000000.0,0.0,0.82,5386000000.0,1.0,445964000000.0,47298000000.0,322354000000.0,12715000000.0,398031000000.0,0.0,50151000000.0,87329000000.0,117662000000.0,27.822352941176472,25.352261108926466,0.10323254791866608,0.9733603957884054,0.0,27.822352941176472,0.03124867859106093,16.214073523950983,14.771481732070365,1.8463571398367793,0.36535859269282817,0.0,0.006183512922396913,0.012077208025759926,7.314825009830908,0.0033141688566790143,41.624880838894185,1.0,-0.023809523809523832,0.2261925925925925,0.27290989660265896,0.5590605686032141,0.008992131884600974,-0.015978695073235686,0.0,0.0873618293471235,0.19374228648628913,0.2323232239409032,Banks—Regional,Financial Services,USB
2016Q3,2016,Q3,2016-11-04,2016-09-30,1502000000.0,5338000000.0,0.0,0.84,5338000000.0,1.0,454134000000.0,47759000000.0,330253000000.0,15695000000.0,405735000000.0,0.0,49231000000.0,73341900000.0,103350900000.0,27.92923976608187,21.041924179675057,0.11818758340049412,1.1238300634435394,0.0,27.92923976608187,0.031449569714608765,13.739584113900337,12.207373501997337,1.535666575933332,0.3455392809587217,0.0,0.007076446069709129,0.01175423993799187,6.460974832749283,0.003307393852915659,132.3861010830325,1.0,0.012048192771084348,0.32133882756117854,0.26196657642276133,0.6095243500465477,-0.010931999258847507,-0.013140604467805518,0.0,0.09615819749191323,0.18280036527029395,0.274951840213844,Banks—Regional,Financial Services,USB
2016Q2,2016,Q2,2016-08-05,2016-06-30,1522000000.0,5397000000.0,0.0,0.83,5397000000.0,1.0,438463000000.0,47390000000.0,316219000000.0,18433000000.0,390434000000.0,0.0,48269000000.0,69569250000.0,110905250000.0,27.472463768115944,17.155048011718115,0.12629115797684184,1.1684743616796793,0.0,27.472463768115944,0.032116480270099175,12.89035575319622,11.427274967148488,1.4680154040936906,0.33180026281208935,0.0,0.007258954207498285,0.012308906338733256,4.905821081755547,0.0034712164994537735,48.8891426563598,1.0,0.09210526315789468,0.4089231028708421,0.29698410613424414,0.6262357604631681,0.08286516853932584,0.09812409812409813,0.0,0.09576389702722751,0.17869707419389247,0.2759053177591837,Banks—Regional,Financial Services,USB
2016Q1,2016,Q1,2016-05-06,2016-03-31,1386000000.0,4984000000.0,0.0,0.76,4984000000.0,1.0,428638000000.0,46755000000.0,307666000000.0,23777000000.0,381245000000.0,0.0,47267000000.0,70504830000.0,118172830000.0,26.917098445595855,12.939647558565,0.13682641296385295,1.2543899048230136,0.0,26.917098445595855,0.02964388835418672,14.146233948635635,12.71732142857143,1.5079634263715112,0.37012987012987014,0.0,0.00727609725461362,0.011627527190776366,3.5960381881650334,0.0032334977300192704,55.91183980967486,1.0,-0.050000000000000044,0.46312129107678884,0.23282840475998876,0.6922999579982577,-0.033921302578018994,-0.06097560975609756,0.0,0.03819973585289025,0.10651455047792616,0.26513290612221047,Banks—Regional,Financial Services,USB
2015Q4,2015,Q4,2016-02-25,2015-12-31,1476000000.0,5159000000.0,0.0,0.8,5159000000.0,1.0,421853000000.0,46131000000.0,302586000000.0,26138000000.0,375036000000.0,0.0,46377000000.0,74544490000.0,121613490000.0,26.405838580423584,11.576478690029841,0.13800067796128035,1.261971342481195,0.0,26.405838580423584,0.03199583793978019,14.449406861794921,12.626099254742547,1.6159305022652881,0.34417344173441733,0.0,0.006814722322199803,0.012229378480181486,3.161833346086158,0.003498849125169194,29.45258395890952,1.0,-0.012345679012345689,0.6602612398608823,0.2108314951963189,0.7121438748917897,0.012760109933254809,-0.008730691739422432,0.0,0.11380958907422795,0.10739839725243283,0.26754525418105923,Banks—Regional,Financial Services,USB
2015Q3,2015,Q3,2015-11-04,2015-09-30,1489000000.0,5094000000.0,0.0,0.81,5094000000.0,1.0,415943000000.0,45075000000.0,296906000000.0,26915000000.0,370176000000.0,0.0,45413000000.0,72095580000.0,121064580000.0,25.639931740614333,11.031246516812187,0.14285370832061123,1.3182251802551304,0.0,25.639931740614333,0.03303383250138658,14.153038869257951,12.104697783747481,1.5994582362728786,0.3445265278710544,0.0,0.007115554101929689,0.012246870364448974,3.014638677317481,0.003579817426907052,25.26124036440084,1.0,0.012500000000000011,0.7844523211699318,0.22256940732967898,0.6825902857464656,0.021251002405773857,0.004045853000674309,0.0,0.08372734527795407,0.06382990032163093,0.2507930799202977,Banks—Regional,Financial Services,USB
2015Q2,2015,Q2,2015-08-05,2015-06-30,1483000000.0,4988000000.0,0.0,0.8,4988000000.0,1.0,419075000000.0,44537000000.0,301600000000.0,27784000000.0,373844000000.0,0.0,44434000000.0,76861400000.0,120861400000.0,25.147939017504235,10.855168442268932,0.14776591302272862,1.3904169566876978,0.0,25.147939017504235,0.03329815658890361,15.40926222935044,12.95708024275118,1.7257875474324718,0.33580579905596764,0.0,0.006479195018565887,0.011902404104277278,3.080405989058451,0.0035387460478434646,46.695868772782504,1.0,0.05263157894736847,0.6712636551068065,0.31859079046406064,0.7069423622232986,0.028029678483099753,0.0363382250174703,0.0,0.11729573238253525,0.060747871457418,0.25633226251714636,Banks—Regional,Financial Services,USB
2015Q1,2015,Q1,2015-05-06,2015-03-31,1431000000.0,4852000000.0,0.0,0.76,4852000000.0,1.0,410233000000.0,44277000000.0,293795000000.0,28226000000.0,365268000000.0,0.0,43463000000.0,77776270000.0,127034270000.0,24.860752386299833,10.408665769149012,0.15437568406247182,1.4303137068907108,0.0,24.860752386299833,0.032319262822684464,16.029734130255566,13.587748078266946,1.7565840052397408,0.3494060097833683,0.0,0.00642869605343635,0.011827424902433496,2.892439594699922,0.0034882615489246357,44.41820102798401,1.0,-0.037974683544303826,1.2939448035189582,0.3203339943561123,0.777829085994709,-0.05123191239734063,-0.038306451612903226,0.0,0.1415678197616595,0.06081881648913229,0.3164426263608908,Banks—Regional,Financial Services,USB
2014Q4,2014,Q4,2015-02-27,2014-12-31,1488000000.0,5114000000.0,0.0,0.79,5114000000.0,1.0,402529000000.0,43479000000.0,287173000000.0,28059000000.0,358361000000.0,0.0,42530000000.0,80325650000.0,129990650000.0,24.330721880246223,10.234612780213123,0.14985007291400124,1.3873134156719336,0.0,24.330721880246223,0.034223418201890565,15.70701016816582,13.495572916666667,1.8474585432047657,0.33803763440860213,0.0,0.006262009706737511,0.012704674694245632,2.7672048184183327,0.0036966280690335354,92.754792147806,1.0,0.012820512820512832,1.639126805444266,0.038272546447675665,0.7880451930635826,0.03648155654641265,0.011556764106050306,0.0,0.1743878629608903,0.1497843856706776,0.36340262699360804,Banks—Regional,Financial Services,USB
2014Q3,2014,Q3,2014-11-06,2014-09-30,1471000000.0,4934000000.0,0.0,0.78,4934000000.0,1.0,391284000000.0,43141000000.0,279032000000.0,30045000000.0,347455000000.0,0.0,41543000000.0,75210340000.0,129840340000.0,23.99388209121246,9.287135962722584,0.1554190817922532,1.4096335272710414,0.0,23.99388209121246,0.034097494262998074,15.243279286582894,12.782178789938817,1.7433610718342178,0.34262406526172673,0.0,0.006701206243715958,0.012609766818985698,2.1586287235812947,0.003759417711943243,129.2273883161512,1.0,0.0,1.5887138279680573,0.35573734323596795,0.8187726760968325,-0.03876875121761153,-0.016053511705685617,0.0,0.23073162377329445,0.1093659997515595,0.3827350046545849,Banks—Regional,Financial Services,USB
2014Q2,2014,Q2,2014-08-06,2014-06-30,1495000000.0,5133000000.0,0.0,0.78,5133000000.0,1.0,389065000000.0,42700000000.0,283308000000.0,29101000000.0,345679000000.0,0.0,40573000000.0,78452520000.0,120808520000.0,23.578133627829928,9.735335555479192,0.1413439913639109,1.2878688524590165,0.0,23.578133627829928,0.03501170960187354,15.28395090590298,13.119150501672241,1.837295550351288,0.3210702341137124,0.0,0.006118350309206128,0.013193168236669965,2.303219820624721,0.0038425455900684977,70.5508273381295,1.0,0.06849315068493157,2.212656553897449,0.3682790636392735,0.7880401696169897,0.07881462799495587,0.07015032211882606,0.0,0.3182096296163695,0.17496288804307442,0.39571042459821565,Banks—Regional,Financial Services,USB
2014Q1,2014,Q1,2014-05-07,2014-03-31,1397000000.0,4758000000.0,0.0,0.73,4758000000.0,1.0,371289000000.0,42054000000.0,270601000000.0,30781000000.0,328546000000.0,0.0,39584000000.0,77919480000.0,125066480000.0,23.13201320132013,8.791169877521847,0.14693405945234037,1.2972606648594665,0.0,23.13201320132013,0.03321919436914443,16.376519546027744,13.944073013600573,1.852843486945356,0.345025053686471,0.0,0.006185872903669275,0.012814815413330316,1.890062051265391,0.003762567703325442,28.10948051948052,1.0,-0.03947368421052635,1.5478651834937747,0.29237096006897983,0.4904143979398123,-0.015518311607697082,-0.040521978021978024,0.0,0.4090274228187637,0.12448838969918498,0.4543285580401878,Banks—Regional,Financial Services,USB
2013Q4,2013,Q4,2014-02-21,2013-12-31,1456000000.0,4833000000.0,0.0,0.76,4833000000.0,1.0,364021000000.0,41113000000.0,270926000000.0,24957000000.0,322214000000.0,0.0,38667000000.0,73568400000.0,110097400000.0,22.57715540911587,10.855711824337861,0.12363572431260834,1.0946902439617638,0.0,22.57715540911587,0.035414589059421596,15.222098075729361,12.631936813186813,1.7894194050543621,0.3317307692307692,0.0,0.006565318805356648,0.013276706563632317,2.3843410666346116,0.0039997692440820725,26.378056651129437,1.0,0.0,3.249786164777927,0.29887822870087083,0.5057159919235452,-0.0004136504653567735,-0.008174386920980926,0.0,0.5712106194331026,0.08822308711984858,0.4638936093041016,Banks—Regional,Financial Services,USB
2013Q3,2013,Q3,2013-11-01,2013-09-30,1468000000.0,4835000000.0,0.0,0.76,4835000000.0,1.0,360681000000.0,40132000000.0,269234000000.0,26128000000.0,319129000000.0,0.0,37692000000.0,67014560000.0,100277560000.0,21.906113537117903,10.304424372320883,0.12442573908800297,1.1182597428485996,0.0,21.906113537117903,0.03657928834845012,13.86030196483971,11.412561307901907,1.6698534835044354,0.329700272479564,0.0,0.007222311091798559,0.013405197390491876,2.1694350887936316,0.004070078545861856,31.300588510042036,1.0,0.0,1.424797580058224,0.3752202988231148,0.7615850470678894,-0.011651676206050695,-0.01078167115902965,0.0,0.6882225920012313,0.11353651595032593,0.43756286907847236,Banks—Regional,Financial Services,USB
2013Q2,2013,Q2,2013-08-07,2013-06-30,1484000000.0,4892000000.0,0.0,0.76,4892000000.0,1.0,353415000000.0,39683000000.0,263375000000.0,26179000000.0,312365000000.0,0.0,36707000000.0,66919330000.00001,106204330000.0,21.531741725447638,10.060544711409909,0.12988413055473028,1.1567421817906913,0.0,21.531741725447638,0.03739636620215205,13.679339738348325,11.273472035040431,1.6863475543683695,0.29110512129380056,0.0,0.006455533849487136,0.013842083669340578,2.0140952671989,0.004199029469603724,13.803492161716173,1.0,0.04109589041095894,0.474803666790416,0.22606851832193245,0.7163840297910432,0.015359070153590702,0.0392156862745098,0.0,0.6070557557399947,0.24269132801510124,0.4614892321011,Banks—Regional,Financial Services,USB
2013Q1,2013,Q1,2013-05-03,2013-03-31,1428000000.0,4818000000.0,0.0,0.73,4818000000.0,1.0,355447000000.0,39531000000.0,265435000000.0,27126000000.0,314600000000.0,0.0,35720000000.0,63153420000.0,108586420000.0,21.27610333692142,9.785261372852613,0.14732154160817224,1.3246565986188055,0.0,21.27610333692142,0.03612354860742202,13.107808219178082,11.056271008403362,1.597566972755559,0.3018207282913165,0.0,0.00682465019313285,0.013554763438712382,1.9548772395487723,0.004017476585820108,37.861762589928055,1.0,0.013888888888888902,0.2205429533581538,0.1667987832773667,0.7072563914431196,-0.03485576923076923,0.005633802816901409,0.0,1.1942683921667063,0.2567474664651291,0.5214855432071553,Banks—Regional,Financial Services,USB
2012Q4,2012,Q4,2013-02-22,2012-12-31,1420000000.0,4992000000.0,0.0,0.72,4992000000.0,1.0,353855000000.0,38998000000.0,268196000000.0,21964000000.0,313588000000.0,0.0,34720000000.0,59791680000.0,99019680000.0,20.832264957264957,12.210708431979603,0.13417925421429683,1.2174983332478588,0.0,20.832264957264957,0.03641212369865121,11.9775,10.526704225352114,1.533198625570542,0.30422535211267604,0.0,0.007225085496845046,0.014107473400121518,2.612684392642506,0.004012943154682002,14.644055841293167,1.0,-0.027027027027027053,0.5232539115949789,0.3121091529277999,0.7134206329480965,-0.028226591395756277,-0.036635006784260515,0.0,1.4041656018400204,-0.032515687393040636,0.5309464059801078,Banks—Regional,Financial Services,USB
2012Q3,2012,Q3,2012-11-05,2012-09-30,1474000000.0,5137000000.0,0.0,0.74,5137000000.0,1.0,352253000000.0,38661000000.0,263982000000.0,27853000000.0,312428000000.0,0.0,33730000000.0,64293740000.00001,109028740000.0,20.49893955461294,9.477686425160664,0.15363105495198054,1.3997827267789245,0.0,20.49893955461294,0.03812627712682031,12.515814677827528,10.904637042062417,1.663012855332247,0.2937584803256445,0.0,0.0067347147638323725,0.014583268275926677,0.3368398377194557,0.0041844923960903104,260.2985425101215,1.0,0.042253521126760604,0.1464036834245893,0.3382157817590707,0.7028156954496446,0.024735687213245563,0.04169611307420495,0.0,1.4729586426299046,0.3456557709701565,0.5538507278297042,Banks—Regional,Financial Services,USB
2012Q2,2012,Q2,2012-08-03,2012-06-30,1415000000.0,5013000000.0,0.0,0.71,5013000000.0,1.0,353136000000.0,37792000000.0,264904000000.0,30684000000.0,314262000000.0,0.0,32687000000.0,60718079999.99999,104820080000.0,20.016949152542374,8.63329422500326,0.16850448552399075,1.5745395850973751,0.0,20.016949152542374,0.0374417866215072,12.112124476361458,10.727575971731447,1.6066384419983062,0.29469964664310955,0.0,0.006867806096635468,0.014195663993475601,0.5019880067787772,0.004006954827601831,113.06905027932959,1.0,0.059701492537313314,0.12550216996070618,0.32188443273563294,0.7092682601482323,0.026833265055305203,0.05754857997010463,0.0,1.9167285166792614,0.28179207603683554,0.5179788919204904,Banks—Regional,Financial Services,USB
2012Q1,2012,Q1,2012-05-07,2012-03-31,1338000000.0,4882000000.0,0.0,0.67,4882000000.0,1.0,340762000000.0,35900000000.0,252025000000.0,27454000000.0,303848000000.0,0.0,31705000000.0,60223680000.0,108511680000.0,18.88479747501315,9.179900925183944,0.16976364735504546,1.6113927576601672,0.0,18.88479747501315,0.037270194986072425,12.335862351495289,11.252556053811658,1.6775398328690807,0.20104633781763825,0.0,0.004466681544535306,0.014326714833226709,0.348255263349603,0.003926494151343166,19.48355871886121,1.0,-0.02898550724637668,0.09126356412321429,0.345097104898767,0.5906810180876462,0.030175142435112892,-0.008888888888888889,0.0,1.333715515364016,0.26815485922534843,0.21676283918646244,Banks—Regional,Financial Services,USB
2011Q4,2011,Q4,2012-02-23,2011-12-31,1350000000.0,4739000000.0,0.0,0.69,4739000000.0,1.0,340122000000.0,33978000000.0,254988000000.0,22446000000.0,305151000000.0,0.0,30785000000.0,51503200000.0,91940200000.0,17.845588235294116,11.360064153969526,0.159939668707111,1.6010065336394137,0.0,17.845588235294116,0.03973159102948967,10.86794682422452,9.53762962962963,1.5157807993407502,0.19925925925925925,0.0,0.005222976436415601,0.013933235721300005,3.4273812706050077,0.003969164005856722,48.35981220657277,1.0,0.07812499999999989,0.040391030784173096,0.2791658757959035,0.4749950742197146,0.0004222081486172683,0.060487038491751764,0.0,2.7686210847975556,0.2180955389968486,0.19015824200402584,Banks—Regional,Financial Services,USB
2011Q3,2011,Q3,2011-11-04,2011-09-30,1273000000.0,4737000000.0,0.0,0.64,4737000000.0,1.0,330141000000.0,33230000000.0,247574000000.0,32029000000.0,295931000000.0,0.0,29704000000.0,45079100000.0,94024100000.0,17.35248041775457,7.729682475256799,0.18977648943936076,1.8854348480288896,0.0,17.35248041775457,0.03830875714715618,9.51638167616635,8.852926158680283,1.3565783930183568,0.2128829536527887,0.0,0.006011655068535087,0.01434841476823539,0.42798713665740423,0.003855928224607062,-834.7981481481481,1.0,0.06666666666666674,-0.021383443045996896,0.28544524326113335,0.4685674672581163,0.022227017695295642,0.058187863674147966,0.0,1.0115671235857264,0.288949408141999,0.3954036156007481,Banks—Regional,Financial Services,USB
2011Q2,2011,Q2,2011-08-08,2011-06-30,1203000000.0,4634000000.0,0.0,0.6,4634000000.0,1.0,320874000000.0,32452000000.0,240550000000.0,29654000000.0,287533000000.0,0.0,28701000000.0,49004710000.0,96238710000.0,16.89328474752733,8.111890470088353,0.19473064193421716,1.9254283249106372,0.0,16.89328474752733,0.03707013435227413,10.575034527406128,10.183854945968413,1.510067484284482,0.23275145469659186,0.0,0.0057137364959409,0.01444180581785997,0.5142645174344102,0.003749135174554498,18.986714451762882,1.0,0.15384615384615377,-0.07133479345036521,0.24855567058048952,0.47376635490306995,0.03808243727598566,0.15009560229445507,0.0,0.14700128770651244,0.11424910179872415,0.34663347355220603,Banks—Regional,Financial Services,USB
2011Q1,2011,Q1,2011-05-06,2011-03-31,1046000000.0,4464000000.0,0.0,0.52,4464000000.0,1.0,311462000000.0,30507000000.0,236131000000.0,31021000000.0,280127000000.0,0.0,27769000000.0,50692740000.0,99688740000.0,15.90563086548488,7.611972534734535,0.20161689066402963,2.0584128232864587,0.0,15.90563086548488,0.03428721277083948,11.355900537634408,12.115855640535372,1.6616756809912478,0.10994263862332695,0.0,0.002268569424339659,0.01433240652150182,0.4448599335933722,0.0033583551123411524,8.139489402697496,1.0,0.06122448979591842,-0.14814144901951384,0.2591442911238207,0.4142002956525606,-0.043701799485861184,0.07392197125256673,0.0,-0.13392869101032226,0.04725023060098815,0.27631406583322493,Banks—Regional,Financial Services,USB
2010Q4,2010,Q4,2011-02-28,2010-12-31,974000000.0,4668000000.0,0.0,0.49,4668000000.0,1.0,307786000000.0,29519000000.0,240154000000.0,22520000000.0,277464000000.0,0.0,27005000000.0,51620580000.0,91190580000.0,15.422675026123303,10.664031971580817,0.17563177012599662,1.831261221586097,0.0,15.422675026123303,0.03299569768623598,11.058393316195373,13.249635523613964,1.7487238727599173,0.1324435318275154,0.0,0.002499003304495998,0.015166381836730716,3.405461811722913,0.003164536398666606,21.19941683778234,1.0,0.08888888888888884,-0.19816592936332286,0.32261593601655286,0.3828655641764446,0.029554477282752536,0.07268722466960352,0.0,0.02189629715831807,0.20002459362597383,0.2684904718340509,Banks—Regional,Financial Services,USB
2010Q3,2010,Q3,2010-11-08,2010-09-30,908000000.0,4534000000.0,0.0,0.45,4534000000.0,1.0,290654000000.0,29151000000.0,227507000000.0,34341000000.0,260711000000.0,0.0,26147000000.0,41359060000.0,101583060000.0,15.238369053842133,6.624938120613844,0.22258080053947304,2.219272066138383,0.0,15.238369053842133,0.031148159582861653,9.121980591089546,11.387406387665198,1.418787005591575,0.12444933920704845,0.0,0.0027321704119967908,0.015599303639378781,0.1301651087621211,0.0031239893481596675,-35.83974003466204,1.0,0.0,-0.2501891192343547,0.2866858431091366,0.3984870512059107,0.11018609206660138,-0.05219206680584551,0.0,-0.3037701227903603,0.16446064590072587,0.2658281141229741,Banks—Regional,Financial Services,USB
2010Q2,2010,Q2,2010-08-06,2010-06-30,958000000.0,4084000000.0,0.0,0.45,4084000000.0,1.0,283243000000.0,28169000000.0,220549000000.0,33797000000.0,254303000000.0,0.0,25367000000.0,42733200000.0,100634200000.0,14.732740585774058,6.525697547119567,0.2221908396677058,2.2341581170790588,0.0,14.732740585774058,0.0340090170045085,10.46356513222331,11.151670146137787,1.5170293585146795,0.12004175365344467,0.0,0.0026911160409236845,0.01441871467256031,0.1489185430659526,0.0033822548130050876,39.42177121771218,1.0,0.32352941176470584,-0.18071599998507007,0.18824197941600365,0.3569726894992136,0.03628520680030449,0.4319880418535127,0.0,-0.2475641007079671,0.06339746074181073,0.2580441542992507,Banks—Regional,Financial Services,USB
2010Q1,2010,Q1,2010-05-07,2010-03-31,669000000.0,3941000000.0,0.0,0.34,3941000000.0,1.0,282428000000.0,26709000000.0,220874000000.0,31196000000.0,255040000000.0,0.0,24597000000.0,49430800000.0,104645800000.0,13.983769633507853,7.0802025900756504,0.22517243332814027,2.3810326107304656,0.0,13.983769633507853,0.025047736717960237,12.542704897234204,18.471898355754856,1.8507169867834812,0.17189835575485798,0.0,0.002326484701845813,0.013953998895293668,0.2686241825875112,0.0023687453085388136,17.187343532684284,1.0,0.13333333333333347,-0.39431856512238406,0.22243303085421048,0.3482893253465506,-0.2506179882106864,0.11129568106312292,0.0,-0.4569392577491544,0.08071467142488219,0.1778636729762383,Banks—Regional,Financial Services,USB
2009Q4,2009,Q4,2010-02-26,2009-12-31,602000000.0,5259000000.0,0.0,0.3,5259000000.0,1.0,281176000000.0,25963000000.0,221728000000.0,21117000000.0,254515000000.0,0.0,24116000000.0,42949080000.0,90440080000.0,13.607442348008385,10.49997632239428,0.19097291376219877,2.0682124561876516,0.0,13.607442348008385,0.023186842814774872,8.166776953793496,17.835996677740866,1.6542418056464971,0.19102990033222592,0.0,0.0026775893686197703,0.018703587788431446,2.937538476109296,0.0021410077673770164,12.706828402366863,1.0,0.0,-0.44665602566545964,0.581512469790296,0.28977855716830586,0.36172967374417403,-0.001658374792703151,0.0,-0.5370352812279426,0.41654997592388643,0.12469873065578578,Banks—Regional,Financial Services,USB
2009Q3,2009,Q3,2009-11-06,2009-09-30,603000000.0,3862000000.0,0.0,0.3,3862000000.0,1.0,265058000000.0,25171000000.0,208716000000.0,28166000000.0,239178000000.0,0.0,23629000000.0,41708880000.0,98107880000.0,13.192348008385745,7.410210892565504,0.2317040044065827,2.4399110087004887,0.0,13.192348008385745,0.023956140002383695,10.799813568099431,17.29223880597015,1.6570211751618926,0.1890547263681592,0.0,0.002733230909101371,0.014570395913347267,0.1780870553149187,0.0022749737793237705,12.103563551944283,1.0,1.5,-0.4432634160594282,0.15177730568879927,0.26336924549694096,0.017118777982617857,0.2802547770700637,0.0,-0.5347441145563764,0.051847730337299905,0.11648897652925319,Banks—Regional,Financial Services,USB
2009Q2,2009,Q2,2009-08-10,2009-06-30,471000000.0,3797000000.0,0.0,0.12,3797000000.0,1.0,265560000000.0,24171000000.0,211270000000.0,29698000000.0,240674000000.0,0.0,23140000000.0,32847360000.000004,95360360000.0,13.186579378068739,7.113947067142568,0.2594291308932068,2.8502751230813783,0.0,13.186579378068739,0.019486161102147202,8.65087174084804,17.434904458598727,1.3589574283231973,0.46284501061571126,0.0,0.006636758631439482,0.014298087061304414,0.2148629537342582,0.0017736104835065522,-30.61263746505126,1.0,-0.5,-0.5312396465670444,0.30001924216774,0.3356751567097632,0.06897522522522523,-0.10964083175803403,0.0,-0.6189522915301079,0.07215451553131709,0.150394213683097,Banks—Regional,Financial Services,USB
2009Q1,2009,Q1,2009-05-08,2009-03-31,529000000.0,3552000000.0,0.0,0.24,3552000000.0,1.0,263624000000.0,27223000000.0,211184000000.0,26007000000.0,235682000000.0,0.0,23015000000.0,25625940000.0,84303940000.0,15.520524515393387,8.120275310493328,0.2459260158407429,2.381515630165669,0.0,15.520524515393387,0.019432097858428535,7.214510135135135,12.110557655954631,0.9413341659626051,1.612476370510397,0.0,0.033286583828729795,0.013473735320001214,0.23662859999230976,0.0020066458289078382,13.874358419057932,1.0,0.6,-0.4271344197905213,0.25525025168654797,0.5282753782019584,-0.008928571428571428,0.603030303030303,0.0,-0.5289028373753066,0.09557795715958682,0.3799597478388373,Banks—Regional,Financial Services,USB
2008Q4,2008,Q4,2009-03-02,2008-12-31,330000000.0,3584000000.0,0.0,0.15,3584000000.0,1.0,265912000000.0,26300000000.0,213196000000.0,22121000000.0,239612000000.0,0.0,22541000000.0,43867540000.0,97488540000.0,14.994298745724059,9.637719813751639,0.2274436655735732,2.2996197718631177,0.0,14.994298745724059,0.012547528517110267,12.239827008928572,33.23298484848485,1.6679673003802282,2.3454545454545452,0.0,0.017644025628061204,0.013478143145100634,2.6360471949731026,0.0012410120641415205,32.884212893553226,1.0,-0.53125,-0.5918382370319227,0.5408635380098583,0.49257248818001576,0.07144992526158446,-0.4270833333333333,0.0,-0.7035497415730674,0.1081109569489209,0.34445544364477887,Banks—Regional,Financial Services,USB
2008Q3,2008,Q3,2008-11-10,2008-09-30,576000000.0,3345000000.0,0.0,0.32,3345000000.0,1.0,247055000000.0,21675000000.0,194873000000.0,37423000000.0,225380000000.0,0.0,23032000000.0,62782860000.00001,133197860000.0,12.435456110154906,5.2073056676375495,0.31382890449495054,3.5770703575547866,0.0,12.435456110154906,0.02657439446366782,18.769165919282514,27.249505208333332,2.896556401384083,1.3072916666666667,0.0,0.01199371930491857,0.013539495254093217,1.2399593832669749,0.0023314646536196394,34.591107438016536,1.0,-0.39622641509433965,-0.3537668361973195,0.15520571741002917,0.23291920457934456,-0.11202548447040085,-0.3936842105263158,0.0,-0.4779573853721396,0.04184883838937815,0.14125234035503398,Banks—Regional,Financial Services,USB
2008Q2,2008,Q2,2008-08-11,2008-06-30,950000000.0,3767000000.0,0.0,0.53,3767000000.0,1.0,246538000000.0,21828000000.0,192441000000.0,41107000000.0,224710000000.0,0.0,23220000000.0,48528600000.0,121622600000.0,12.544827586206896,4.681465443841682,0.32875256552742377,3.713120762323621,0.0,12.544827586206896,0.043522081729888216,12.882559065569419,12.770684210526316,2.2232270478284772,0.7905263157894736,0.0,0.01547541037656145,0.015279591787067308,0.19354367869219355,0.0038533613479463614,31.108076923076922,1.0,-0.1451612903225806,0.10059942239450757,0.20130156827887474,0.25729520693250857,-0.020795425006498572,-0.12844036697247707,0.0,-0.10724722384570412,0.2043519439066506,0.15545294033049806,Banks—Regional,Financial Services,USB
2008Q1,2008,Q1,2008-05-12,2008-03-31,1090000000.0,3847000000.0,0.0,0.62,3847000000.0,1.0,241781000000.0,21572000000.0,187633000000.0,36392000000.0,220209000000.0,0.0,23033000000.0,56015160000.0,121313160000.0,12.462160600808781,5.155885908990987,0.300358588971011,3.366447246430558,0.0,12.462160600808781,0.0505284628221769,14.560738237587731,12.84751376146789,2.596660485814945,0.6871559633027523,0.0,0.013371380176366542,0.01591109309664531,0.20122554407562102,0.0045082119769543514,93.67083612040133,1.0,0.2653061224489796,0.3261440275429865,0.2929947793955175,0.29130055037538083,0.09351904491188175,0.26450116009280744,0.0,0.08888230817071666,0.31667056605433347,0.20157858354320404,Banks—Regional,Financial Services,USB
2007Q4,2007,Q4,2008-02-25,2007-12-31,862000000.0,3518000000.0,0.0,0.49,3518000000.0,1.0,237615000000.0,21046000000.0,182030000000.0,19012000000.0,216569000000.0,0.0,22693000000.0,54941940000.0,108509940000.0,12.158290005777008,9.574479276246581,0.2628285251351977,2.9674047324907344,0.0,12.158290005777008,0.0409579017390478,15.617379192723138,15.934437354988399,2.61056447781051,0.8178654292343387,0.0,0.012831727456292952,0.01480546261810071,3.3735009467704606,0.003627717105401595,94.07866438356164,1.0,-0.2686567164179105,0.12452326771691545,0.17759655590647166,0.2889762179485155,0.0019937339789233835,-0.26700680272108845,0.0,-0.12665213661747465,0.16612897737982152,0.15242095760781094,Banks—Regional,Financial Services,USB
2007Q3,2007,Q3,2007-11-08,2007-09-30,1176000000.0,3511000000.0,0.0,0.67,3511000000.0,1.0,227628000000.0,20766000000.0,174724000000.0,28868000000.0,206862000000.0,0.0,22580000000.0,57511500000.00001,124984500000.0,12.038260869565217,6.052514895385895,0.3255706679318889,3.568766252528171,0.0,12.038260869565217,0.056631031493787926,16.380375961264598,12.22608418367347,2.769503033805259,0.6011904761904762,0.0,0.012293193535206002,0.01542428875182315,0.22987390882638215,0.005166324002319574,55.140460210930016,1.0,0.030769230769230795,0.5175292744189338,0.18468096428063288,0.31597611400944114,0.0068827071981646115,0.01730103806228374,0.0,0.2009613775936997,0.1581807653136992,0.15284773735581192,Banks—Regional,Financial Services,USB
2007Q2,2007,Q2,2007-08-09,2007-06-30,1156000000.0,3487000000.0,0.0,0.65,3487000000.0,1.0,222530000000.0,20330000000.0,170273000000.0,27160000000.0,202200000000.0,0.0,22110000000.0,57201200000.00001,123773200000.0,11.710829493087557,6.269256259204713,0.3285219970341078,3.595966551893753,0.0,11.710829493087557,0.05686178061977373,16.4041296243189,12.370501730103808,2.813635022134777,0.615916955017301,0.0,0.012447291315566805,0.015669797330696986,0.24057437407952872,0.005194805194805195,127.68125000000002,1.0,0.03174603174603177,0.5478037116061735,0.23245922388338527,0.3456551943648716,0.04245142002989537,0.023008849557522124,0.0,0.21478814242915653,0.26059005011316266,0.18619571989956754,Banks—Regional,Financial Services,USB
2007Q1,2007,Q1,2007-05-10,2007-03-31,1130000000.0,3345000000.0,0.0,0.63,3345000000.0,1.0,221448000000.0,20800000000.0,168239000000.0,28516000000.0,200648000000.0,0.0,21660000000.0,61267440000.0,128194440000.0,11.872146118721462,5.899810632627297,0.33061486217983455,3.5199038461538463,0.0,11.872146118721462,0.05432692307692308,18.316125560538115,13.554743362831859,2.94555,0.6380530973451327,0.0,0.01176807779140111,0.015105126259889455,0.22047271707111796,0.005102778078826632,116.2570018975332,1.0,-0.05970149253731348,0.6378666255949359,0.22661521161316706,0.4341899143418991,-0.018773833968905838,-0.05360134003350084,0.0,0.22509844248948094,0.18344742578264742,0.1690267672115509,Banks—Regional,Financial Services,USB
