Quarters,Year,Quarter,FillingDate,Date,NetIncome,Revenue,OperatingIncome,EPSDiluted,GrossProfit,GrossProfitRatio,TotalAssets,CommonStockEquity,CurrentAssets,CurrentLiability,TotalLiability,Inventory,RetainedEarnings,MarketCap,EnterpriseValue,bookValuePerShare,currentRatio,debtToAssets,debtToEquity,roic,shareholdersEquityPerShare,roe,priceToSalesRatio,peRatio,pbRatio,payoutRatio,inventoryTurnover,dividendYield,assetTurnover,quickRatio,returnOnAssets,priceToFreeCashFlowsRatio,grossProfitMargin,epsdilutedGrowth,fiveYNetIncomeGrowthPerShare,fiveYRevenueGrowthPerShare,fiveYShareholdersEquityGrowthPerShare,grossProfitGrowth,netIncomeGrowth,operatingIncomeGrowth,threeYNetIncomeGrowthPerShare,threeYRevenueGrowthPerShare,threeYShareholdersEquityGrowthPerShare,Industry,Sector,Symbol
2023Q1,2023,Q1,2023-05-03,2023-03-31,-6296000.0,13401000.0,-8111000.0,-0.11,8155000.0,0.6085366764,207967000.0,181503000.0,147942000.0,13240000.0,26464000.0,33119000.0,54856000.0,1296055400.0,1244338400.0,3.2279824998221525,11.173867069486406,0.07027557256680146,0.08052208503440715,-0.03250565511165885,3.2279824998221525,-0.0346881318766081,96.71333482575928,-51.463445044472685,7.140683074108969,0.0,0.15839850237024064,0.0,0.06443810796905278,8.327341389728097,-0.03027403386114143,153.1980378250591,0.6085366763674352,-1.4583333333333333,-7.32654162284175,-0.06808899357543866,0.9051215779117405,-0.7271754039677495,-1.4587249544626595,-1.5553577541937693,-10.991353125536621,-0.3869977675107245,0.2936677125819631,Pollution & Treatment Controls,Industrials,ERII
2022Q4,2022,Q4,2023-02-22,2022-12-31,13725000.0,42291000.0,14605000.0,0.24,29891000.0,0.7067934076,217039000.0,185338000.0,160925000.0,15507000.0,31701000.0,28366000.0,61152000.0,1147726860.0,1071313860.0,3.308779947870175,10.377571419358999,0.07592183893217348,0.08890783325599715,0.06018567845273199,3.308779947870175,0.07405389072937012,27.138796907143362,20.90577158469945,6.192614898186017,0.0,0.4371430585912712,0.0,0.19485438100986457,10.456696975559424,0.06323748266440593,223.728432748538,0.7067934075808091,1.9999999999999996,0.12934208844102343,0.8068386848465045,1.1480950140781523,0.4203373722974578,1.8659427855502193,1.9769669792091318,23.209839429657013,1.137181619346788,0.34287135716719397,Pollution & Treatment Controls,Industrials,ERII
2022Q3,2022,Q3,2022-11-02,2022-09-30,4789000.0,30462000.0,4906000.0,0.08,21045000.0,0.6908607445,200121000.0,169303000.0,139218000.0,16959000.0,30818000.0,32132000.0,47427000.0,1214852940.0,1178005940.0,3.0297059823553623,8.209092517247479,0.07637379385471789,0.09027601401038375,0.022781005764221797,3.0297059823553623,0.02828656314418528,39.88093165255072,63.41892566297765,7.175613781208838,0.0,0.2930723266525582,0.0,0.15221790816555983,5.990919275900701,0.023930522034169326,-684.81,0.6908607445341737,2.9047619047619047,1.6915617643613932,0.9363347078446915,1.3778585359846536,0.5738109482500748,3.0300974989402287,2.6893939393939394,-0.08499595502774497,0.20596051749375296,0.2360158984518905,Pollution & Treatment Controls,Industrials,ERII
2022Q2,2022,Q2,2022-08-03,2022-06-30,-2359000.0,20292000.0,-2904000.0,-0.042,13372000.0,0.6589789079,191476000.0,161861000.0,129076000.0,15211000.0,29615000.0,28235000.0,42638000.0,1091753560.0,1064212560.0,2.8791668148991425,8.485701137334823,0.0819006037310159,0.09688559937230093,-0.012671076904551992,2.8791668148991425,-0.014574233447217057,53.80216637098364,-115.70088596863079,6.745006888626662,0.0,0.24508588631131575,0.0,0.10597672815392008,6.3064229833673,-0.012320081890158558,126.6388539612574,0.6589789079440174,-1.3,-3.115610814314349,0.5938587364125573,1.3615776151751788,-0.41981950711558486,-1.29883455789207,-1.3531987351009487,-1.6169682562611987,-0.13418069997744161,0.23517747219127588,Pollution & Treatment Controls,Industrials,ERII
2022Q1,2022,Q1,2022-05-04,2022-03-31,7894000.0,32546000.0,8222000.0,0.14,23048000.0,0.7081669022,211776000.0,180966000.0,138972000.0,15969000.0,30810000.0,23482000.0,44997000.0,1143609620.0,1115163620.0,3.186974974904461,8.702611309411985,0.07590095194922937,0.0888233148768277,0.0365215028312688,3.186974974904461,0.043621453753743794,35.13825416333805,36.217684950595384,6.319472276560238,0.0,0.40448002725491866,0.0,0.15368124811121184,6.868808316112468,0.037275234209731035,-319.62258803801006,0.7081669022306889,0.5555555555555558,18.281241144978864,1.2833675818787447,1.497763851423804,-0.0047070000431834865,0.4999049971499145,0.367370696823549,1.8346768560237943,0.5669295412614669,0.4381782666938776,Pollution & Treatment Controls,Industrials,ERII
2021Q4,2021,Q4,2022-02-24,2021-12-31,5263000.0,33576000.0,6013000.0,0.09,23157000.0,0.6896890636,213690000.0,178779000.0,151763000.0,19785000.0,34911000.0,20383000.0,37103000.0,1221018820.0,1163103820.0,3.1465204688655004,7.670609047258024,0.07694791520426786,0.09197388955078617,0.024968573514243978,3.1465204688655004,0.02943858059391763,36.36582142006195,58.000133954018615,6.829766471453582,0.0,0.5111612618358436,0.0,0.15712480696335815,6.408794541319181,0.024629135663812064,274.2629874213836,0.6896890636168692,3.4999999999999996,0.5454792499844486,0.71856299148172,1.5171970514287036,0.5761638987203921,3.914098972922502,3.2137351086194816,1.055806641443122,0.7911758138862983,0.48933674047581616,Pollution & Treatment Controls,Industrials,ERII
2021Q3,2021,Q3,2021-11-05,2021-09-30,1071000.0,20781000.0,1427000.0,0.02,14692000.0,0.7069919638130985,208788000.0,176739000.0,146809000.0,16215000.0,32049000.0,20557000.0,31840000.0,1085204780.0,1036261780.0,3.099270508189247,9.053900709219858,0.08047397360001533,0.09506673682662005,0.004963000323515308,3.099270508189247,0.006059783069950605,52.22100861363746,253.31577497665734,6.140154578219861,0.0,0.29620080751082356,0.0,0.09953158227484338,7.444403330249768,0.005129605149721248,-162.04341944154098,0.7069919638130985,0.0,2.690151878726711,0.5470172232213247,1.7646343981598083,0.09429465216743632,0.0018709073900841909,3.9721254355400695,-0.7836244371564667,-0.1206345233793476,0.5176089403893969,Pollution & Treatment Controls,Industrials,ERII
2021Q2,2021,Q2,2021-08-06,2021-06-30,1069000.0,20607000.0,287000.0,0.02,13426000.0,0.6515261804241277,209344000.0,179826000.0,147849000.0,13265000.0,29518000.0,15289000.0,30769000.0,1304223340.0,1218076340.0,3.1409009134892494,11.145797210704863,0.08194646132681137,0.09539777340317863,0.0043949335792791274,3.1409009134892494,0.00594463536974631,63.29030620662881,305.0101356407858,7.25269616184534,0.0,0.4696840865982079,0.0,0.09843606695200245,9.712099509988692,0.005106427697951697,134.9429218830833,0.6515261804241277,-0.8333333333333333,1.144316539300323,0.4254789417484617,1.8319589535229246,-0.3273210080665364,-0.8443052723565395,-0.9532877604166666,-0.9362549905599421,-0.06833510658735044,0.6492023465705365,Pollution & Treatment Controls,Industrials,ERII
2021Q1,2021,Q1,2021-05-07,2021-03-31,6866000.0,28940000.0,6144000.0,0.12,19959000.0,0.6896682791983414,215218000.0,186340000.0,152840000.0,12277000.0,28878000.0,11925000.0,29700000.0,1043124180.0,955195180.0,3.27619248553897,12.44929543047976,0.08132219424025872,0.09392508318128152,0.030611043588237588,3.27619248553897,0.03684662444993023,36.04437387698687,37.98150961258374,5.597961682945154,0.0,0.7531236897274634,0.0,0.1344683065542845,11.200944856235237,0.03190253603323142,-1820.461047120419,0.6896682791983414,1.0,4.205622237316695,1.3505728110857813,1.8395009810168836,0.0950839460111928,0.9884158702577469,0.6113296616837136,9.976761607898654,0.9895356038879262,0.933574608268933,Pollution & Treatment Controls,Industrials,ERII
2020Q4,2020,Q4,2021-03-12,2020-12-31,3453000.0,26426000.0,3813000.0,0.06,18226000.0,0.6896995383334594,204314000.0,171624000.0,143191000.0,15729000.0,32690000.0,11748000.0,22834000.0,765381320.0,688812320.0,3.0585425837150035,9.103630237141585,0.08656283955088737,0.10305085535822496,0.016300996919652158,3.0585425837150035,0.02011956369738498,28.963192310603194,55.414228207355926,4.4596403766373,0.0,0.6979911474293496,0.0,0.12934013332419708,8.042024286350054,0.016900457139500964,133.01726103580117,0.6896995383334594,-0.4000000000000001,9.302834493309518,0.5136052807734282,1.509764352966912,-0.06972233564720294,-0.35901243734917393,-0.37265547877591315,-0.7163760913318344,0.12703124255746842,0.9856382648392713,Pollution & Treatment Controls,Industrials,ERII
2020Q3,2020,Q3,2020-10-30,2020-09-30,5387000.0,27408000.0,6078000.0,0.1,19592000.0,0.7148277875072971,194537000.0,163985000.0,131198000.0,12974000.0,30552000.0,10662000.0,19381000.0,456674399.99999994,394536399.99999994,2.944498312145371,10.112378603360566,0.09258393004929653,0.10983321645272433,0.026476661866082624,2.944498312145371,0.03285056560051224,16.662084063047285,21.193354371635415,2.7848547123212484,0.0,0.7330707184393171,0.0,0.14088836570935093,8.908355171882226,0.027691390326775884,50.545035971223015,0.7148277875072971,-0.6666666666666666,15.861186050589165,1.1224960769797196,1.4760424715315157,-0.47132950160554793,-0.6817322462483753,-0.7143125734430082,2.037930565859674,0.7481178873850498,1.3109834705095946,Pollution & Treatment Controls,Industrials,ERII
2020Q2,2020,Q2,2020-07-31,2020-06-30,16926000.0,43608000.0,21275000.0,0.3,37059000.0,0.849821133736929,185972000.0,157417000.0,119097000.0,10807000.0,28555000.0,9915000.0,13994000.0,422388330.0,377769330.0,2.8305282842449744,11.020357175904506,0.0986761447959908,0.11657571926793167,0.08623331282084158,2.8305282842449744,0.10752332975472789,9.686028481012658,6.23875,2.6832446940292343,0.0,0.6605143721633888,0.0,0.2344869120082593,9.641436106227445,0.09101370098724539,165.7725,0.849821133736929,28.999999999999996,5.759242560865645,2.8911274938154605,1.3868045077008824,1.3366330390920556,26.256038647342994,165.2109375,30.850523643287843,2.462441155676821,1.3216828565132293,Pollution & Treatment Controls,Industrials,ERII
2020Q1,2020,Q1,2020-05-01,2020-03-31,621000.0,21544000.0,128000.0,0.01,15860000.0,0.7361678425547716,190612000.0,138265000.0,103803000.0,25742000.0,52347000.0,10938000.0,-2932000.0,412265280.0,398155280.0,2.49521764238793,4.0324372620619995,0.09827293139991186,0.1354789715401584,0.0008439045772905244,2.49521764238793,0.004491375257657397,19.13596732268845,165.968309178744,2.981703829602575,0.0,0.5196562442859755,0.0,0.11302541288061613,3.4060290575712844,0.0032579270979791407,-56.84849420849421,0.7361678425547716,2.0,1.070286018928035,2.4442715556807797,1.0550061209773638,0.05669931374508628,2.019704433497537,1.1405049396267837,2.393105211117259,0.548884591487312,0.9556050730452748,Pollution & Treatment Controls,Industrials,ERII
2019Q4,2019,Q4,2020-03-06,2019-12-31,-609000.0,19501000.0,-911000.0,-0.01,15009000.0,0.7696528383159837,188774000.0,136013000.0,112967000.0,27830000.0,52761000.0,10317000.0,-3553000.0,540417790.0,526586790.0,2.463958986250249,4.059180740208408,0.06651339697204064,0.09231470521200179,-0.006984347191165062,2.463958986250249,-0.004477513178887312,27.71231167632429,-221.84638341543513,3.973280421724394,0.0,0.43539788698265,0.0,0.10330342102196277,3.5430470715055695,-0.0032260798626929555,187.3848092926491,0.7696528383159837,-1.1111111111111112,0.8834410824561248,0.23865304012971267,0.8262433505743929,-0.22733590733590733,-1.1182753932802485,-1.199299934368847,-1.1840713079286995,0.027383007615078173,0.9711520571377867,Pollution & Treatment Controls,Industrials,ERII
2019Q3,2019,Q3,2019-11-01,2019-09-30,5149000.0,24850000.0,4571000.0,0.09,19425000.0,0.7816901408450704,190587000.0,134754000.0,123664000.0,28604000.0,55833000.0,8977000.0,-2944000.0,509343375.00000006,492443375.00000006,2.4511869031377898,4.323311424975528,0.005346639592417111,0.007561927660774449,0.03127092496632906,2.4511869031377898,0.03821036852338335,20.496715291750505,24.730208535637992,3.779801527227393,0.0,0.6043221566224797,0.0,0.13038664756777746,3.8994196615857923,0.027016533131850547,-1611.8461234177216,0.7816901408450704,0.28571428571428553,1.882190412146194,3.3883186751951,0.7093278648849509,0.12198925662796742,0.38451196558214573,0.14418022528160201,9.42882088812547,0.9189460775977467,1.1865260263108839,Pollution & Treatment Controls,Industrials,ERII
2019Q2,2019,Q2,2019-08-02,2019-06-30,3719000.0,22796000.0,3995000.0,0.07,17313000.0,0.7594753465520266,183465000.0,127460000.0,122328000.0,24045000.0,56005000.0,7763000.0,-8093000.0,575790930.0,565492930.0,2.330974195790128,5.087461010605115,0.005357970185048919,0.0077122234426486745,0.02346751747853555,2.330974195790128,0.029177781264710496,25.258419459554307,38.70603186340414,4.5174245253412835,0.0,0.7062991111683627,0.0,0.12425258223639386,4.671158244957372,0.020270896356253235,203.10085714285714,0.7594753465520266,0.4000000000000001,1.7606030316622276,2.355296627187407,0.49482670538631685,0.16507402422611037,0.4012810851544838,0.47471391657438167,6.810865660383653,0.6510737893900522,1.1016973874751768,Pollution & Treatment Controls,Industrials,ERII
2019Q1,2019,Q1,2019-05-02,2019-03-31,2654000.0,19795000.0,2709000.0,0.05,14860000.0,0.7506946198534984,180022000.0,119920000.0,117856000.0,24282000.0,60102000.0,7307000.0,-11812000.0,475679639.99999994,471952639.99999994,2.2159804863626285,4.853636438514125,0.0052993523013853865,0.007955303535690461,0.016707847383308553,2.2159804863626285,0.022131420947298197,24.030292498105577,44.80780331574981,3.966641427618412,0.0,0.675379772820583,0.0,0.10995878281543367,4.41816983773989,0.014742642565908612,-63.28051616336304,0.7506946198534984,0.10969809760132342,1.685054502343464,3.8289312859574802,0.3599185516266273,0.05062217194570136,0.09760132340777503,0.9090909090909091,2.302328230220497,0.689824805123386,0.920607166005939,Pollution & Treatment Controls,Industrials,ERII
2018Q4,2018,Q4,2019-03-07,2018-12-31,2418000.0,17705000.0,1419000.0,0.045057299916146466,14144000.0,0.798870375600113,179841000.0,113378000.0,119648000.0,27132000.0,66463000.0,7138000.0,-14466000.0,361165450.0,352692450.0,2.112699152147582,4.40984814978623,0.005148992721348302,0.008167369330910758,0.014094849274950456,2.112699152147582,0.02132688881440844,20.399065235809093,37.341340984284535,3.185498509410997,0.0,0.4988792378817596,0.0,0.09844807357610334,4.07437711926876,0.013445209935442974,-67.00657699443414,0.798870375600113,-0.4367837510481692,-0.6570635118616472,-0.2730038991904183,0.24455153414204925,-0.17848637974095372,-0.48089308716187207,-0.7488495575221239,6.543776204229946,0.06035060680323972,0.7336286402666278,Pollution & Treatment Controls,Industrials,ERII
2018Q3,2018,Q3,2018-11-01,2018-09-30,4658000.0,22239000.0,5650000.0,0.08,17217000.0,0.774180493727236,181613000.0,109595000.0,119061000.0,28245000.0,72018000.0,6275000.0,-16885000.0,468495450.0,435884450.0,2.042206279698127,4.215294742432289,0.00431136537582662,0.007144486518545554,0.03540836679430521,2.042206279698127,0.04250193895706921,21.066390125455282,25.144667775869472,4.274788539623159,0.0,0.8003187250996016,0.0,0.12245268785824803,3.913011152416357,0.025647943704470495,42.87895387149918,0.774180493727236,-0.7142857142857143,2.14619698403939,3.3459658778197405,0.30932228601934975,0.16425480119015418,-0.7041224671282474,0.33254716981132076,14.335449548122613,0.7872548579480734,0.7173008601511761,Pollution & Treatment Controls,Industrials,ERII
2018Q2,2018,Q2,2018-08-02,2018-06-30,15743000.0,20764000.0,4240000.0,0.28,14788000.0,0.7121941822384897,174245000.0,102361000.0,114921000.0,25477000.0,71884000.0,6375000.0,-21542000.0,434275760.0,418255760.0,1.9044969951811264,4.510774423990266,0.002054578323624781,0.003497425777395688,0.12443141918127286,1.9044969951811264,0.15379881009368804,20.91484107108457,6.896331067776154,4.242590048944423,0.0,0.9374117647058824,0.0,0.1191655427702373,4.17984849079562,0.09034979482911992,115.71429789501732,0.7121941822384897,29.000000000000004,11.258060123296344,1.300478474110591,0.1737853592312226,0.4093204993805394,22.68457300275482,4.18557475582269,5.5803736012409475,0.9171240541702558,0.6059412083259309,Pollution & Treatment Controls,Industrials,ERII
2018Q1,2018,Q1,2018-05-03,2018-03-31,-726000.0,13807000.0,-1331000.0,-0.01,10493000.0,0.7599768233504745,155857000.0,91474000.0,118041000.0,25603000.0,64383000.0,7328000.0,-37286000.0,443773140.00000006,413286140.00000006,1.6943708670605886,4.610436276998789,0.010689285691370936,0.01821282550232853,-0.009289038535399093,1.6943708670605886,-0.007936681461398868,32.141170420801046,-152.81444214876035,4.851358200144304,0.0,0.45223799126637554,0.0,0.08858761557068338,4.2440729601999765,-0.00465811609359862,-63.76967092973129,0.7599768233504745,-1.0460903225806453,0.8479845418973944,1.0458937713300351,0.031419511939952155,-0.3325912733748887,-1.0624516129032258,-1.4353941772980046,0.9156609710600981,1.265609203428313,0.3954464107118944,Pollution & Treatment Controls,Industrials,ERII
2017Q4,2017,Q4,2018-03-08,2017-12-31,11625000.0,22389000.0,3057000.0,0.2169652855543113,15722000.0,0.7022198401000491,161744000.0,82531000.0,126196000.0,19833000.0,79213000.0,5514000.0,-45922000.0,468825000.0,441072000.0,1.5403322135125046,6.362930469419654,0.0001669304580077159,0.0003271497982576244,0.13135687121412162,1.5403322135125046,0.1408561631386994,20.93997052123811,10.082258064516129,5.680592746967807,0.0,1.2091040986579615,0.0,0.13842244534573153,5.905057227852569,0.07187283608665546,103.40207322452581,0.7022198401000491,6.23217618514371,6.056562744832622,0.4102328695702017,-0.10274648186921087,0.45170821791320404,5.814185228604924,0.9850649350649351,3.2922680994894025,0.46511502787429526,0.14166732413176888,Pollution & Treatment Controls,Industrials,ERII
2017Q3,2017,Q3,2017-11-03,2017-09-30,1706000.0,15084000.0,1540000.0,0.03,10830000.0,0.7179793158313444,149039000.0,68268000.0,119295000.0,17690000.0,80771000.0,6283000.0,-57547000.0,423282000.0,404067000.0,1.2741321388577826,6.743640474844545,0.00020128959534081682,0.0004394445420987871,0.0217084114252459,1.2741321388577826,0.024989746294017696,28.061654733492443,62.02842907385698,6.200298822288628,0.0,0.6770650962915804,0.0,0.10120840853736271,6.1520067834934995,0.01144666832171445,567.4021447721179,0.7179793158313444,4.0,1.8870627782431777,0.3642251699625185,-0.27200626524132804,0.2531821337653321,4.113138686131387,3.2190201729106627,1.2999031291934808,1.7330703927506381,-0.11148775896807184,Pollution & Treatment Controls,Industrials,ERII
2017Q2,2017,Q2,2017-08-03,2017-06-30,-548000.0,12172000.0,-694000.0,-0.01,8642000.0,0.7099901413079198,145861000.0,65528000.0,118101000.0,16033000.0,80333000.0,6370000.0,-59253000.0,445570919.99999994,412322919.99999994,1.2191709458956612,7.366119877752136,0.000226242792795881,0.000503601513856672,-0.009950064704775354,1.2191709458956612,-0.008362837260407764,36.60622083470259,-203.27140510948902,6.799702722500305,0.0,0.554160125588697,0.0,0.08344931133065041,6.71814382835402,-0.003757001528852812,-101.1511736662883,0.7099901413079198,0.0,-2.1945027185839665,-0.05274001147260918,-0.3052913794670325,-0.02909785417368835,-0.26558891454965355,-0.10685805422647528,0.8859785467276248,0.8226713012585924,-0.21815981847959626,Pollution & Treatment Controls,Industrials,ERII
2017Q1,2017,Q1,2017-05-04,2017-03-31,-433000.0,13511000.0,-627000.0,-0.01,8901000.0,0.658796536155725,148237000.0,68677000.0,122144000.0,14023000.0,79560000.0,4824000.0,-58705000.0,447824000.0,389169000.0,1.2759312587087785,8.710261712900236,0.0002428543481047242,0.0005241929612534036,-0.0077472282409099735,1.2759312587087785,-0.0063048764506312156,33.1451409962253,-258.55889145496536,6.520727463342895,0.0,0.9556384742951907,0.0,0.0911445860345258,8.012336875133709,-0.0029209981313707105,-83.6116504854369,0.658796536155725,-1.166845981428114,0.9096113215582764,1.777128313144528,-0.2726224163516955,-0.25489703666499247,-1.138648735190522,-1.233955223880597,0.887629127640977,2.313787558664882,-0.216977495967699,Pollution & Treatment Controls,Industrials,ERII
2016Q4,2016,Q4,2017-03-10,2016-12-31,3123000.0,17917000.0,2680000.0,0.0599355160634092,11946000.0,0.6667410838868114,149063000.0,65133000.0,122369000.0,17158000.0,83930000.0,4550000.0,-58272000.0,539297100.0,477971100.0,1.2500095958238975,7.131891828884485,0.0002549257696410243,0.0005834216142354874,0.04534810507637145,1.2500095958238975,0.047948044769932294,30.0997432605905,43.171397694524494,8.279936437750449,0.0,1.3123076923076924,0.0,0.12019750038574294,6.6722811516493765,0.02095087312076102,222.29888705688376,0.6667410838868114,6.99355160634092,1.314815469864645,1.9598109696445882,-0.32137400121927234,0.4382374187334457,6.393782383419689,5.097859327217125,-0.5438236327565703,-0.24228681810665018,-0.26364273938694643,Pollution & Treatment Controls,Industrials,ERII
2016Q3,2016,Q3,2016-11-03,2016-09-30,-579000.0,12274000.0,-654000.0,-0.01,8306000.0,0.676715007332573,141510000.0,58413000.0,113154000.0,15065000.0,83097000.0,5839000.0,-61395000.0,832653880.0,752003880.0,1.1210417226423062,7.511052107534019,0.0002897321744046357,0.0007018985499803127,-0.011246557121839395,1.1210417226423062,-0.009912177083868316,67.83883656509695,-359.5224006908463,14.254598805060516,0.0,0.6795684192498715,0.0,0.08673591972298778,6.994225024892134,-0.004091583633665465,699.1216456759026,0.676715007332573,-2.0,0.9483587020167036,1.513449400176,-0.4457548832187365,-0.07577612106375876,-2.2697368421052633,-2.3625,0.8532622892222427,1.4703618667982317,-0.2812651074454336,Pollution & Treatment Controls,Industrials,ERII
2016Q2,2016,Q2,2016-08-04,2016-06-30,456000.0,13223000.0,480000.0,0.01,8987000.0,0.6796490962716479,141356000.0,58082000.0,112636000.0,14033000.0,83274000.0,6178000.0,-60816000.0,465560410.0,386616410.0,1.1090912562775688,8.026508943205302,0.00030419649678825096,0.0007403326331737888,0.006736453344105257,1.1090912562775688,0.007850969319238317,35.20838009528851,255.24145285087718,8.015571261320202,0.0,0.6856587892521852,0.0,0.09354395993095448,7.427919903085584,0.003225897733382382,718.4574228395062,0.6796490962716479,1.25,1.1372243727310856,1.0028029587804146,-0.5016081328462934,0.17831388488265373,1.231943031536114,1.2233597021870637,1.3049457145956496,0.5035473128431092,-0.31644151607277093,Pollution & Treatment Controls,Industrials,ERII
2016Q1,2016,Q1,2016-05-05,2016-03-31,-1966000.0,11301000.0,-2149000.0,-0.04,7627000.0,0.6748960269002743,144705000.0,60236000.0,116672000.0,13633000.0,84469000.0,6725000.0,-61272000.0,539820380.0,443339380.0,1.1537916371367825,8.558057654221374,0.0003178881172039667,0.000763662925825088,-0.032282893462296375,1.1537916371367825,-0.03263828939504615,47.76748783293514,-68.644504069176,8.961756756756756,0.0,0.5463197026022305,0.0,0.07809681766352233,7.796229736668378,-0.013586261704847793,-1310.243640776699,0.6748960269002743,-7.697051282051282,-0.1264347557732299,0.09800716892674512,-0.4929441656180545,-0.19350745479538967,-7.301282051282051,-10.25130890052356,0.5743083785053674,0.7316538677878481,-0.2976489206754851,Pollution & Treatment Controls,Industrials,ERII
2015Q4,2015,Q4,2016-03-04,2015-12-31,312000.0,16253000.0,-191000.0,0.005972777916036526,9457000.0,0.5818618101273612,151799000.0,63659000.0,123531000.0,16024000.0,88140000.0,6503000.0,-59306000.0,369315590.0,269432590.0,1.2186572735800294,7.709123814278582,0.00031620761665096607,0.0007540174994894673,0.004630729762664998,1.2186572735800294,0.004901113746681537,22.722918230480527,295.92595352564103,5.801467035297445,0.0,1.0450561279409503,0.0,0.10706921652975317,7.093172740888667,0.0020553495082312797,4.812493842926206,0.5818618101273612,1.9176470588235295,-0.36843894483393613,0.2540028678147695,-0.47090299646149175,0.32007258514796205,1.9176470588235295,0.24803149606299213,1.1392007307354666,0.05006009392022115,-0.2901242235128518,Pollution & Treatment Controls,Industrials,ERII
2015Q3,2015,Q3,2015-11-05,2015-09-30,-340000.0,12112000.0,-254000.0,-0.006508796446962881,7164000.0,0.5914795244385733,73239000.0,62120000.0,43759000.0,8077000.0,11119000.0,8893000.0,-59618000.0,111787180.0,90339180.0,1.1891953978980416,5.417729354958524,0.0006826963776130204,0.0008048937540244687,-0.004599650392482906,1.1891953978980416,-0.005473277527366388,9.229456737120211,-82.19645588235295,1.7995360592401803,0.0,0.5563926683908692,0.0,0.16537637051297807,3.9498576204036153,-0.004642335367768539,923.8609917355371,0.5914795244385733,0.8915200592172853,0.9113332864275683,0.7570715103813539,-0.47749603296088045,0.26841359773371104,0.8978058310790502,0.9224664224664225,0.8186662142114481,0.12359520844248673,-0.32053609459242133,Pollution & Treatment Controls,Industrials,ERII
2015Q2,2015,Q2,2015-08-06,2015-06-30,-3327000.0,10484000.0,-3276000.0,-0.06,5648000.0,0.5387256772224341,74008000.0,61698000.0,43812000.0,9242000.0,12310000.0,9703000.0,-59278000.0,142551240.0,124497240.0,1.1859070464767616,4.740532352304696,0.0007161387958058588,0.0008590229829167882,-0.054208613916149014,1.1859070464767616,-0.05392395215404065,13.5970278519649,-10.711695220919747,2.31046776232617,0.0,0.4984025559105431,0.0,0.14166036104204952,3.4077039601817787,-0.04495459950275646,-19.754883592017737,0.5387256772224341,0.625,-9.342625271215324,-0.21117868606286153,-0.495905292644089,0.6945694569456946,0.5983339369793553,0.5940520446096654,-8.492060172822297,-0.15709984455247475,-0.32424583188131173,Pollution & Treatment Controls,Industrials,ERII
2015Q1,2015,Q1,2015-05-07,2015-03-31,-8283000.0,5864000.0,-8070000.0,-0.16,3333000.0,0.5683833560709414,79254000.0,63076000.0,48070000.0,11181000.0,16178000.0,9334000.0,-55951000.0,134545320.0,114209320.0,1.2142142142142143,4.299257669260353,0.0006939712822065763,0.0008719639799606824,-0.12893463250165152,1.2142142142142143,-0.13131777538207876,22.944290586630288,-4.060887359652299,2.133066776586974,0.0,0.2711592029140776,0.0,0.07398995634289753,3.1422949646722116,-0.1045120751003104,-115.6881513327601,0.5683833560709414,-0.7777777777777779,-121.15572387998859,-0.5414650724995553,-0.4894352030609364,-0.6320379774784721,-0.6886850152905198,-0.7014547754585705,-0.7915503094875294,0.24887111346320767,-0.3078058123128546,Pollution & Treatment Controls,Industrials,ERII
2014Q4,2014,Q4,2015-03-06,2014-12-31,-4905000.0,14780000.0,-4743000.0,-0.09,9058000.0,0.6128552097428958,85941000.0,69918000.0,53241000.0,11522000.0,16023000.0,8204000.0,-47668000.0,273101940.0,257600940.0,1.3491953224499247,4.620812358965457,0.0,0.0,-0.0693060956418141,1.3491953224499247,-0.07015360851282931,18.477803788903923,-13.919568807339449,3.9060319231099285,0.0,0.697464651389566,0.0,0.17197845033220466,3.5557194931435516,-0.05707403916640486,-117.06041148735534,0.6128552097428958,0.18181818181818185,-3.872165862188739,-0.09075976390460028,-0.4405538826138248,2.8792291220556745,0.10915365056302216,0.12828524168351407,0.5028394522250061,1.4549727788559068,-0.2675264043518139,Pollution & Treatment Controls,Industrials,ERII
2014Q3,2014,Q3,2014-11-10,2014-09-30,-5506000.0,5342000.0,-5441000.0,-0.11,2335000.0,0.43710220891052043,85993000.0,74369000.0,52501000.0,8413000.0,11624000.0,10227000.0,-42763000.0,183587940.0,166164940.0,1.4340062860338212,6.240461191013907,0.0,0.0,-0.07400902057310554,1.4340062860338212,-0.07403622477107397,34.36689254960689,-8.33581274972757,2.4686084255536582,0.0,0.2940256184609367,0.0,0.062121335457537244,4.305123023891596,-0.06402846743339574,-113.95899441340782,0.43710220891052043,-0.22222222222222227,-10.682559148493088,-0.4586918174280367,-0.3545601311212326,-0.24065040650406505,-0.19410106267620905,-0.19294014470510853,0.5065971641285671,0.09909380441558543,-0.2910246198557614,Pollution & Treatment Controls,Industrials,ERII
2014Q2,2014,Q2,2014-08-07,2014-06-30,-4611000.0,6407000.0,-4561000.0,-0.09,3075000.0,0.4799438114562198,93782000.0,80410000.0,55200000.0,9174000.0,13372000.0,9595000.0,-37257000.0,253704720.0,237257720.0,1.5593608191443975,6.017004578155658,0.0,0.0,-0.057444371481507585,1.5593608191443975,-0.0573436139783609,39.59805213048229,-13.755406636304489,3.1551389130705134,0.0,0.34726420010422093,0.0,0.06831801411784777,4.09832134292566,-0.049167217589729376,69.6990989010989,0.4799438114562198,-0.28571428571428553,-62.155274274511044,-0.31449366497050096,-0.28915577945515664,0.36971046770601335,-0.25196850393700787,-0.22017121455323702,-0.40919914346188463,-0.014461063215413014,-0.299270690467684,Pollution & Treatment Controls,Industrials,ERII
2014Q1,2014,Q1,2014-05-08,2014-03-31,-3683000.0,3897000.0,-3738000.0,-0.07,2245000.0,0.5760841673081858,96626000.0,83831000.0,53664000.0,8564000.0,12795000.0,8276000.0,-32646000.0,273692720.0,262255720.0,1.629495004470707,6.266230733302195,0.0,0.0,-0.045403346102340855,1.629495004470707,-0.043933628371366204,70.23164485501668,-18.57811023622047,3.2648151638415386,0.0,0.19961333977767037,0.0,0.0403307598368969,4.395959831854274,-0.03811603502162979,-45.82165076176126,0.5760841673081858,-1.5384615384615385,-3.3057941175190333,-0.7001893535643788,-0.253104599317132,-0.8454601776003304,-1.5474951687230563,-1.5524682234702927,-1.1414176199509283,-0.6157659655147026,-0.2838872093374735,Pollution & Treatment Controls,Industrials,ERII
2013Q4,2013,Q4,2014-03-11,2013-12-31,6727000.0,23235000.0,6766000.0,0.13,14527000.0,0.625220572412309,101935000.0,86915000.0,51873000.0,10682000.0,15020000.0,4955000.0,-28963000.0,284160000.0,269789000.0,1.69755859375,4.8561130874368095,0.0,0.0,0.07705579693880049,1.69755859375,0.077397457285854,12.229825693996126,10.560428125464545,3.2694011390438935,0.0,1.7574167507568113,0.0,0.22793937312993573,3.8432877738251263,0.06599303477706382,-405.36376604850216,0.625220572412309,2.625,0.23913849526263295,0.024360345790329144,-0.21235718141933577,4.005858028945555,2.740041386445939,2.7542131190044077,12.892821044921876,0.8290093995547722,-0.26298132809266356,Pollution & Treatment Controls,Industrials,ERII
2013Q3,2013,Q3,2013-11-07,2013-09-30,-3866000.0,4868000.0,-3857000.0,-0.08,2902000.0,0.596138044371405,93052000.0,79628000.0,44390000.0,9285000.0,13424000.0,8960000.0,-35690000.0,369616480.0,353801480.0,1.5597430071299851,4.78082929456112,0.0,0.0,-0.04889302488949595,1.5597430071299851,-0.04855076103883056,75.92778964667214,-23.901738230729435,4.641790325011303,0.0,0.21941964285714285,0.0,0.05231483471607273,3.136241249326871,-0.041546662081416844,72.09215525648527,0.596138044371405,-1.6666666666666667,-7.034555771605548,-0.4765664951655124,-0.23679281163044313,-0.44996209249431385,-1.6533973919011669,-1.9197577592732777,-0.031594483241431465,-0.2774138865842503,-0.314686291060793,Pollution & Treatment Controls,Industrials,ERII
2013Q2,2013,Q2,2013-08-06,2013-06-30,-1457000.0,8569000.0,-1321000.0,-0.03,5276000.0,0.6157077838720971,95634000.0,82791000.0,50058000.0,8612000.0,12843000.0,7364000.0,-31824000.0,214819460.0,203469460.0,1.6225257711754792,5.812587087784487,0.0,0.0,-0.017938009081621714,1.6225257711754792,-0.0175985312413185,25.069373322441358,-36.85989361702128,2.594719957483301,0.0,0.44717544812601845,0.0,0.08960202438463308,3.6350441244774734,-0.015235167409080453,279.71283854166666,0.6157077838720971,0.6666666666666666,-1.6217730807889896,-0.44082374414085096,1.727977621099536,0.7487570434206166,0.676940133037694,0.7048704200178731,-3.6181331743432223,-0.34262879117973627,-0.31031132985669946,Pollution & Treatment Controls,Industrials,ERII
2013Q1,2013,Q1,2013-05-09,2013-03-31,-4510000.0,6373000.0,-4476000.0,-0.09,3017000.0,0.47340342068099794,97684000.0,83751000.0,55107000.0,9745000.0,13933000.0,6635000.0,-30367000.0,184045020.0,170626020.0,1.6427562669177356,5.654899948691637,4.0948364112853693e-05,4.776062375374622e-05,-0.054171733133747554,1.6427562669177356,-0.05385010328234887,28.878867095559393,-10.202052106430154,2.197526238492675,0.0,0.505802562170309,0.0,0.06524098112280415,3.7678809645972295,-0.046169280537242535,-43.427328928739975,0.47340342068099794,-1.2499999999999998,-4.718231380253593,-0.4544193874411815,2.0052518819925336,-0.5357747345745499,-1.065018315018315,-1.0008940545373268,-67.66306966472597,-0.49222146017729035,-0.30923760402358735,Pollution & Treatment Controls,Industrials,ERII
2012Q4,2012,Q4,2013-03-12,2012-12-31,-2184000.0,15082000.0,-2237000.0,-0.04,6499000.0,0.4309110197586527,104554000.0,87381000.0,60859000.0,12856000.0,17173000.0,5135000.0,-25857000.0,173060000.0,156436000.0,1.7167190569744597,4.733898568761668,0.00017215984084779158,0.00020599443815016993,-0.02548496774591437,1.7167190569744597,-0.024993991828887285,11.474605489988065,-19.809981684981683,1.980522081459356,0.0,1.6714703018500487,0.0,0.14425081775924403,3.4644523957685127,-0.020888727356198712,-54.92224690574421,0.4309110197586527,0.0,-2.497741984756949,0.6211978201037992,2.342557517841703,0.12013098931402964,-0.19605695509309967,-0.2379634753735473,-2.302025608021137,-0.055374780579791304,-0.2881595458519215,Pollution & Treatment Controls,Industrials,ERII
2012Q3,2012,Q3,2012-11-08,2012-09-30,-1826000.0,10498000.0,-1807000.0,-0.04,5802000.0,0.5526767003238712,104825000.0,89036000.0,60039000.0,11796000.0,15789000.0,6521000.0,-23673000.0,145493920.0,127230920.0,1.750196571788017,5.0897761953204474,0.00022895301693298355,0.00026955388831483896,-0.020902368454740715,1.750196571788017,-0.020508558335953997,13.859203657839588,-19.91975903614458,1.6341021609236712,0.0,0.7201349486275112,0.0,0.10014786549010256,3.5532383858935233,-0.017419508704984498,-193.73358189081225,0.5526767003238712,-5.0,-1.8998844490973443,-0.14477844847399818,0.0,-0.12882882882882882,-5.159453302961276,-24.776315789473685,-4.273533574461394,0.08444954668424474,-0.21224428594988523,Pollution & Treatment Controls,Industrials,ERII
2012Q2,2012,Q2,2012-08-07,2012-06-30,439000.0,12296000.0,76000.0,0.01,6660000.0,0.5416395575797007,103594000.0,90260000.0,58492000.0,9218000.0,13334000.0,7020000.0,-21847000.0,123436800.0,104665800.0,1.7549385596515787,6.34541115209373,0.0005598779852114987,0.0006425880788832263,0.005594766770130612,1.7549385596515787,0.004863727010857522,10.038776837996096,70.29430523917995,1.367569244405052,0.0,0.8028490028490028,0.0,0.11869413286483774,4.4816663050553265,0.004237697163928413,87.2961810466761,0.5416395575797007,1.1111111111111112,-0.7860088103668571,-0.00921066800674834,0.0,4.319488817891374,1.0937433269271835,1.016221985058698,7.0284970829800715,0.31901773411924983,-0.20000046350779915,Pollution & Treatment Controls,Industrials,ERII
2012Q1,2012,Q1,2012-05-09,2012-03-31,-4683000.0,4756000.0,-4685000.0,-0.09,1252000.0,0.26324642556770395,104308000.0,92300000.0,54885000.0,8121000.0,12008000.0,8350000.0,-22286000.0,121021399.99999999,105372399.99999999,1.7541525713634118,6.7584041374215,0.0010162211910879318,0.0011484290357529794,-0.051391560787522744,1.7541525713634118,-0.05073672806067172,25.446047098402016,-6.460676916506512,1.3111744312026001,0.0,0.41964071856287427,0.0,0.04559573570579438,4.378155399581332,-0.04489588526287533,-25.456752208666384,0.26324642556770395,0.5272687356551242,-4.043894142383105,-0.5154485052549077,0.0,13.227272727272727,0.5326813691248379,0.5558820741302493,-3.866554760317351,-0.64225319175523,-0.1959665515679639,Pollution & Treatment Controls,Industrials,ERII
2011Q4,2011,Q4,2012-03-14,2011-12-31,-10021000.0,6115000.0,-10549000.0,-0.1903830078273425,88000.0,0.014390842191332789,110713000.0,96954000.0,56670000.0,9879000.0,13759000.0,7824000.0,-17603000.0,135800880.0,117478880.0,1.8419712744129493,5.736410567871242,0.0015084046137309982,0.0017224663242362357,-0.10358504842524112,1.8419712744129493,-0.10335829362378035,22.207829926410465,-3.38790739447161,1.400673308991893,0.0,0.7703220858895705,0.0,0.055232899478832656,3.8232614637109017,-0.09051330918681637,-34.99120845143004,0.014390842191332789,0.13462269169389776,-13.164674271562868,-0.11911640945894086,7.6167175969769305,-0.8776077885952712,0.11522161398552004,-0.5780104712041885,-2.795546125873147,-0.7377632068485224,-0.14535177067537758,Pollution & Treatment Controls,Industrials,ERII
2011Q3,2011,Q3,2011-11-08,2011-09-30,-11326000.0,4933000.0,-6685000.0,-0.22,719000.0,0.1457530914250963,118108000.0,106464000.0,73263000.0,7650000.0,11644000.0,9917000.0,-7582000.0,157908000.0,112717000.0,2.0226460977277907,9.576862745098039,0.0018203677989636605,0.0020194619777577395,-0.10399425685504103,2.0226460977277907,-0.10638337841899609,32.01054125278735,-3.485520042380364,1.4832055906221824,0.0,0.4249268932136735,0.0,0.041766857452501104,6.718692810457516,-0.09589528228401124,-962.8536585365854,0.1457530914250963,-2.666666666666667,-14.725769001846796,-0.2895286554653238,0.0,-0.6911512027491409,-2.3930497303774714,-0.2801608579088472,-18.147068994519067,-0.4855396054294465,-0.010286929156377949,Pollution & Treatment Controls,Industrials,ERII
2011Q2,2011,Q2,2011-08-08,2011-06-30,-3338000.0,6632000.0,-5222000.0,-0.06,2328000.0,0.35102533172496986,128677000.0,117064000.0,85776000.0,8943000.0,11613000.0,9704000.0,3744000.0,172018350.0,121890350.0,2.2253397965972814,9.591412277759142,0.002082734288178929,0.0022893459987699035,-0.02871939501772792,2.2253397965972814,-0.028514316954828128,25.937628166465622,-12.883339574595567,1.4694385122667943,0.0,0.44352844187963725,0.0,0.0515399022358308,7.042603153304261,-0.025940921843064416,-65.2573406676783,0.35102533172496986,-1.0,-5.047644053535626,-0.04426867292808385,0.0,-0.5008576329331046,-0.8987485779294653,-0.8400281888653982,-2.3817300284484015,-0.5802143424959494,2.741498145857815,Pollution & Treatment Controls,Industrials,ERII
2011Q1,2011,Q1,2011-05-06,2011-03-31,-1758000.0,10367000.0,-2838000.0,-0.03,4664000.0,0.4498890710909617,130899000.0,119658000.0,86821000.0,8452000.0,11241000.0,9408000.0,7082000.0,167223480.0,114944480.0,2.2754725592362988,10.272243256034075,0.0023682381072429887,0.0025907168764311623,-0.015586477061880077,2.2754725592362988,-0.014691871834728977,16.130363653901803,-23.780358361774745,1.3975119089404804,0.0,0.6061862244897959,0.0,0.07919846599286473,7.817676289635589,-0.013430201911397337,-47.224930810505505,0.4498890710909617,-4.172197580645162,-3.1325132598387246,0.4945184831160495,0.0,-0.18204138898632058,-4.544354838709677,-9.32258064516129,-2.4051590092014403,-0.13957139382705425,3.1627405895689695,Pollution & Treatment Controls,Industrials,ERII
2010Q4,2010,Q4,2011-03-15,2010-12-31,496000.0,13013000.0,341000.0,0.009457166282151505,5702000.0,0.43817720740797667,133917000.0,120800000.0,88198000.0,10347000.0,13117000.0,9772000.0,8840000.0,191956020.0,136991020.0,2.303277594523996,8.5240166231758,0.0027853073172188743,0.003087748344370861,0.00940763116318983,2.303277594523996,0.004105960264900663,14.75109659571198,96.75202620967742,1.5890399006622515,0.0,0.7481580024559967,0.0,0.09717212900527938,6.500918140523823,0.003703786673835286,-73.88607390300231,0.43817720740797667,1.135102375459307,-0.395726810563301,0.8813158532774201,9.774702545664239,1.391778523489933,1.1288311688311687,1.071849978929625,-0.6698865817865615,0.35753687565961007,3.4846230418277893,Pollution & Treatment Controls,Industrials,ERII
2010Q3,2010,Q3,2010-11-08,2010-09-30,-3850000.0,6921000.0,-4746000.0,-0.07,2384000.0,0.34445889322352263,135617000.0,119367000.0,88259000.0,14090000.0,16250000.0,12080000.0,8344000.0,188284730.0,131909730.0,2.27595477339028,6.2639460610361954,0.0031485728190418605,0.0035772030795781077,-0.032458955984036655,2.27595477339028,-0.032253470389638675,27.20484467562491,-12.226281168831168,1.577359990617172,0.0,0.3755794701986755,0.0,0.05103342501308833,4.604613200851668,-0.02838877131922989,66.34416138125441,0.34445889322352263,-10.321304347826088,-5.682557130541372,0.0003835158775204906,0.0,-0.6403138201569101,-10.956521739130435,-5.628491620111732,-2.840368807554435,-0.453111138747673,0.0,Pollution & Treatment Controls,Industrials,ERII
2010Q2,2010,Q2,2010-08-06,2010-06-30,-322000.0,13304000.0,-716000.0,-0.0061830331425938015,6628000.0,0.49819603126879136,142968000.0,122516000.0,94112000.0,18189000.0,20452000.0,12208000.0,12194000.0,208312000.0,156669000.0,2.3525481009255347,5.174116224091484,0.0032594706507749985,0.0038035848378987235,-0.0022943726071384092,2.3525481009255347,-0.0026282281497926802,15.657847263980758,-161.73291925465838,1.700284044532959,0.0,0.5468545216251638,0.0,0.09305578870796262,3.8155478585958544,-0.0022522522522522522,337.62074554294975,0.49819603126879136,-5.8784131495065095,-1.3944069698240456,0.936628273327412,0.0,-0.09921174232128296,-5.735294117647059,-5.64935064935065,-1.1550123713412799,0.05871439728796922,0.0,Pollution & Treatment Controls,Industrials,ERII
2010Q1,2010,Q1,2010-05-07,2010-03-31,68000.0,12615000.0,154000.0,0.0012674271229404308,7358000.0,0.5832738803012287,143817000.0,121865000.0,93849000.0,17582000.0,21952000.0,12695000.0,12516000.0,322830900.0,272824900.0,2.3781784829147394,5.3377886474803775,0.0035114068573256292,0.004143929758339146,0.000740988921607094,2.3781784829147394,0.0005579945021129939,25.59103448275862,1186.8783088235293,2.6490862840027902,0.0,0.4141000393855849,0.0,0.08771563862408477,4.108008190194517,0.00047282310158048077,-37.16680865760995,0.5832738803012287,-0.9615401424762904,-0.9153518693075381,0.8662552241408202,0.0,-0.21640042598509052,-0.9588626739261948,-0.9491749174917492,-0.9546148171993831,0.3197301415429867,0.0,Pollution & Treatment Controls,Industrials,ERII
2009Q4,2009,Q4,2010-03-15,2009-12-31,1653000.0,15734000.0,3030000.0,0.03295454545454545,9390000.0,0.5967967459005974,142969000.0,120969000.0,96179000.0,17495000.0,22000000.0,10359000.0,12448000.0,345100800.0,286699800.0,2.411662679425837,5.497513575307231,0.004994089627821416,0.005902338615678397,0.013597207351840035,2.411662679425837,0.01366465788755797,21.93344349815686,52.19310344827586,2.8528036108424475,0.0,0.6124143257071146,0.0,0.11005182941756604,4.420805944555587,0.01156194699550252,73.33208669783255,0.5967967459005974,2.295454545454545,1.1056569900687547,1.3784090829568758,10.281726559174539,0.5248457291328353,2.0054545454545454,3.3162393162393164,1.1056569900687547,1.3784090829568758,10.281726559174539,Pollution & Treatment Controls,Industrials,ERII
2009Q3,2009,Q3,2009-11-06,2009-09-30,550000.0,9545000.0,702000.0,0.01,6158000.0,0.6451545311681509,119336000.0,111443000.0,109021000.0,7644000.0,7893000.0,10510000.0,10795000.0,292934400.0,218618400.0,2.2217503987240828,14.262297226582941,0.003427297714017564,0.003670037597695683,0.004779462881955958,2.2217503987240828,0.004935258383209354,30.689827134625457,133.15200000000002,2.6285580969643676,0.0,0.3222645099904852,0.0,0.07998424616209694,11.951726844583987,0.004608835556747335,-57.67560543414058,0.6451545311681509,8.062816901408452,-0.3005636995172496,0.4425694606769802,0.0,0.062090375991721285,8.746478873239436,4.754010695187166,-0.3005636995172496,0.4425694606769802,0.0,Pollution & Treatment Controls,Industrials,ERII
2009Q2,2009,Q2,2009-08-07,2009-06-30,-71000.0,9089000.0,-187000.0,-0.0014158656722370678,5798000.0,0.6379139619320057,118931000.0,110004000.0,110237000.0,8638000.0,8927000.0,11160000.0,10245000.0,355033680.0,275846680.0,2.193674470546006,12.761866172725167,0.0037332570986538414,0.004036216864841279,-0.0015020046337357684,2.193674470546006,-0.0006454310752336278,39.06190780063813,-1250.1185915492958,3.2274615468528416,0.0,0.2948924731182796,0.0,0.07642246344519091,10.727830516323223,-0.0005969848063162674,295.1235910224439,0.6379139619320057,-1.0471955224079021,-1.0903160757166255,0.3740360778630089,0.0,-0.28180354267310787,-1.0456885456885456,-1.0717850287907869,-1.0903160757166255,0.3740360778630089,0.0,Pollution & Treatment Controls,Industrials,ERII
2009Q1,2009,Q1,2009-05-08,2009-03-31,1554000.0,12646000.0,2605000.0,0.03,8073000.0,0.63838367863356,118755000.0,109198000.0,109487000.0,9225000.0,9557000.0,10080000.0,10316000.0,380395200.0,305865200.0,2.1816910413170305,11.868509485094851,0.003991410887962612,0.004340738841370721,0.014739689839702337,2.1816910413170305,0.014231029872341984,30.080278348885024,61.196138996139,3.4835363285041847,0.0,0.4536706349206349,0.0,0.10648814786745821,9.830135501355013,0.01308576480990274,88.464,0.63838367863356,-0.7170630699088146,0.9804896866989872,0.9153584877908431,0.0,-0.4307974335472044,-0.7047872340425532,-0.6781964175416924,0.9804896866989872,0.9153584877908431,0.0,Pollution & Treatment Controls,Industrials,ERII
2008Q4,2008,Q4,2009-03-27,2008-12-31,5264000.0,21994000.0,8095000.0,0.106030697337147,14183000.0,0.6448576884604892,120612000.0,106999000.0,116328000.0,13193000.0,13613000.0,8493000.0,8762000.0,376316680.0,297623680.0,2.1552390927768603,8.81740316834685,0.004924883096209333,0.005551453751904223,0.048822373831660056,2.1552390927768603,0.04919672146468659,17.10996999181595,17.87218275075988,3.5170111870204392,0.0,0.9196985752973037,0.0,0.18235333134348158,7.947396346547412,0.043644081849235565,-3162.325042016807,0.6448576884604892,9.6030697337147,5.774916052712024,2.3591151720354824,9.082180365348922,1.5568775914908959,7.449438202247191,10.46600566572238,5.774916052712024,2.3591151720354824,9.082180365348922,Pollution & Treatment Controls,Industrials,ERII
2008Q3,2008,Q3,2008-11-12,2008-09-30,623000.0,9044000.0,706000.0,0.01,5547000.0,0.6133348076072535,112956000.0,101460000.0,110621000.0,11032000.0,11496000.0,9779000.0,3498000.0,476105140.0,396920140.0,2.043669177778673,10.027284263959391,0.00563051099543185,0.006268480189237138,0.0047533819584558755,2.043669177778673,0.0061403508771929825,52.64320433436532,191.05342696629214,4.692540311452789,0.0,0.35760302689436546,0.0,0.08006657459541769,8.768129079042785,0.005515421934204469,335.99515878616796,0.6133348076072535,-0.75,-0.19952681089496196,0.3810029927138378,0.0,-0.30749063670411986,-0.6593767085839256,-0.7770760972529207,-0.19952681089496196,0.3810029927138378,0.0,Pollution & Treatment Controls,Industrials,ERII
2008Q2,2008,Q2,2008-06-30,2008-06-30,1829000.0,11961000.0,3167000.0,0.04,8010000.0,0.6696764484574869,33638000.0,23688000.0,28830000.0,9433000.0,9950000.0,7060000.0,2875000.0,391499410.0,390524410.0,0.5947723905892988,3.056291741757659,0.020215232772459717,0.028706518068220197,0.07604457457154681,0.5947723905892988,0.07721209050996285,32.73132764818995,53.51276790595954,16.527330715974333,0.0,0.5596317280453258,0.0,0.35557999881086866,1.796247217216156,0.05437303050121886,-2018.0381958762887,0.6696764484574869,1.0,1.9294029732283398,1.2767126746408528,0.0,0.4708042600073448,0.9313621964097148,2.394426580921758,1.9294029732283398,1.2767126746408528,0.0,Pollution & Treatment Controls,Industrials,ERII
2008Q1,2008,Q1,2008-03-31,2008-03-31,947000.0,9120000.0,933000.0,0.02,5446000.0,0.5971491228070176,32314000.0,21758000.0,27729000.0,9988000.0,10556000.0,6395000.0,1046000.0,391273320.0,390095320.0,0.546628479549794,2.776231477773328,0.02237420313176951,0.03322915709164445,0.02514941834475144,0.546628479549794,0.043524220976192664,42.902776315789474,103.29285110876452,17.982963507675336,0.0,0.5745113369820172,0.0,0.28223061211858635,1.763015618742491,0.029306183078541808,-961.3595085995086,0.5971491228070176,-0.3018766756032172,0.5176312758017639,0.7369465315239089,0.0,0.0,-0.15370866845397677,1.0492426241621364,0.5176312758017639,0.7369465315239089,0.0,Pollution & Treatment Controls,Industrials,ERII
2007Q4,2007,Q4,2007-12-31,2007-12-31,1119000.0,7139000.0,-18947000.0,0.028648233486943165,0.0,0.0,27304000.0,20061000.0,21420000.0,6623000.0,7243000.0,4791000.0,99000.0,383959800.0,384486800.0,0.5135944700460829,3.234183904574966,0.028091122179900382,0.03823338816609342,,0.5135944700460829,0.05577987139225363,53.78341504412383,85.78190348525469,19.13961417676088,,0.0,,0.26146352182830357,2.240978408576174,0.040983006152944625,0.0,0.0,-0.2837941628264209,0.8305017490867316,0.3858303866429502,1.4025882320920366,0.0,-0.28177150192554556,-3.010291777188329,0.8305017490867316,0.3858303866429502,1.4025882320920366,Pollution & Treatment Controls,Industrials,ERII
2007Q3,2007,Q3,2007-09-30,2007-09-30,1558000.0,9425000.0,9425000.0,0.04,0.0,0.0,,,,,,,,383959800.0,,,0.0,0.0,0.0,0.0,,0.0,40.73844031830239,61.611007702182285,0.0,,0.0,,0.0,0.0,0.0,0.0,0.0,0.0,1.5443580174366056,0.8292263506459628,0.0,0.0,0.0,0.0,1.5443580174366056,0.8292263506459628,0.0,Pollution & Treatment Controls,Industrials,ERII
2007Q2,2007,Q2,2007-06-30,2007-06-30,1558000.0,9425000.0,9425000.0,0.04,0.0,0.0,,,,,,,,383959800.0,,,0.0,0.0,0.0,0.0,,0.0,40.73844031830239,61.611007702182285,0.0,,0.0,,0.0,0.0,0.0,0.0,0.0,0.3333333333333334,1.5443580174366056,0.8292263506459628,0.0,0.0,0.3923145665773012,0.320212914974086,1.5443580174366056,0.8292263506459628,0.0,Pollution & Treatment Controls,Industrials,ERII
2007Q1,2007,Q1,2007-03-31,2007-03-31,1119000.0,7139000.0,7139000.0,0.03,0.0,0.0,,,,,,,,376203930.0,,,0.0,0.0,0.0,0.0,,0.0,52.69700658355512,84.04913538873996,0.0,,0.0,,0.0,0.0,0.0,0.0,0.0,0.9168739495798319,0.8651049851298902,0.41411881519872973,0.0,0.0,0.880672268907563,1.6260084180989127,0.8651049851298902,0.41411881519872973,0.0,Pollution & Treatment Controls,Industrials,ERII
