Quarters,Year,Quarter,FillingDate,Date,NetIncome,Revenue,OperatingIncome,EPSDiluted,GrossProfit,GrossProfitRatio,TotalAssets,CommonStockEquity,CurrentAssets,CurrentLiability,TotalLiability,Inventory,RetainedEarnings,MarketCap,EnterpriseValue,bookValuePerShare,currentRatio,debtToAssets,debtToEquity,roic,shareholdersEquityPerShare,roe,priceToSalesRatio,peRatio,pbRatio,payoutRatio,inventoryTurnover,dividendYield,assetTurnover,quickRatio,returnOnAssets,priceToFreeCashFlowsRatio,grossProfitMargin,epsdilutedGrowth,fiveYNetIncomeGrowthPerShare,fiveYRevenueGrowthPerShare,fiveYShareholdersEquityGrowthPerShare,grossProfitGrowth,netIncomeGrowth,operatingIncomeGrowth,threeYNetIncomeGrowthPerShare,threeYRevenueGrowthPerShare,threeYShareholdersEquityGrowthPerShare,Industry,Sector,Symbol
2023Q1,2023,Q1,2023-05-04,2023-03-31,-2571000.0,676489000.0,32349000.0,-0.0095,187566000.0,0.2772639319,8071718000.0,3705405000.0,456752000.0,1123159000.0,4350441000.0,0.0,-1477452000.0,7688043500.0,11336893500.0,13.712041594197535,0.40666726616623294,0.45790400507054385,0.9974812469891955,0.0024956009947673624,13.712041594197535,-0.0006938512794148009,11.364624554131701,-747.5732691559704,2.0748186770407013,-23.362115908206924,0.0,0.007812650903965358,0.0838097911745678,0.40666726616623294,-0.00031851955184757444,-276.7374644541233,0.2772639318599415,-1.95,0.8629621257368714,-0.20360338029236486,1.6577295396343574,-0.003506423129642026,-1.8733016304347827,-0.2774241104335589,-1.0812194292820498,0.03796432343645247,0.36197130675407857,REIT—Industrial,Real Estate,COLD
2022Q4,2022,Q4,2023-02-27,2022-12-31,2944000.0,721504000.0,44769000.0,0.01,188226000.0,0.2608800506,8104561000.0,3773419000.0,483105000.0,1089638000.0,4316683000.0,29297000.0,-1415198000.0,7638774060.0,11168328060.0,13.984638248352642,0.4433628416042759,0.44204948300099167,0.9494352469206309,0.06367863510674135,13.984638248352642,0.0007801943012424542,10.587292738501796,648.6730689538043,2.0243641270688464,20.069972826086957,18.202478069426903,0.007735010819262274,0.08902443944835507,0.4433628416042759,0.0003632522477158232,121.52042729875915,0.26088005056105024,1.3012048192771084,-0.90446151223381,-0.5337210248833738,4.270554118122079,0.03901566588282052,1.3294170303233748,0.9321968062149331,-0.8991230212114452,0.05857648710107114,0.4678232873410462,REIT—Industrial,Real Estate,COLD
2022Q3,2022,Q3,2022-11-04,2022-09-30,-8937000.0,757780000.0,23170000.0,-0.0332,181158000.0,0.2390641083,8001904000.0,3809609000.0,487432000.0,1019219000.0,4179313000.0,0.0,-1359106000.0,6631815600.0,10075542600.0,14.13133100383551,0.47824069213780357,0.4360737144559595,0.9159522670174288,0.0021499681070245697,14.13133100383551,-0.00234591003958674,8.751637150624191,-185.5157099697885,1.7408126660767549,-6.724627951214054,0.0,0.009062073438833251,0.09469996140918462,0.47824069213780357,-0.0011168591875133718,-217.67209111497687,0.2390641083163979,-4.32,0.4959447406216773,-0.4944790404610361,4.146219459572418,0.07645685152503699,-3.271156289707751,-0.020916965983519966,-1.2353450823111551,0.15964762876954805,0.47821128997593515,REIT—Industrial,Real Estate,COLD
2022Q2,2022,Q2,2022-08-05,2022-06-30,3935000.0,729756000.0,23665000.0,0.01,168291000.0,0.2306126979,8135326000.0,3887995000.0,482706000.0,1169601000.0,4235746000.0,0.0,-1290511000.0,8095689880.0,11517146880.0,14.426858183950099,0.41270997545316734,0.42973975474369436,0.8991968868272722,-0.0014527181205839254,14.426858183950099,0.0010120897789220409,11.093694166269273,514.3386200762388,2.0822274411361126,15.142312579415503,0.0,0.007360089242944173,0.08970212134092721,0.41270997545316734,0.0004836929706320312,366.4700502467068,0.23061269794287406,1.154320987654321,1.1219802936440246,-0.5001151469309598,0.0,0.06319493581320125,1.225566064775007,0.29239255092567307,-0.45569871318469424,0.12600412646241843,0.4174909039702389,REIT—Industrial,Real Estate,COLD
2022Q1,2022,Q1,2022-05-06,2022-03-31,-17445000.0,705695000.0,18311000.0,-0.0648,158288000.0,0.2243008665,8207869000.0,3961380000.0,470313000.0,1077790000.0,4236630000.0,0.0,-1234875000.0,7504292320.0,10949512320.0,14.717347044924285,0.43636793809554736,0.4259552631748874,0.8825674386198749,0.0021948430022035626,14.717347044924285,-0.004403768383745059,10.633903201808147,-107.5421656635139,1.8943631562738237,-3.435941530524506,0.0,0.007987428719994213,0.08597785856475049,0.43636793809554736,-0.002125399418533605,-96.91210992587236,0.22430086652165596,0.3520000000000001,-2.0338396713704077,-0.5083442560757724,0.0,-0.019080729021423215,0.3547014870163498,1.4713620099364173,-1.091842798863947,-0.0034881918924792284,2.231307623769603,REIT—Industrial,Real Estate,COLD
2021Q4,2021,Q4,2022-03-01,2021-12-31,-27034000.0,716480000.0,-38847000.0,-0.1,161367000.0,0.2252219183,8216197000.0,4029076000.0,380014000.0,26143000.0,4187121000.0,-36357000.0,-1157888000.0,8771292210.0,10065177210.0,15.06202266176696,14.5359752132502,0.16757667811519125,0.34172673833901374,-0.011095879277120958,15.06202266176696,-0.006709726994477146,12.242201052367129,-81.11352565288155,2.176998450761415,0.0,-15.268393981901697,0.0,0.08720336184733643,19.099912022338675,-0.0032903300638969586,-421.5346121683968,0.22522191826708352,-6.0,-1.5719325824239532,-0.5252812434961526,3.734538758855161,0.03592453023990345,-6.106535700793351,-2.2318693515141907,-6.605454881007526,-0.042860814964953926,2.1667212419541086,REIT—Industrial,Real Estate,COLD
2021Q3,2021,Q3,2021-11-05,2021-09-30,5294000.0,708808000.0,31535000.0,0.02,155771000.0,0.2197647317750364,8127554000.0,4009028000.0,520949000.0,905499000.0,4112371000.0,0.0,-1090595000.0,7607178250.0,10758236250.0,15.309522081988812,0.5753170351375319,0.40649720690874525,0.8240970130415652,0.004163793297139357,15.309522081988812,0.001320519587291483,10.732353825013261,359.23584482432943,1.897511878190923,10.903853418964866,0.0,0.007588227605945739,0.08721049407976865,0.5753170351375319,0.000651364481860102,-109.65934252064984,0.2197647317750364,1.4000000000000001,1.3073903352200837,-0.5132067837785143,4.575282359014902,0.003103890166077443,1.3959611069558713,0.37677363021174415,-0.8805890509756586,-0.024052343264595724,2.035670998258713,REIT—Industrial,Real Estate,COLD
2021Q2,2021,Q2,2021-08-06,2021-06-30,-13370000.0,654707000.0,22905000.0,-0.05,155289000.0,0.23718854388298888,7823320000.0,3861393000.0,641517000.0,723015000.0,3957145000.0,0.0,-1036987000.0,9584112050.0,12416237050.0,15.249584342036151,0.8872803468807701,0.40241253074142436,0.8153021461425968,0.00913608665174108,15.249584342036151,-0.0034624810269247392,14.638780477373848,-179.20927543006732,2.4820348641021517,-4.177786088257292,0.0,0.005828082946922558,0.08368659341558315,0.8872803468807701,-0.0017089931128983604,-374.3208893141697,0.23718854388298888,0.1666666666666666,0.5588926630743709,-0.5226826467557592,0.0,-0.012407784278809463,0.07242958235049257,0.6100801349641501,-1.2576667207229386,-0.059889191506962494,2.4042349587796306,REIT—Industrial,Real Estate,COLD
2021Q1,2021,Q1,2021-05-07,2021-03-31,-14414000.0,634795000.0,14226000.0,-0.06,157240000.0,0.24770201403602737,7540008000.0,3704831000.0,594661000.0,568662000.0,3831801000.0,0.0,-965844000.0,9730524860.0,12491458860.0,14.647190220528351,1.0457196014504222,0.4043264940832954,0.82287829053471,0.001835608896743895,14.647190220528351,-0.0038905958193504644,15.3286098031648,-168.76864263910088,2.6264423019565535,-3.812682114610795,0.0,0.005647794008102457,0.08419022897588438,1.0457196014504222,-0.0019116690592370725,-180.41206748864374,0.24770201403602737,0.7142857142857143,-1.9090120296783153,-0.5293690678681169,0.0,0.03149456503913041,0.6724611993546481,-0.4686040865115237,0.17919019571336695,-0.20159794303935727,1.838984250034275,REIT—Industrial,Real Estate,COLD
2020Q4,2020,Q4,2021-03-01,2020-12-31,-44007000.0,523678000.0,26771000.0,-0.21,152439000.0,0.2910929998968832,7831151000.0,3790440000.0,1013820000.0,517772000.0,4038330000.0,21514000.0,-895521000.0,7689382720.0,9741241720.0,18.401623427062297,1.9580433086377789,0.33817072356285816,0.69866981142031,0.0031428324872499035,18.401623427062297,-0.01160999778389844,14.683417519926367,-43.68272502101938,2.0286253627547195,-0.9785034199104687,17.255693966719345,0.005600059402427559,0.0668711406535259,1.8472764073762196,-0.005619480456959648,-111.89276523915542,0.2910929998968832,-4.500000000000001,-2.2090519665683828,-0.5494060833021116,4.784296126604218,0.12651586251745875,-4.556408598674641,-0.28528712924153027,-2.8707365359688133,-0.5566755058218976,5.935234963625873,REIT—Industrial,Real Estate,COLD
2020Q3,2020,Q3,2020-11-06,2020-09-30,12374000.0,497458000.0,37457000.0,0.06,135319000.0,0.27202095453284497,4618106000.0,2108872000.0,398840000.0,356734000.0,2509234000.0,0.0,-797935000.0,7303331750.0,9199096750.0,10.322983616347429,1.118031922945388,0.39572153605828886,0.8665694266887701,0.00840763669491303,10.322983616347429,0.0058675917741807,14.681303245701145,147.55397910942298,3.4631460562803245,3.4789882010667528,0.0,0.00589443304420616,0.1077190519230178,1.0971732439296507,0.002679453438271014,-237.9788116263156,0.27202095453284497,-0.625,1.9209771530917348,-0.5620698965913834,2.7593301829017687,0.05439542458196325,-0.6211499601983956,-0.3375718454328411,1.9209771530917348,-0.5620698965913834,2.7593301829017687,REIT—Industrial,Real Estate,COLD
2020Q2,2020,Q2,2020-08-10,2020-06-30,32662000.0,482522000.0,56545000.0,0.16,128338000.0,0.26597336494501805,4612776000.0,2131006000.0,532443000.0,335651000.0,2481770000.0,0.0,-767027000.0,7324868099.999999,9087202100.0,10.560670409887654,1.586299459855624,0.3955115097719898,0.8561242905932691,0.013012158113285292,10.560670409887654,0.01532703333542937,15.180381619905411,56.06567341252831,3.4372817814684704,1.2964607188782071,0.0,0.005780991469320793,0.10460555639380711,1.4875927674876583,0.0070807687171455976,-266.1846100734065,0.26597336494501805,0.4545454545454546,2.3522234517354286,-0.5585615342639395,0.0,-0.05217057355135079,0.3892220662668538,0.18597676077016653,2.3522234517354286,-0.5585615342639395,0.0,REIT—Industrial,Real Estate,COLD
2020Q1,2020,Q1,2020-05-08,2020-03-31,23511000.0,484069000.0,47678000.0,0.11,135402000.0,0.27971632143351466,4503392000.0,2020676000.0,485996000.0,341113000.0,2482716000.0,0.0,-756418000.0,6832066280.0,8620259280.0,10.067790361073605,1.4247360845233104,0.4038886688078675,0.9001289667418231,0.01148694596038162,10.067790361073605,0.011635215145822487,14.113827326269602,72.64755093360554,3.381079539718391,1.643103228276126,0.0,0.0056543655194164774,0.10748986541700123,1.4064957946486942,0.0052207313953571,374.29826768202486,0.27971632143351466,0.09999999999999995,0.8685631295650895,-0.5477216467922141,0.0,-0.01707391436909273,0.12984766206929693,0.023594323622233196,0.8685631295650895,-0.5477216467922141,0.0,REIT—Industrial,Real Estate,COLD
2019Q4,2019,Q4,2020-03-02,2019-12-31,20809000.0,485984000.0,46579000.0,0.1,137754000.0,0.2834537762560084,4170683000.0,1833018000.0,496727000.0,315439000.0,2337665000.0,9371000.0,-736861000.0,6745298580.0,8442713580.0,9.527467215543185,1.574716506202467,0.40651543164512866,0.9249483638458542,0.011171979529430633,9.527467215543185,0.011352316234756014,13.879672129123593,81.03823561920323,3.679886711423456,1.8565043971358546,37.16038843239782,0.005727248325899903,0.11652384033981963,1.4890390852114037,0.00498935066510689,-211.21300663827654,0.2834537762560084,-0.28571428571428575,-0.3879052768741111,-0.5522999046502489,1.9948277079819057,0.14123572978973706,-0.23188512790225535,0.18265837247683128,-0.3879052768741111,-0.5522999046502489,1.9948277079819057,REIT—Industrial,Real Estate,COLD
2019Q3,2019,Q3,2019-11-08,2019-09-30,27091000.0,466182000.0,39385000.0,0.14,120706000.0,0.25892462600443605,4142191000.0,1838579000.0,527900000.0,314173000.0,2303612000.0,0.0,-718874000.0,7129487750.0,8751456750.0,9.559750422461978,1.6802844292794097,0.40952964264564334,0.9226418881103287,0.0140668360107372,9.559750422461978,0.014734748955579281,15.293356993620517,65.79203194787937,3.8777162961178173,1.4250119966040382,0.0,0.005414835027944329,0.11254478608060324,1.6584111301735032,0.006540258525017315,352.752844985404,0.25892462600443605,3.6666666666666674,3.141770945151511,-0.5640736487553979,2.481382867571115,-0.003409869632345049,4.538949090165611,0.35413443355681623,3.141770945151511,-0.5640736487553979,2.481382867571115,REIT—Industrial,Real Estate,COLD
2019Q2,2019,Q2,2019-08-09,2019-06-30,4891000.0,438460000.0,29085000.0,0.03,121119000.0,0.2762372850431054,4162457000.0,1855657000.0,536224000.0,287691000.0,2306800000.0,0.0,-707170000.0,6082362000.0,7713220000.0,10.177743041272453,1.8638886861250439,0.41094070160965024,0.9217883477388332,0.009376030793538026,10.177743041272453,0.002635724166696755,13.872102358253889,310.8956246166428,3.2777404444894715,6.155796360662441,0.0,0.004950050654663435,0.10533682389992256,1.8415000816848632,0.001175027153433657,-130.32422703606093,0.2762372850431054,2.0,1.2241043638859066,-0.5560541552902343,0.0,0.2274164454082977,2.056599697558868,0.7716391545349333,1.2241043638859066,-0.5560541552902343,0.0,REIT—Industrial,Real Estate,COLD
2019Q1,2019,Q1,2019-05-10,2019-03-31,-4629000.0,393079000.0,16417000.0,-0.03,98678000.0,0.25103859529509337,2587729000.0,680477000.0,373249000.0,258055000.0,1907252000.0,0.0,-673297000.0,4553833920.0,5970441920.0,4.554610318331504,1.4463932107496464,0.52173933205525,1.9840788153016193,0.008084713291222928,4.554610318331504,-0.0068025811305892775,11.585034865764896,-245.94047958522358,6.6921202626980785,-6.0699935191186,0.0,0.00617018549503887,0.1519011457536705,1.4199957373428145,-0.001788827191719071,-580.4759617590822,0.25103859529509337,-2.5,-1.4942243613773811,-0.5066232633430277,0.0,-0.09201494322678003,-2.7278835386338187,-0.6791800203236145,-1.4942243613773811,-0.5066232633430277,0.0,REIT—Industrial,Real Estate,COLD
2018Q4,2018,Q4,2019-02-26,2018-12-31,2679000.0,415817000.0,51172000.0,0.02,108678000.0,0.26136016564979303,2532428000.0,706755000.0,451643000.0,222495000.0,1825673000.0,7875000.0,-638345000.0,3795039680.0,5097682680.0,4.756346236674922,2.0299017955459675,0.5334856509247252,1.9115733174862577,0.03387531231670355,4.756346236674922,0.0037905639153596364,9.12670641171477,354.1470399402762,5.369667961316156,10.446808510638299,39.001777777777775,0.00737462644922859,0.16419696828498184,1.9111305872042068,0.0010578780522091842,273.0047967772103,0.26136016564979303,-0.8823529411764707,-0.8979685690876253,-0.5040232769422502,0.49509173593492206,0.07087746957678474,-0.8908312958435208,0.17493628452689827,-0.8979685690876253,-0.5040232769422502,0.49509173593492206,REIT—Industrial,Real Estate,COLD
2018Q3,2018,Q3,2018-11-14,2018-09-30,24540000.0,402010000.0,43553000.0,0.17,101485000.0,0.25244396905549615,2580231000.0,731003000.0,474523000.0,249715000.0,1849228000.0,0.0,-612795000.0,3613553640.0,4924615640.0,5.043208598945829,1.9002582944556794,0.5336723727449209,1.8837104635685489,0.021422845654366827,5.043208598945829,0.0335703136649234,8.988715803089475,36.812893643031785,4.943281546040167,1.106723716381418,0.0,0.007515870167074647,0.15580387957512332,1.7462907714794866,0.009510776360721191,210.0170661397187,0.25244396905549615,-0.15,3.5742223617821125,-0.5012097084695767,0.8365897892798431,0.03345213849287169,-0.16547643338094267,0.06434506353861193,3.5742223617821125,-0.5012097084695767,0.8365897892798431,REIT—Industrial,Real Estate,COLD
2018Q2,2018,Q2,2018-08-14,2018-06-30,29406000.0,394667000.0,40920000.0,0.2,98200000.0,0.24881735741777244,2475475000.0,642817000.0,373292000.0,224749000.0,1832658000.0,0.0,-611208000.0,3159847980.0,4551508980.0,4.479592192280085,1.6609284134745872,0.5597640856805259,2.155639941071876,0.018817550827948067,4.479592192280085,0.04574552322044999,8.006364808813506,26.863973168741072,4.9156260335367605,0.6830578793443515,0.0,0.006356634916341767,0.1594308163079813,1.4937419076391887,0.011878932326119229,-308.5186467486819,0.24881735741777244,3.5000000000000004,2.711929797096066,-0.4922754329254413,0.0,0.009384604315067789,4.403866188216229,0.13881776689302014,2.711929797096066,-0.4922754329254413,0.0,REIT—Industrial,Real Estate,COLD
2018Q1,2018,Q1,2018-05-15,2018-03-31,-8639000.0,391141000.0,35932000.0,-0.08,97287000.0,0.2487261626881355,2493755000.0,641988000.0,391911000.0,232737000.0,1851767000.0,0.0,-613363000.0,2374181640.0,3735529640.0,5.159306614804755,1.6839221954394874,0.5606914071350233,2.1779643856271456,0.01618675325174662,5.159306614804755,-0.013456637818775428,6.069886920573399,-68.70533742331287,3.698171367689115,-0.3752749160782498,0.0,0.001365523153485426,0.15684820682063796,1.6005920846277129,-0.003464253705756981,107.47766591217746,0.2487261626881355,-9.0,-2.107457568039576,-0.4105339183074238,0.0,-0.030687377325216456,-2.079875,-0.16952874014838099,-2.107457568039576,-0.4105339183074238,0.0,REIT—Industrial,Real Estate,COLD
2017Q4,2017,Q4,2018-03-29,2017-12-31,8000000.0,401720000.0,43267000.0,0.01,100367000.0,0.24984317435029374,2395245000.0,185870000.0,323343000.0,209218000.0,2209375000.0,10396000.0,-581470000.0,1244806270.0,3097023270.0,2.6533525574224495,1.5454836581938456,0.7270446238276251,9.369182762145586,0.011734065277061036,2.6533525574224495,0.04304083499219885,3.0986913023996814,38.9001959375,6.697187658040566,3.041625,28.987398999615237,0.01954762004853976,0.16771561990527065,1.2749811201713046,0.0033399506104803476,-96.43680430740626,0.24984317435029374,1.1520490557846754,-0.353702703014649,0.016397520586502123,-0.1659552766500534,0.08116813167873148,2.736487953114825,0.5766707965891699,-0.353702703014649,0.016397520586502123,-0.1659552766500534,REIT—Industrial,Real Estate,COLD
2017Q3,2017,Q3,2017-09-30,2017-09-30,-4607000.0,389501000.0,27442000.0,-0.0657682479407272,92832000.0,0.23833571672473242,2388362000.0,192352000.0,288032000.0,225038000.0,2196010000.0,0.0,-577297000.0,1244770730.0,2917980730.0,2.745963539807849,1.279926056932607,0.7349195808675569,9.125218349692231,0.021193735295747723,2.745963539807849,-0.02395088171685244,3.1958088169221646,-67.54779303234208,6.471316804608218,-2.641849359670067,0.0,0.009777704204211165,0.16308289949346036,1.184426630169127,-0.0019289370706785656,80.31297051422672,0.23833571672473242,0.45056648777579006,0.0,0.0,0.0,0.032154769846564374,0.4505664877757901,-0.044099205796293714,0.0,0.0,0.0,REIT—Industrial,Real Estate,COLD
2017Q2,2017,Q2,2017-06-30,2017-06-30,-8385000.0,379451000.0,28708000.0,-0.11970192293965652,89940000.0,0.2370266516625335,,,,,,,,1244770730.0,,,0.0,0.0,0.0,0.0,,0.0,3.280451836996081,-37.113021168753725,0.0,0.0,0.0,0.0,0.0,0.0,0.0,67.63220483564248,0.2370266516625335,-2.909414957366131,0.0,0.0,0.0,-0.011257200650806912,-2.9126368613138687,-0.21959441091719675,0.0,0.0,0.0,REIT—Industrial,Real Estate,COLD
2017Q1,2017,Q1,2017-03-31,2017-03-31,4384000.0,372914000.0,36786000.0,0.0626903662181293,90964000.0,0.24392755434228802,,,,,,,,1242673870.0,,,0.0,0.0,0.0,0.0,,0.0,3.3323336479724546,70.86415773266422,0.0,0.0,0.0,0.0,0.0,0.0,0.0,-186.5036575116314,0.24392755434228802,-0.6452213320385207,0.0,0.0,0.0,-0.09892025755324418,-0.6452213320385207,0.10691180453164023,0.0,0.0,0.0,REIT—Industrial,Real Estate,COLD
2016Q4,2016,Q4,2016-12-31,2016-12-31,12357000.0,394562000.0,33233000.0,0.17670274985342696,100950000.0,0.2558533259665148,2327631000.0,222472000.0,262681000.0,164494000.0,2105159000.0,0.0,-532196000.0,1242673870.0,2928264870.0,3.1813072886130613,1.5969032305129671,0.7339758750420492,7.679280988169298,0.011524550501945318,3.1813072886130613,0.055544068467043045,3.149502156821995,25.14109148660678,5.58575402747312,1.9691672736100996,0.0,0.019581163318417565,0.1695122637565834,1.353149658954126,0.005308831167826859,247.6432582702272,0.2558533259665148,0.0,0.0,0.0,0.0,0.0,0.0,0.0,0.0,0.0,0.0,REIT—Industrial,Real Estate,COLD
2009Q4,2009,Q4,2009-12-31,2009-12-31,-18243000.0,180007000.0,-3267000.0,-0.06838500750981188,47940000.0,0.26632297632869834,1585370000.0,368575000.0,163023000.0,85758000.0,1216795000.0,0.0,-133011000.0,4740485112.23,5743056112.23,1.381626056182038,1.9009655075911285,0.6516384187918278,2.80292477786068,-0.0020578740321454125,1.381626056182038,-0.049496032015193654,26.335004262223134,-64.96306956407938,12.8616566837957,-0.0003837088198213013,0.0,1.4766421229634634e-06,0.1135425799655601,1.8357704237505539,-0.011507092981449125,309.10831456898796,0.26632297632869834,0.0,-4.85524091293322,-0.18573922955832592,-0.07902528979187946,0.0,0.0,0.0,-4.85524091293322,-0.18573922955832592,-0.07902528979187946,REIT—Industrial,Real Estate,COLD
2008Q4,2008,Q4,2008-12-31,2008-12-31,4732000.0,221068000.0,20978000.0,0.017738193034941067,60872000.0,0.27535418966109976,1640160000.0,400201000.0,154062000.0,97901000.0,1239959000.0,0.0,-90194000.0,4740485112.23,5704858112.23,1.5001780622942622,1.5736509330854638,0.6286551312067116,2.5764428374741692,0.012389513392550192,1.5001780622942622,0.011824058410648649,21.44356086014258,250.44828361316564,11.845260537155081,0.0,0.0,0.0,0.1347844112769486,1.5388402569943105,0.002885084382011511,172.24974064278186,0.27535418966109976,0.0,0.0,0.0,0.0,0.0,0.0,0.0,0.0,0.0,0.0,REIT—Industrial,Real Estate,COLD
2009Q3,2009,Q3,2009-09-30,2009-09-30,,,,,,,1596725000.0,375787000.0,158990000.0,80777000.0,1220938000.0,0.0,-114762000.0,0.0,954886000.0,0.0,1.9682582913453086,0.6466761652757989,2.7477374150782223,,0.0,,0.0,0.0,0.0,0.0,0.0,,,1.9125865035839409,,0.0,0.0,0.0,0.0,0.0,0.0,0.0,0.0,0.0,0.0,0.0,0.0,REIT—Industrial,Real Estate,COLD
