Year,Date,FillingDate,NetIncome,Revenue,OperatingIncome,EPSDiluted,GrossProfit,GrossProfitRatio,TotalAssets,CommonStockEquity,CurrentAssets,CurrentLiability,TotalLiability,Inventory,RetainedEarnings,EnterpriseValue,bookValuePerShare,currentRatio,debtToAssets,debtToEquity,roic,shareholdersEquityPerShare,roe,priceToSalesRatio,peRatio,pbRatio,payoutRatio,inventoryTurnover,dividendYield,assetTurnover,quickRatio,returnOnAssets,priceToFreeCashFlowsRatio,grossProfitMargin,epsdilutedGrowth,fiveYNetIncomeGrowthPerShare,fiveYRevenueGrowthPerShare,fiveYShareholdersEquityGrowthPerShare,grossProfitGrowth,netIncomeGrowth,operatingIncomeGrowth,threeYNetIncomeGrowthPerShare,threeYRevenueGrowthPerShare,threeYShareholdersEquityGrowthPerShare,Industry,Sector,Price,MarketCap,AvgVolume,Symbol
2022,2022-09-30,2022-11-22,21376000.0,1301674000.0,35413000.0,0.41,139302000.0,0.1070175789,1095521000.0,455879000.0,417189000.0,226138000.0,639642000.0,74195000.0,197274000.0,1712323452.57,8.8052474816344,1.8448425297826991,0.3558434753875097,0.8551260312495201,0.031121190372054193,8.8052474816344,0.04688963518828461,1.0432876838363523,63.530148417383984,2.978905482748712,0.0,15.66644652604623,0.0,1.1881780449667327,1.459325721462116,0.019512177311069346,-25.939687364047906,0.10701757890224434,0.05128205128205118,-0.1942671825018451,1.248523448064856,1.9403209973131532,0.16146945037353255,0.05942409674381722,0.1764725424404505,-0.5076528163626983,0.6506018268891006,0.3179334326516433,Engineering & Construction,Industrials,29.25,1542914100,180616,ROAD
2021,2021-09-30,2021-11-29,20177000.0,910739000.0,30101000.0,0.39,119936000.0,0.1316908576,806620000.0,408899000.0,300026000.0,157963000.0,397721000.0,53792000.0,175898000.0,1888746188.35,7.918727973018548,1.899343517152751,0.2763035878108651,0.5450539130689975,0.03334221753722398,7.918727973018548,0.049344703704337745,1.8920076864502342,85.40046529959855,4.2140606564212675,0.0,14.701126561570494,0.0,1.129080607969056,1.5094927293100282,0.02501425702313357,-220.01087695990805,0.13169085764417687,-0.5,-0.09831919713131286,0.6526073504669087,1.5748817962401864,-0.01862337577324649,-0.4992927513214383,-0.4549980988937372,-0.649143349438215,0.18272450900941584,0.2059354408457906,Engineering & Construction,Industrials,29.25,1542914100,180616,ROAD
2020,2020-09-30,2020-12-11,40297000.0,785679000.0,55231000.0,0.78,122212000.0,0.155549531,628114000.0,385195000.0,331561000.0,135829000.0,242919000.0,38561000.0,155721000.0,888440640.1999999,7.481081813430778,2.4410177502595176,0.15865432071248212,0.25870792715377927,0.08487284924388495,7.481081813430778,0.10461454587935981,1.1927309247160736,23.254923200238228,2.4328032300523112,0.0,17.20564819377091,0.0,1.250854144311383,2.120011190541048,0.0641555513808003,17.81599726610772,0.1555495310425759,-0.07142857142857137,0.8059816453136976,0.42976703018895834,1.432575211981122,0.03610760218052953,-0.06549013241807936,-0.03337533690363681,0.5273167355260463,0.3646840607412216,1.4981446557326192,Engineering & Construction,Industrials,29.25,1542914100,180616,ROAD
2019,2019-09-30,2019-12-13,43121000.0,783238000.0,57138000.0,0.84,117953000.0,0.1505966258,531769000.0,343550000.0,279966000.0,128173000.0,188219000.0,34291000.0,115646000.0,770518657.22,6.681101839808783,2.1842821811145874,0.09401826733036338,0.1455275796827245,0.10892785018217296,6.681101839808783,0.12551593654489884,1.0228585145511326,18.57892111082767,2.3319506832193277,0.0,19.401154821964948,0.0,1.4728914246599558,1.8141964376272695,0.08108972128875508,62.61365042751075,0.15059662580211888,-0.24324324324324334,0.9351017978963608,0.4272112438110813,1.1724508740250117,0.18502853239029096,-0.15101100588686972,-0.06983785895682751,0.9351017978963608,0.4272112438110813,1.1724508740250117,Engineering & Construction,Industrials,29.25,1542914100,180616,ROAD
2018,2018-09-30,2018-12-14,50791000.0,680096000.0,61428000.0,1.11,99536000.0,0.14635580859172823,496310000.0,299469000.0,267455000.0,134541000.0,196841000.0,24556000.0,72525000.0,502356029.45000005,6.566460943767186,1.9879070320571424,0.12671112812556667,0.2099983637705405,0.13981441507848788,6.566460943767186,0.16960353158423744,0.791954414450313,10.60433993128704,1.7985335024660316,0.0,23.64228701742955,0.0,1.370304849791461,1.758839312923198,0.10233724889685882,23.099242160226446,0.14635580859172823,1.1764705882352944,1.5699407476669829,0.3972884960767749,1.1351738318879463,0.09415088324850776,0.9504992319508448,0.31862187399377484,1.5699407476669829,0.3972884960767749,1.1351738318879463,Engineering & Construction,Industrials,29.25,1542914100,180616,ROAD
2017,2017-09-30,2017-09-30,26040000.0,568212000.0,46585000.0,0.51,90971000.0,0.16010045546380577,328550000.0,152181000.0,175130000.0,114546000.0,176369000.0,17487000.0,21734000.0,644481197.6999999,2.9946551718946943,1.5289054179107084,0.1434667478313803,0.30973643227472547,0.149236212210528,2.9946551718946943,0.1711120310682674,1.082152783996114,23.613371647465435,4.040531982967651,1.2017281105990782,27.291187739463602,0.05089184757434108,1.7294536600213057,1.3367817296108113,0.07925734287018718,27.29457553710937,0.16010045546380577,0.186046511627907,0.1824539097266371,0.04769086949867888,-0.026247256579410527,0.2148418199057196,0.182453909726637,0.24385880593826764,0.1824539097266371,0.04769086949867888,-0.026247256579410527,Engineering & Construction,Industrials,29.25,1542914100,180616,ROAD
2016,2016-09-30,2016-09-30,22022000.0,542347000.0,37452000.0,0.43,74883000.0,0.13807211987897047,318282000.0,156283000.0,176928000.0,100043000.0,161999000.0,13245000.0,26987000.0,624769197.6999999,3.0753753374548634,1.7685195365992623,0.14484325221030406,0.29498409935821557,0.1251500964262524,3.0753753374548634,0.14091103958843892,1.1337615911953047,27.921723626373627,3.934479103293384,0.0,35.293620234050586,0.0,1.7039826317542306,1.6127165318912868,0.06919021496660194,22.910398960467973,0.13807211987897047,0.0,0.0,0.0,0.0,0.0,0.0,0.0,0.0,0.0,0.0,Engineering & Construction,Industrials,29.25,1542914100,180616,ROAD
TTM,,,,,,,,,,,,,,,,1952094100.0,8.734536282135895,1.8023361603358674,0.3854171688634764,0.9712914855264553,0.01859740976374219,8.734536282135895,0.04825940039463528,1.0715023535474049,69.87878797132846,3.3487753734360086,0.0,14.958026381428589,0.0,1.2622085322763168,1.3442641139321962,0.019016129611919837,-43.28314023620501,0.10459848022922955,,,,,,,,,,,Engineering & Construction,Industrials,29.25,1542914100,180616,ROAD
