Quarters,Year,Quarter,FillingDate,Date,NetIncome,Revenue,OperatingIncome,EPSDiluted,GrossProfit,GrossProfitRatio,TotalAssets,CommonStockEquity,CurrentAssets,CurrentLiability,TotalLiability,Inventory,RetainedEarnings,MarketCap,EnterpriseValue,bookValuePerShare,currentRatio,debtToAssets,debtToEquity,roic,shareholdersEquityPerShare,roe,priceToSalesRatio,peRatio,pbRatio,payoutRatio,inventoryTurnover,dividendYield,assetTurnover,quickRatio,returnOnAssets,priceToFreeCashFlowsRatio,grossProfitMargin,epsdilutedGrowth,fiveYNetIncomeGrowthPerShare,fiveYRevenueGrowthPerShare,fiveYShareholdersEquityGrowthPerShare,grossProfitGrowth,netIncomeGrowth,operatingIncomeGrowth,threeYNetIncomeGrowthPerShare,threeYRevenueGrowthPerShare,threeYShareholdersEquityGrowthPerShare,Industry,Sector,Symbol
2023Q1,2023,Q1,2023-03-31,2023-03-31,1816891000.0,1509661000.0,436995000.0,3.86,552558000.0,0.3660146218,29646416000.0,19786041000.0,2307536000.0,996316000.0,9860375000.0,1238640000.0,1429346000.0,23903298960.0,25672181960.0,42.19059935859163,2.316068395970756,0.0847835367350981,0.12703541855594053,0.018161837127659154,42.19059935859163,0.09182690968850211,15.833553996559493,3.2890386599966646,1.2080890239740227,0.08595067067864831,0.7727047406833301,0.006533114958789772,0.05092220928155363,0.9066169769430582,0.0612853506474442,90.3105231620189,0.36601462182569466,7.577777777777777,19.04719075629049,0.2938559883407028,0.9855860629882353,0.23299757666096907,7.8624938417337775,0.5505403890233258,44.15677464708999,0.15095563565533074,1.010695984706497,Gold,Basic Materials,AEM
2022Q4,2022,Q4,2022-12-31,2022-12-31,205009000.0,1384719000.0,281834000.0,0.45,448142000.0,0.3236338925,23494808000.0,16241345000.0,2180059000.0,946422000.0,7253463000.0,1209075000.0,-201580000.0,23684460420.0,24519247420.0,35.6515416258742,2.3034745599743034,0.06356349028261904,0.09195125157430004,0.011583243796246447,35.6515416258742,0.012622661485240293,17.10416367508498,28.88222031715681,1.4582819600223997,0.7004716866088806,0.7746227487955668,0.006063173804826752,0.05893723413274967,0.7524698284697524,0.008725715060110302,-1164.9432108602628,0.3236338925081551,1.647058823529412,1.9735660647686246,0.2471108028015663,0.6713519243730666,-0.1372477297360776,1.5740994186557513,-0.28187291856177876,-0.6753721058832592,-0.03425734767749931,0.6688767693856309,Gold,Basic Materials,AEM
2022Q3,2022,Q3,2022-09-30,2022-09-30,79643000.0,1449697000.0,392457000.0,0.17,519433000.0,0.3583045285,23273755000.0,16126699000.0,2419807000.0,1116337000.0,7147056000.0,1258930000.0,-224005000.0,19221280110.0,19870056110.0,35.431068839982686,2.1676312798017086,0.06318421758757879,0.09118629919241378,0.007792412122437966,35.431068839982686,0.00493858042492143,13.258825885685077,60.33574862197557,1.1918917882698747,2.010484286126841,0.7389322678782776,0.008330402506162739,0.062288917280430255,0.7762279670027957,0.0034220090397961136,137.51193033288263,0.3583045284635341,-0.7166666666666666,-0.4293441918879012,0.2707288555109803,0.666593364688638,-0.17859322864778532,-0.711276260218601,-0.21480647110371293,-0.45605066501513397,0.11148067623195408,0.7659849775081643,Gold,Basic Materials,AEM
2022Q2,2022,Q2,2022-06-30,2022-06-30,275845000.0,1581058000.0,499822000.0,0.6,632370000.0,0.3999663516,23186108000.0,16271012000.0,2544218000.0,984427000.0,6915096000.0,1086348000.0,-123090000.0,20833841600.0,21402672600.0,35.73808054295661,2.5844658872623363,0.06795819289722967,0.09684007362295596,0.017598858944382935,35.73808054295661,0.01695315571029018,13.17715200833872,18.88183726368069,1.2804269089101525,0.543062226975294,0.8732818581154473,0.007190272580357912,0.06818988335601646,1.293529129127909,0.01189699452793026,92.73085681221347,0.39996635164554367,1.1428571428571426,1.2596201444989483,0.4575592153611746,0.7005264100830111,0.5683585273000087,1.5133482761134194,0.9175173884854274,4.1388618768897745,0.5533411970942885,0.8120557190078295,Gold,Basic Materials,AEM
2022Q1,2022,Q1,2022-03-31,2022-03-31,109752000.0,1325688000.0,260661000.0,0.28,403205000.0,0.3041477331,23330519000.0,16262067000.0,2569629000.0,985342000.0,7068452000.0,1133619000.0,-217654000.0,23559517920.0,24208967920.0,42.271195296172685,2.6078549376764615,0.07335649069787088,0.10524154155803195,0.009044536718563393,42.271195296172685,0.006748957558716244,17.771540452957257,53.66534987972884,1.4487406748477913,1.4102886507762957,0.8137504752478566,0.006569828827804809,0.05682205355140192,1.3081305780125074,0.004704224539539819,109.94683579038738,0.3041477331016046,-0.33333333333333326,-0.14777277600480718,0.4281060659561391,1.007033920333516,0.36791412645585037,0.06743955338559396,0.25201615808408545,0.8070764476958668,0.5187592525985318,1.1710813418357076,Gold,Basic Materials,AEM
2021Q4,2021,Q4,2021-12-31,2021-12-31,102818000.0,949101000.0,208193000.0,0.42,294759000.0,0.3105665256,10186776000.0,5980835000.0,1302388000.0,761813000.0,4205941000.0,878944000.0,-165319000.0,12996290380.0,14507160380.0,24.454791529519518,1.7095901487635417,0.16655475687302831,0.2836821279971776,0.014341731445468115,24.454791529519518,0.017191245035183215,13.693263814915378,31.600231428349122,2.1729892866129896,0.6765741407146608,0.7444638111187971,0.005352604317540649,0.09316990969468653,0.4178676394338243,0.01009328172132184,523.5162288016113,0.3105665255857912,-0.10638297872340424,0.5083072548116677,0.7474253248790675,0.2236176133602653,-0.10566893011232273,-0.10188501249104663,-0.18321092855013105,1.2500048381065538,0.6891600902031556,0.25818764387751086,Gold,Basic Materials,AEM
2021Q3,2021,Q3,2021-09-30,2021-09-30,114482000.0,974065000.0,254892000.0,0.47,329586000.0,0.338361403,10051444000.0,5894630000.0,1410768000.0,883897000.0,4156814000.0,878374000.0,-186889000.0,12647874200.0,14097943200.0,24.165054195431512,1.5960773710058977,0.16829233690204115,0.28696983525683545,0.018880848925074644,24.165054195431512,0.019421405584404788,12.984630594467514,27.619787826907288,2.1456604061662907,0.5728935553187401,0.7337182111492371,0.0051855354475299886,0.09690796665633317,0.39943681220775723,0.011389607304184354,272.7657314153853,0.3383614029864537,-0.3896103896103897,1.1313398739704106,0.4662777083229327,0.21574754138655383,-0.09414328865239845,-0.39606775655329945,-0.131140835276312,5.428516020182755,0.7982921114015251,0.1405810069573011,Gold,Basic Materials,AEM
2021Q2,2021,Q2,2021-06-30,2021-06-30,189561000.0,966320000.0,293364000.0,0.77,363839000.0,0.3765202003,9918990000.0,5864472000.0,1270830000.0,701273000.0,4054518000.0,712143000.0,-209245000.0,14709721650.0,16119550650.0,24.10020670921397,1.8121758573337345,0.1701281078012983,0.28774951947933247,0.025678024952728168,24.10020670921397,0.03232362606556907,15.222412503104561,19.39972047256556,2.5082772413270966,0.35364869356038425,0.8460112645915217,0.004557394191072269,0.09742120921585766,0.5328766400531605,0.019110917543015974,72.59937146805518,0.3765202003477109,0.3749999999999999,8.113632621948222,0.6409924418933404,0.2226354036555877,0.06736154096638963,0.3923157152510503,0.08756450560531467,35.47932506412722,0.66209133047286,0.1376819290662585,Gold,Basic Materials,AEM
2021Q1,2021,Q1,2021-03-31,2021-03-31,136148000.0,934392000.0,269744000.0,0.56,340877000.0,0.3648115566,9552816000.0,5689318000.0,1046684000.0,455268000.0,3863498000.0,669551000.0,-315251000.0,14047367520.0,15603622520.0,23.413602093896095,2.2990502297547817,0.1761492108714331,0.29576849105639724,0.021359814011920723,23.413602093896095,0.02393046055783839,15.033698404952098,25.794296500866704,2.469077580124718,0.5359608661162852,0.8864373288965292,0.005194567586852742,0.09781325213423979,0.3394330372439969,0.014252132564889766,112.8293549449402,0.36481155660579284,-0.33333333333333326,3.4294978682058472,0.7221190626125903,0.20878630316113464,-0.09973563348924179,-0.33656568412948246,0.019587091116638065,1.8992599031488022,0.5455634895088636,0.1018976432844903,Gold,Basic Materials,AEM
2020Q4,2020,Q4,2020-12-31,2020-12-31,205217000.0,928448000.0,264562000.0,0.84,378641000.0,0.4078214396,9614755000.0,5683213000.0,1247188000.0,515698000.0,3931542000.0,630474000.0,-366412000.0,17104104270.000002,18387093270.0,23.428490747267876,2.418446455095812,0.17530514298076239,0.2965780096575652,0.024659159506547703,23.428490747267876,0.03610932759338775,18.42225334105949,20.836607432620106,3.0095835348771907,0.3501074472387765,0.8720534074363098,0.0042006292095645645,0.09656491507063883,0.9494936959228075,0.021343965602867675,95.67552116662566,0.4078214396498242,-0.07692307692307698,12.841967369459804,0.7236508297471486,0.23045092312493215,-0.04053102099149596,-0.07831433524661582,-0.2154082035130799,4.590003193559272,0.5703448401605309,0.09833267538658884,Gold,Basic Materials,AEM
2020Q3,2020,Q3,2020-09-30,2020-09-30,222654000.0,980612000.0,337197000.0,0.91,394636000.0,0.4024384772,9201507000.0,5484019000.0,1163118000.0,490216000.0,3717488000.0,651673000.0,-485959000.0,19270316990.0,20636512990.0,22.655712037147968,2.3726642949230543,0.18280483838136513,0.30672395555157633,0.030983489673267632,22.655712037147968,0.04060051578960613,19.651316718539036,21.637065794910487,3.5139041257880397,0.17895029956793948,0.8991871690249558,0.002067635940844998,0.10657080410850092,0.7910472118413108,0.024197558073911152,72.11837019655394,0.4024384771958736,1.116279069767442,153.38276636388923,0.729246726045953,0.18414192811510768,1.6788400445301257,1.1144528541989156,3.0287342588831274,1.9998333176358358,0.6162660356963224,0.06567090944766873,Gold,Basic Materials,AEM
2020Q2,2020,Q2,2020-06-30,2020-06-30,105301000.0,557175000.0,83698000.0,0.43,147316000.0,0.2643980796,9059029000.0,5236742000.0,1349488000.0,412565000.0,3822287000.0,604937000.0,-660018000.0,15449350200.0,17044681200.0,21.713903055935646,3.2709706349302534,0.21248281686701742,0.36757357914520133,0.010309394500869533,21.713903055935646,0.02010811302141675,27.72800323058285,36.679020617088156,2.9501835683331357,0.3900152895034235,0.6775234445900978,0.00265829950569701,0.061504936125052694,1.2738429096021233,0.011623872713068917,-1977.8965817436947,0.2643980795979719,5.788418708240535,8.328623437616885,-0.02432883512335562,0.12451900086951752,-0.09213826594440028,5.882958497565499,-0.1806684026078274,0.6284066819001297,-0.030316320756674783,0.03321345331396356,Gold,Basic Materials,AEM
2020Q1,2020,Q1,2020-03-31,2020-03-31,-21565000.0,671878000.0,102154000.0,-0.0898,162267000.0,0.241512596,9695930000.0,5040598000.0,2063782000.0,747376000.0,4655332000.0,558042000.0,-716902000.0,9558433380.0,11123684380.0,20.983082315524808,2.7613704480743295,0.29089772719068724,0.5595613853753066,-0.011847518256957687,20.983082315524808,-0.004278262222061747,14.226441973096307,-110.8095685137955,1.8962895632621366,-1.7386505912357988,0.9132126255729855,0.003922609334543481,0.069294848457033,1.8807695189569908,-0.0022241290933412267,-1752.8761012286814,0.2415125960367805,-1.065072463768116,-1.6701399273027977,0.24095446897601405,0.0981803343022307,-0.28771218246704505,-1.065014546496028,-0.4161661075263901,-1.2681704136752285,0.15911893032107285,-0.003724459047372049,Gold,Basic Materials,AEM
2019Q4,2019,Q4,2019-12-31,2019-12-31,331695000.0,753099000.0,174971000.0,1.38,227811000.0,0.3024980779,8789885000.0,5111514000.0,1193560000.0,775638000.0,3678371000.0,580068000.0,-647330000.0,14741671140.0,16260710140.0,21.36259685548785,1.5388106307323777,0.20943800743695737,0.3601547408458629,0.016290964511947024,21.36259685548785,0.06489173266472517,19.57467894659268,11.110863247863248,2.8840126702186475,0.10306757714165121,0.9055627960859761,0.0023190722188366495,0.08567791273719735,0.6492667971399029,0.037735988582330716,238.74311529305066,0.3024980779419439,3.3124999999999996,14.834616574250013,0.32882390809351497,0.11526314055152531,0.020110155830198817,3.3264377111403864,0.052723093954562955,3.9734979077902755,0.4172308972517709,0.0688968559775385,Gold,Basic Materials,AEM
2019Q3,2019,Q3,2019-09-30,2019-09-30,76667000.0,682959000.0,166208000.0,0.32,223320000.0,0.3269888822,8306705000.0,4781650000.0,1136805000.0,799478000.0,3525055000.0,577498000.0,-933158000.0,12776924910.0,14322660910.0,20.063063554468364,1.421934061975439,0.21719261728928618,0.37730804220300523,0.01370635316552043,20.063063554468364,0.01603358673261322,18.70818732896118,41.66370442954596,2.672074474292347,0.2866813622549467,0.7959144447253497,0.0017202104696410867,0.08221779875413898,0.5753854389989468,0.009229532046702031,132.30191262658687,0.3269888822022991,1.6666666666666667,5.463269662473242,0.2913114645325194,0.05534343974920242,0.8169244412623768,1.7605862019300014,1.3277453328291529,0.46087216054309293,0.05223118137421068,0.00937577014159597,Gold,Basic Materials,AEM
2019Q2,2019,Q2,2019-06-30,2019-06-30,27772000.0,526611000.0,71403000.0,0.12,122911000.0,0.2333999859,8090680000.0,4645709000.0,987969000.0,763291000.0,3444971000.0,508448000.0,-981795000.0,11829572100.0,13517141100.0,19.722396043386894,1.2943543157196928,0.22325700682760904,0.388810620725491,0.007085839145069067,19.722396043386894,0.00597798958135346,22.463587163959733,106.48829846608095,2.546343755065158,0.8556819818522252,0.7939848322739002,0.0020088638709087375,0.06508859576698127,0.30555974064937225,0.0034325915745030086,-113.06099684602886,0.23339998594788183,-0.25000000000000006,-0.4188288607604259,-0.051621298353246345,-0.1462216365996761,-0.032866989802341685,-0.25005400734499894,0.01027208285580882,0.37932149956224187,-0.07617148871386434,0.0005432707904004824,Gold,Basic Materials,AEM
2019Q1,2019,Q1,2019-03-31,2019-03-31,37032000.0,532223000.0,70677000.0,0.16,127088000.0,0.2387871249,7912944000.0,4567104000.0,956140000.0,323073000.0,3345840000.0,493441000.0,-980412000.0,10060707300.0,11676652300.0,19.4701112674255,2.959516889371752,0.2282314900749961,0.3954328607362565,0.007717690029294511,19.4701112674255,0.0081084205658553,18.90318024587438,67.91901126053143,2.202863630869803,0.68799956794124,0.821040408073103,0.0025324263235448666,0.06725979610117297,1.2094851627960244,0.004679926965235695,-184.04967345370727,0.23878712494574642,1.0952380952380951,-0.7476823430335499,-0.19732239732323253,0.09069060534631723,0.09451056720119883,1.0940719816286302,2.7334002429876922,0.24807276580231,0.016125169507583043,0.00519363601992842,Gold,Basic Materials,AEM
2018Q4,2018,Q4,2018-12-31,2018-12-31,-393656000.0,537821000.0,18931000.0,-1.68,116114000.0,0.2158971107,7852843000.0,4550012000.0,1072452000.0,361449000.0,3302831000.0,494150000.0,-988913000.0,9457478400.0,10878874400.0,19.43652176884697,2.9670907928919434,0.21943925276489037,0.37872911104410273,0.003066544263214396,19.43652176884697,-0.086517574019585,17.584806840937784,-6.006182047269697,2.0785611993990343,-0.052891356920763306,0.8533987655570171,0.002201538202825819,0.06848742550946199,1.398792084083785,-0.05012910610845015,-46.842621310655325,0.21589711074874354,-24.999999999999996,0.3559618698443534,-0.08775052223777283,0.13346398296495576,0.185296339396909,-24.08426669794171,-0.4293594574227581,-22.53873006319538,0.03463005808617737,0.020794997458576405,Gold,Basic Materials,AEM
2018Q3,2018,Q3,2018-09-30,2018-09-30,17053000.0,518683000.0,33175000.0,0.07,97962000.0,0.188866803,8355839000.0,4948855000.0,1357677000.0,461304000.0,3406984000.0,491900000.0,-569795000.0,7967550240.0,9171584240.0,21.186618090280156,2.9431286093335416,0.20635737476511934,0.3484218066603285,0.004590618950109568,21.186618090280156,0.0034458475748430696,15.361116982819949,116.80569753122619,1.6099785182633155,1.2357356476866241,0.8552978247611304,0.0026448531060658865,0.062074317133204694,1.4189688361687738,0.0020408483217544044,-46.04748475689046,0.18886680303769354,2.5,-0.7328853800764236,-0.1349023223689941,0.06012798171022497,-0.14157275802239788,2.429806918744972,-0.5517861003026373,11.253135966470149,-0.05214934126510436,0.10735706538495457,Gold,Basic Materials,AEM
2018Q2,2018,Q2,2018-06-30,2018-06-30,4972000.0,556282000.0,74016000.0,0.02,114118000.0,0.2051441535,8278687000.0,4932158000.0,1485717000.0,369792000.0,3346529000.0,440047000.0,-561025000.0,10670553070.0,11685250070.0,21.183606853098198,4.017709955867082,0.20812080466383134,0.3493332938644707,0.0013680328673503278,21.183606853098198,0.0010080780056113368,19.18191325622616,536.5322340104585,2.1634653776298323,3.9054706355591313,1.0048108497501402,0.0018197744646051416,0.06719447178036807,2.2683184060228454,0.0006005783284233358,-81.99665782962177,0.20514415350487702,-0.8947368421052632,1.1511578402780305,0.22557896014051398,0.069910320821974,-0.2327634312453358,-0.8893389717338082,-0.14311514506008474,-0.5437505042112303,0.009004414109927167,0.0970560360288112,Gold,Basic Materials,AEM
2018Q1,2018,Q1,2018-03-31,2018-03-31,44930000.0,578435000.0,86378000.0,0.19,148739000.0,0.2571403874,7876444000.0,4940049000.0,1218710000.0,335577000.0,2936395000.0,467048000.0,-540263000.0,9780854300.0,10703775300.0,21.248436491892125,3.6316851274074207,0.17459389033934603,0.2783735545942965,0.008857126208535796,21.248436491892125,0.00909505148633141,16.909167495051303,54.42273703538839,1.9799103814557304,0.5040952592922323,0.9200253507134171,0.002315646395018889,0.07343859741781951,1.7738313412420994,0.005704350846651103,452.56590320192487,0.25714038742468903,0.2666666666666667,0.39545156482305766,0.019529308831283072,0.056967350350185325,0.004402817262825231,0.28012992193287367,-0.054883252729938506,0.44264990422905715,0.10389684209855887,0.11206803362731747,Gold,Basic Materials,AEM
2017Q4,2017,Q4,2017-12-31,2017-12-31,35098000.0,565254000.0,91394000.0,0.15,148087000.0,0.2619831085,7865601000.0,4946991000.0,1461534000.0,333821000.0,2918610000.0,500976000.0,-595797000.0,10709880880.0,11454080880.0,21.330960347712104,4.3781966982304885,0.17508871858615763,0.2783870033319244,0.008047660472477593,21.330960347712104,0.007094817839773713,18.94702360354814,76.28554960396603,2.1649283129886427,0.5779531597242008,0.83270855290473,0.0018940453425472649,0.07186405717757613,2.6237504530871334,0.004462214648314858,-82.79960787648727,0.26198310847866624,-0.5,-0.6858078106056584,-0.06800630304470724,0.07484468216926249,-0.2577948406950577,-0.5053484602917342,-0.2622376493380691,2.510342244493161,0.029019973677490676,0.11361151405420651,Gold,Basic Materials,AEM
2017Q3,2017,Q3,2017-09-30,2017-09-30,70955000.0,580008000.0,123880000.0,0.3,199523000.0,0.3440004276,7875200000.0,4919551000.0,1708021000.0,443135000.0,2955649000.0,511327000.0,-604288000.0,10461774840.0,10982200840.0,21.259576325387634,3.8544032856804358,0.17471200731409997,0.27967836902188836,0.0132898513574559,21.259576325387634,0.014423064218665484,18.037294037323623,36.86059770276936,2.126571071221744,0.24752307800718765,0.7441128671085235,0.0016787782444761543,0.073649939049167,2.2489151161609895,0.009009929906542057,-166.3265686258923,0.34400042758030924,0.15384615384615377,-0.5058782579514055,-0.19852029248001893,0.0745077264797833,0.2972718170114823,0.14658069937302048,0.4174561764840496,5.254390352728234,0.12948386557849564,0.11828157977640485,Gold,Basic Materials,AEM
2017Q2,2017,Q2,2017-06-30,2017-06-30,61884000.0,549883000.0,87396000.0,0.26,153802000.0,0.2796994997,7695042000.0,4850426000.0,1686749000.0,347706000.0,2844616000.0,432090000.0,-652094000.0,10413605760.0,10846473760.0,21.015892685378557,4.8510782097519165,0.17892092076950328,0.28385218123109185,0.012093894336767727,21.015892685378557,0.012758466988260412,18.93785725327024,42.069055652511146,2.1469466310794143,0.3032932583543404,0.9166631951676734,0.0018023536162751759,0.07145938904556987,3.1327702139163547,0.008042061368865823,-1251.3345061283346,0.27969949971175684,-0.21212121212121213,0.059491265341278174,-0.11355233733830655,0.09762060510196001,-0.11917347704325615,-0.18520078999341671,-0.267604689555766,0.32170808383773297,0.010700417649691237,-0.0902264398885869,Gold,Basic Materials,AEM
2017Q1,2017,Q1,2017-03-31,2017-03-31,75950000.0,547459000.0,119329000.0,0.33,174611000.0,0.3189480856,7397269000.0,4778502000.0,1493574000.0,420346000.0,2618767000.0,420066000.0,-690859000.0,9628914520.0,10044188520.0,21.06152510324705,3.55320141026678,0.16336583136289892,0.25289536344235075,0.01473506122621924,21.06152510324705,0.01589410237769075,17.58837560438316,31.694912837393023,2.015048757958038,0.2561948650427913,0.8875938542990863,0.0020207885280925726,0.07400825899396114,2.2371855566604655,0.01026730270320033,102.46578257353254,0.31894808561006394,0.17857142857142852,-0.2719308539244752,-0.12837226132048912,0.10647476882788386,0.8836341276604925,0.21221310690458708,7.920460491889063,-0.46498154200663155,-0.14637010164734524,0.17983956274609808,Gold,Basic Materials,AEM
2016Q4,2016,Q4,2016-12-31,2016-12-31,62654000.0,499210000.0,13377000.0,0.28,92699000.0,0.1856913924,7107951000.0,4492474000.0,1230179000.0,423622000.0,2615477000.0,443714000.0,-744453000.0,9440970000.0,10115536000.0,19.98564850857486,2.903954468842506,0.17087062080197232,0.27034992300456273,0.0012698216496988652,19.98564850857486,0.013946435750101169,18.911820676669137,37.67105851182686,2.1015079886939803,0.3236984071248444,0.9161554514845148,0.0021481902812952483,0.07023261696654914,1.714436455141612,0.008814635891552994,-205.39028847408954,0.185691392399992,0.2727272727272728,1.0791732229709612,-0.16707356848737262,0.06597504887941684,-0.4611149866294617,0.26850502105604146,-0.8776971181977765,1.1067505628911893,-0.11816809095904149,0.1654869646983516,Gold,Basic Materials,AEM
2016Q3,2016,Q3,2016-09-30,2016-09-30,49392000.0,610863000.0,109376000.0,0.22,172020000.0,0.281601603,7172879000.0,4458464000.0,1354347000.0,482537000.0,2714415000.0,441487000.0,-785342000.0,12152899080.0,12744092080.0,19.87670414523018,2.806721557103393,0.16865668583005514,0.2713387390814415,0.010825537524541818,19.87670414523018,0.011078254753206486,19.894639354487012,61.51248724489796,2.7258040168093762,0.4230644638807904,0.9940111486861448,0.0017194251233755824,0.08516287532523552,1.5398839881708553,0.006885937989473962,77.24463916608403,0.28160160297808184,1.7500000000000002,1.4566137045765242,-0.11458024093395244,-0.09639889712846017,0.3488167861119388,1.6009478672985782,0.8745137020343108,-0.19433280708772668,0.0609847782893463,-0.005416996769233168,Gold,Basic Materials,AEM
2016Q2,2016,Q2,2016-06-30,2016-06-30,18990000.0,537628000.0,58349000.0,0.08,127534000.0,0.2372160676,7024195000.0,4379247000.0,1196760000.0,415403000.0,2644948000.0,438726000.0,-812421000.0,11885827500.0,12628227500.0,19.711687259469315,2.88096137967227,0.17230472673381078,0.2763721708321088,0.0052224078424192655,19.711687259469315,0.00433636193619588,22.1079026761999,156.47482227488152,2.7141258531432455,0.8084254870984728,0.9347383104716839,0.001291622312371604,0.07653944686900065,1.380736297041668,0.002703512644509442,111.92665712429256,0.23721606761552597,-0.38461538461538464,-0.7900749207541355,-0.05683635892482117,-0.12938052895417415,0.26362618526261555,-0.316611486972794,0.3883363471971067,1.605042601587218,0.2413367133545224,-0.004431219575963604,Gold,Basic Materials,AEM
2016Q1,2016,Q1,2016-03-31,2016-03-31,27788000.0,490531000.0,42028000.0,0.13,100927000.0,0.205750503,6716564000.0,4255114000.0,872316000.0,261944000.0,2461450000.0,435447000.0,-813517000.0,7943664959.999999,8869654960.0,19.36951306667395,3.330162172067312,0.1620971675398314,0.25586529526588475,0.008022783471741422,19.36951306667395,0.006530494835156003,16.194012121558064,71.4666848999568,1.8668512664995578,0.5342593925435439,0.8947219753494685,0.001868910644489216,0.07303302700607037,0.9346425190116971,0.004137234454998121,176.48666874027992,0.20575050302631231,2.820728291316527,-0.5281318718240616,-0.08501525558184046,-0.12584986411810134,0.05149816636106018,2.7885048593679604,-0.07498624408495654,-0.08662857753750985,-0.08499516065787871,-0.0364965012146836,Gold,Basic Materials,AEM
2015Q4,2015,Q4,2015-12-31,2015-12-31,-15537000.0,482932000.0,45435000.0,-0.0714,95984000.0,0.1987526194,6683180000.0,4141020000.0,829425000.0,311522000.0,2542160000.0,461976000.0,-823734000.0,5715479520.0,6743103520.0,19.04057309963032,2.662492536642677,0.17233921576255615,0.2781377535003453,-0.006986698610654957,19.04057309963032,-0.0037519741512960576,11.834957136822576,-91.96562270708633,1.3802105568193344,-0.9615755937439661,0.8375932948897779,0.002613953903206358,0.07226080997369516,0.8782333189951271,-0.002324791491475615,733.7886147130569,0.19875261941639816,-8.14,-1.1371350919894634,-0.14591916776265004,-0.12287498408329722,-0.0026911048076223723,-13.006955177743432,0.5500477620087336,-1.148314489249084,-0.1509002474181052,-0.040565525040327344,Gold,Basic Materials,AEM
2015Q3,2015,Q3,2015-09-30,2015-09-30,1294000.0,508795000.0,29312000.0,0.01,96243000.0,0.1891586985,6805608000.0,4155256000.0,986928000.0,333769000.0,2650352000.0,490833000.0,-791153000.0,5499048240.0,6528815240.0,19.132598465802875,2.9569193064664483,0.1809876501849651,0.2964272237378395,-0.0005011307442999126,19.132598465802875,0.00031141282269973256,10.807984040723671,1062.4127202472953,1.3233957763372461,11.880989180834622,0.8405139833711263,0.0027957565253146424,0.07476113816722914,0.9121278489014858,0.0001901373102888089,258.3532177589852,0.18915869849349934,-0.7999999999999999,-0.9917853838236885,-0.015471397109888907,-0.11361216177539185,0.08281766836929862,-0.8716651790141823,-0.09745358253533269,-0.9903986507064408,-0.25088513394129525,-0.0329946107820381,Gold,Basic Materials,AEM
2015Q2,2015,Q2,2015-06-30,2015-06-30,10083000.0,510109000.0,32477000.0,0.05,88882000.0,0.1742411916,6749815000.0,4159769000.0,890304000.0,316486000.0,2590046000.0,439875000.0,-775073000.0,6111635620.0,7164881620.0,19.309503031203292,2.8130912583810974,0.17949780845845403,0.29126064452136646,0.0029075057724673625,19.309503031203292,0.0024239326751076804,11.981038601553786,151.5331652286026,1.469224762240403,1.4304274521471785,0.9576061381074169,0.0023599247233918046,0.07557377498494403,0.8943902731874396,0.0014938187194760153,79.53923345219813,0.17424119158846443,-0.6153846153846154,-0.9268269474939561,0.06926469704406357,0.027157707049394863,-0.11488861669604358,-0.6492015447239328,-0.38661302812246207,-0.81505495774012,-0.11899227738772605,0.008499078227269419,Gold,Basic Materials,AEM
2015Q1,2015,Q1,2015-03-31,2015-03-31,28743000.0,483596000.0,52947000.0,0.13,100419000.0,0.2076506009,6767125000.0,4099742000.0,868965000.0,318750000.0,2667383000.0,442278000.0,-768011000.0,5994974040.0,7146521040.0,19.107137197878508,2.726164705882353,0.19056142748951735,0.3145449152653996,0.004963188935800785,19.107137197878508,0.007010928980409011,12.396657623305403,52.142904707233065,1.462280806938583,0.5140382006053648,0.8663713772785443,0.002464564467071487,0.07146254871899071,0.8442447058823529,0.004247446293662375,98.97923061682737,0.2076506009148132,2.302605210420842,-0.06008107399462036,0.47576377625141236,0.0673060927271468,0.30961944755992593,2.350514495136964,0.2454015147951263,-0.7086480059872285,-0.18585231178542266,0.003800299852259668,Gold,Basic Materials,AEM
2014Q4,2014,Q4,2014-12-31,2014-12-31,-21283000.0,503090000.0,42514000.0,-0.0998,76678000.0,0.152414081,6840538000.0,4068490000.0,908060000.0,328666000.0,2772048000.0,446660000.0,-779382000.0,5286660890.0,6527045890.0,19.154759158384376,2.7628656447579,0.20728223423362316,0.3485130847071026,-0.07151677624501061,19.154759158384376,-0.00523117913525657,10.508379991651593,-62.099573485880754,1.2994159725106857,-0.6862754310952404,0.9546679801191063,0.002762802514462016,0.07354538488054595,1.1277436668228535,-0.0031113049879994818,172.74975950070254,0.1524140809795464,-0.3899721448467966,-1.3275377189155444,0.5743616953588704,0.09071882407140912,0.0062861717345371985,-0.41415282392026576,0.3814459788789602,0.9715374938881937,-0.11165876329620988,0.021657882223419862,Gold,Basic Materials,AEM
2014Q3,2014,Q3,2014-09-30,2014-09-30,-15050000.0,463388000.0,30775000.0,-0.0718,76199000.0,0.164438872,6674869000.0,3969768000.0,912990000.0,341579000.0,2705101000.0,452335000.0,-740445000.0,6061899450.0,7303866450.0,19.0109331226205,2.6728516682817154,0.20986029838188586,0.352864449509392,-0.01360008358175594,19.0109331226205,-0.0037911535384435565,13.081692771500341,-100.69600415282392,1.527016049804422,-0.9665116279069768,0.8559784230713962,0.002399577907878363,0.06942278567564397,0.859645938421273,-0.0022547258979914065,-111.847290490424,0.16443887196043055,-1.3590000000000002,0.3365987747914703,1.3219329535480802,0.10501232750542973,-0.37138873764622415,-1.3994585412464169,-0.6224158027114901,0.8505458330813344,-0.27851157162039286,-0.13575711492696063,Gold,Basic Materials,AEM
2014Q2,2014,Q2,2014-06-30,2014-06-30,37676000.0,437794000.0,81505000.0,0.2,121218000.0,0.2768836485,6708478000.0,4290111000.0,904165000.0,318306000.0,2418367000.0,362745000.0,-394821000.0,7112999399.999999,8201940399.999999,23.100135689593902,2.840552801392371,0.19821396149767503,0.30994862370693904,0.009923378196231297,23.100135689593902,0.00878205715423214,16.24736611282932,47.19847781080794,1.657998918909091,0.34345471918462683,0.8727232628981791,0.0018192044273193668,0.06525981004931372,1.176013018918902,0.005616177022567563,73.94200858654635,0.2768836484739398,-0.6774193548387096,24.760104357815045,1.6513046510552813,0.34947728332936945,-0.3756123190085454,-0.6538786609341124,-0.48381560364536824,-0.5017746829617321,-0.08125154970188461,0.020279372862903954,Gold,Basic Materials,AEM
2014Q1,2014,Q1,2014-03-31,2014-03-31,108852000.0,491767000.0,157899000.0,0.62,194139000.0,0.3947784215,4995126000.0,3105605000.0,835212000.0,199519000.0,1889521000.0,334756000.0,-418532000.0,5262653000.0,6010882000.0,17.851177200928884,4.186127636966906,0.18618229049677626,0.29945984759813304,0.02760442639371325,17.851177200928884,0.035050175408656285,10.701517181917453,12.086716367177452,1.6945661151369862,0.10999338551427626,0.889089366583422,0.002275088249215747,0.09844936844435956,1.8254953162355465,0.021791642493102278,35.334996239995704,0.3947784214882251,1.2375478927203065,0.7868017642370719,2.968901983832924,0.05783582328459692,0.6174610712589668,1.2401238870898006,0.7711013650690386,1.334064793193644,0.15829696184154546,-0.19437267616746584,Gold,Basic Materials,AEM
2013Q4,2013,Q4,2013-12-31,2013-12-31,-453316000.0,437240000.0,89153000.0,-2.61,120027000.0,0.2745105663,4959359000.0,2977149000.0,804831000.0,210654000.0,1982210000.0,351644000.0,-513441000.0,4579990080.0,5464767080.0,17.147895355266797,3.8206300378820246,0.20645369693946333,0.34391224624632494,0.021156042244511765,17.147895355266797,-0.15226513688095558,10.474773762693257,-2.5258263992446772,1.5383812096740872,-0.07058872839255619,0.9020856320596967,0.006986696355464595,0.08816461966153287,1.7805643377291673,-0.09140616761158045,1607.5781256581256,0.2745105662793889,-10.666666666666666,-19.523797983519806,4.1675296964533945,0.05692489375925332,-0.12216688241876385,-10.581619496523007,-0.08200418052452196,-6.012103727074874,-0.031342058714402855,-0.21006327342540082,Gold,Basic Materials,AEM
2013Q3,2013,Q3,2013-09-30,2013-09-30,47311000.0,444320000.0,97117000.0,0.27,136731000.0,0.3077309147,5440070000.0,3459437000.0,852951000.0,276145000.0,1980633000.0,397833000.0,-22345000.0,4582009940.0,5430785940.0,19.984962623193262,3.088779445581126,0.17663136687579387,0.27775820169582505,0.013160074362652827,19.984962623193262,0.013675924724167544,10.312409839755132,24.212180782481873,1.3244958471566326,0.6894379742554586,0.7731611002606621,0.0071187100043698295,0.08167541961776227,0.9975049340020641,0.008696763093121963,-74.74121099420928,0.3077309146561037,2.9285714285714284,1.8003176898490763,2.9384976757069423,0.3285732122261571,2.3890444912628577,2.940566037735849,61.850250626566414,-0.6231774623586417,0.07870603392230402,-0.07412326411207595,Gold,Basic Materials,AEM
2013Q2,2013,Q2,2013-06-30,2013-06-30,-24380000.0,336424000.0,-1596000.0,-0.14,40345000.0,0.1199230733,5250800000.0,3416826000.0,730878000.0,249316000.0,1833974000.0,321528000.0,-31468000.0,4906221960.0,5659801960.0,19.799422849593213,2.931532673394407,0.16396720499733375,0.25197624930271545,-0.00038673052886675394,19.799422849593213,-0.007135277008545358,14.583448148764655,-50.309905250205084,1.435900440935535,-1.3026661197703036,0.9208498171232365,0.006473208969942322,0.06407099870495925,1.0543527090118565,-0.004643102003504228,-50.85485317439751,0.1199230732646898,-2.0,-3.43248496150341,2.182320721932646,0.3313656414690155,-0.6646245157857986,-2.0218366234963745,-1.0215108834827145,-1.2208629618536564,-0.11968723822928727,0.053218704915692035,Gold,Basic Materials,AEM
2013Q1,2013,Q1,2013-03-31,2013-03-31,23859000.0,420422000.0,74195000.0,0.14,120298000.0,0.2861363107,5250820000.0,3463381000.0,841719000.0,238897000.0,1787439000.0,321116000.0,31000000.0,6984231200.0,7563293200.0,20.10320989087532,3.523355253519299,0.15451815145063058,0.23426443697646895,0.008496877516073273,20.10320989087532,0.006888933097455925,16.61243036758305,73.18235466700196,2.016593380861072,1.252776729955153,0.934627984902652,0.004279640685434354,0.08006787511283951,1.6424777205239078,0.004543861720645537,452.40518201839615,0.28613631065928996,-0.7083333333333333,-0.3131472022289296,1.8294578752118558,0.35595841402373446,2.855276753905708,-0.7117433852845234,-0.11598951507208388,-0.028290208871079085,0.5978853753158445,0.1229457441843349,Gold,Basic Materials,AEM
2012Q4,2012,Q4,2012-12-31,2012-12-31,82770000.0,449383000.0,83930000.0,0.48,-64841000.0,-0.1442889473,5255842000.0,3410212000.0,903269000.0,276668000.0,1845630000.0,344667000.0,7046000.0,9014569020.0,9571564020.0,19.845621140964983,3.2648119768097503,0.16268810972628173,0.25073602462251615,0.0165041912630313,19.845621140964983,0.024271218328948463,20.059879924251696,27.227766763320044,2.643404286888909,0.354367524465386,1.4919443985063845,0.0032537329222201684,0.08550161896038731,1.7607276591438115,0.015748190299480082,-196.4857346498398,-0.1442889472899509,-0.22580645161290325,0.059805603065064765,2.2581852197359176,0.3819318123953617,-1.205565136893364,-0.22154505953388634,-0.5400364989505182,0.5744950709840346,0.7382624320416915,0.13005819466882673,Gold,Basic Materials,AEM
2012Q3,2012,Q3,2012-09-30,2012-09-30,106326000.0,535836000.0,182471000.0,0.62,315428000.0,0.5886651886,5218625000.0,3390052000.0,953982000.0,295961000.0,1828573000.0,361141000.0,-3450000.0,9033097520.0,9570880520.0,19.785410380469358,3.223336858572582,0.15563965603966562,0.2395907201423459,0.030217126121509397,19.785410380469358,0.03136412066835553,16.85795191065923,21.239154863344808,2.6645896641113467,0.2632658051652465,0.6103101004870674,0.003098826281685045,0.10267762102086278,1.5310260473508335,0.02037433231933699,104.88966000928936,0.5886651886024828,1.48,6.342855464942144,2.7454113842292425,0.4156329267948568,0.3161753353779391,1.4571547420965059,0.7708238308279068,6.7118874405605355,2.2721799234351767,0.15002889306671152,Gold,Basic Materials,AEM
2012Q2,2012,Q2,2012-06-30,2012-06-30,43272000.0,459561000.0,103043000.0,0.25,239655000.0,0.5214868102,5067550000.0,3273811000.0,808892000.0,317849000.0,1793739000.0,266848000.0,-75505000.0,6918053100.0,7509759100.0,19.146773108752228,2.544893959081199,0.16618997345857467,0.2572463712779999,0.013995433666127025,19.146773108752228,0.01321762313096266,15.053612251692376,39.968415488075436,2.1131498122524484,0.6998289887224995,0.8240871207578846,0.004377387620803316,0.09068701838166372,1.277005748012421,0.008539037601997021,77.11230242771474,0.5214868102384667,-0.4565217391304348,-0.10448899715349828,1.8688129294752178,0.40729083713296377,-0.07074087142641111,-0.44910118653562153,-0.24554287262317048,31.135553433997018,2.0229361878985754,0.11852742799958049,Gold,Basic Materials,AEM
2012Q1,2012,Q1,2012-03-31,2012-03-31,78548000.0,472934000.0,136579000.0,0.46,257899000.0,0.5453171056,4998423000.0,3251848000.0,767702000.0,263912000.0,1746575000.0,250887000.0,-84579000.0,5702539060.0,6388472060.0,19.0347992530892,2.9089317651338327,0.16833489282519706,0.25874794885861824,0.024310415083389356,19.0347992530892,0.024154880547922288,12.057790431645854,18.149854420227122,1.7536302619310622,0.38848856750012734,0.85709901270293,0.005351125117940007,0.09461664208891485,1.4578268513747006,0.01571455637107944,47.323190154520255,0.5453171055580694,1.1306818181818181,1.235249382582047,2.329779284833574,0.79122996739849,0.1314535659132388,1.1306020650782302,0.6046596329628499,0.3130235360128592,2.8869499520100446,0.12797561260558696,Gold,Basic Materials,AEM
2011Q4,2011,Q4,2011-12-31,2011-12-31,-601430000.0,455503000.0,85114000.0,-3.52,227936000.0,0.5004050467,5034262000.0,3202972000.0,821580000.0,254444000.0,1819099000.0,268072000.0,-129021000.0,6204799840.0,6956515840.0,18.748701979079474,3.228922670607285,0.18496514484148818,0.29071843275557824,0.01452558014811878,18.748701979079474,-0.1877724813079852,13.621863829656446,-2.5791862062085364,1.9372007747804227,-0.04264835475450177,0.8489025336476768,0.004133896444917392,0.09048059079960478,1.6023093490119633,-0.11946736184966138,253.7646656578463,0.5004050467285616,-6.333333333333334,-11.191605736361764,0.7528674488648386,0.8137694939602527,-0.1955588024577638,-6.369201362511334,-0.5429458230186389,-25.975942464142072,4.4709424564350115,0.15559195089654002,Gold,Basic Materials,AEM
2011Q3,2011,Q3,2011-09-30,2011-09-30,-81614000.0,520537000.0,186223000.0,-0.48,283347000.0,0.5443359454,5544051000.0,3722764000.0,797534000.0,355495000.0,1821287000.0,336342000.0,472740000.0,10073045760.0,10623282760.0,21.997211028256064,2.243446461975555,0.1191659311936344,0.17746545308808187,0.031277853210858846,21.997211028256064,-0.0219229583180669,19.351257950923756,-30.85575317960154,2.7057975633158593,-0.28881074325483375,0.7052048212830988,0.002340007239280128,0.09389109155020399,0.9567391946440879,-0.014721004550643563,300.08775761909016,0.5443359453794832,-2.1999999999999997,-2.284326682285892,2.403367075556527,1.1691867887671217,0.2824787156519732,-2.1858191064293497,0.5481041806951475,-5.940990753958373,3.719440740356607,0.46234475724814533,Gold,Basic Materials,AEM
2011Q2,2011,Q2,2011-06-30,2011-06-30,68825000.0,433691000.0,120291000.0,0.4,220937000.0,0.5094341363,5641656000.0,3826984000.0,727946000.0,293807000.0,1814672000.0,319887000.0,554354000.0,10670800770.0,11149095770.0,22.640990599246283,2.4776332762663924,0.10834496112488957,0.15971976888327727,0.01776030089187392,22.640990599246283,0.017984135810340467,24.604616581852056,38.76062756992372,2.7883055612461405,0.3387286596440247,0.6650911102983241,0.002184747002824981,0.07687299615573867,0.6815392417471333,0.012199432223446448,220.3845756830996,0.5094341362859732,0.5384615384615385,0.25620299830729804,1.2527338142909032,1.2237244141439434,0.03482887667973452,0.5205240367621068,0.20665061691242853,6.0108680426224055,3.1883840446824263,0.5224401843248065,Gold,Basic Materials,AEM
2011Q1,2011,Q1,2011-03-31,2011-03-31,45264000.0,412068000.0,99690000.0,0.26,213501000.0,0.5181207956,5523201000.0,3741463000.0,666581000.0,271412000.0,1781738000.0,283597000.0,485529000.0,11203396549.999998,11705963549.999998,22.158107940042523,2.4559746805594447,0.11062425575314025,0.1633051028434599,0.013367356776486566,22.158107940042523,0.012097941366786201,27.188222696254012,61.87807391083421,2.9943892402517407,0.5704312477907387,0.7001731330021121,0.00230465822438464,0.07460673620243044,1.0550675725465344,0.008195247647152439,151.00138218723885,0.5181207955968432,-0.49019607843137253,-0.2350309604459732,1.8592286408966858,1.654931279173856,-0.12141675514184835,-0.48542000613894476,-0.5077207207652081,0.32950644356423336,1.8295200158554044,0.4945609712697756,Gold,Basic Materials,AEM
2010Q4,2010,Q4,2010-12-31,2010-12-31,87963000.0,439004000.0,202507000.0,0.51,243006000.0,0.5535393755,5500351000.0,3665450000.0,674222000.0,303311000.0,1834901000.0,267743000.0,440265000.0,12951025100.0,13505465100.0,21.707935304673295,2.2228735522285707,0.11817427651435336,0.17733156911156883,0.03386098519385802,21.707935304673295,0.023997872021170662,29.500927326402493,36.80816110182691,3.5332701578250965,0.0,0.732037812379782,0.0,0.07981381551831875,1.0358773667951378,0.01599225213081856,-743.1586102025592,0.5535393754954396,-0.2816901408450704,3.7273408096126435,2.6481149544364606,2.5168891885548543,0.2041684010227746,-0.27579222960456445,0.67116697062974,0.14620207301854862,2.239183177424282,0.5116123685856953,Gold,Basic Materials,AEM
2010Q3,2010,Q3,2010-09-30,2010-09-30,121461000.0,398478000.0,121177000.0,0.71,201804000.0,0.5064369928,5511972000.0,3614630000.0,613677000.0,232978000.0,1897342000.0,230642000.0,460311000.0,11894754830.0,12478049830.0,21.584906336400714,2.634055576062976,0.13143880266445476,0.2004318560959213,0.020703822157883682,21.584906336400714,0.033602609395705786,29.85046810614388,24.482662809461473,3.290725421412427,0.0,0.8527241352398955,0.0,0.07229318291166936,1.2576294757444908,0.022035852141484027,-690.3914812235184,0.506436992757442,0.12698412698412692,29.549021113549777,2.5175654391367304,2.659125865433736,0.11566039926361239,0.21025308888003189,0.20303595893810933,7.58242413496257,1.8498342650434931,0.5443856631730336,Gold,Basic Materials,AEM
2010Q2,2010,Q2,2010-06-30,2010-06-30,100360000.0,347456000.0,100726000.0,0.63,180883000.0,0.5205925355,4494772000.0,2949539000.0,652012000.0,192810000.0,1545233000.0,196872000.0,338850000.0,9536321220.0,10131639220.0,18.798966213933806,3.3816295835278254,0.16533096673201667,0.2519461515850443,0.02516413977993528,18.798966213933806,0.03402565621271663,27.44612618576165,23.755284027500995,3.23315651022075,0.0,0.8460979722865618,0.0,0.077302252483552,1.9034697370468336,0.022328162585332472,214.02520860919722,0.520592535457727,3.4999999999999996,3.3106439165876678,2.5316648596740166,2.2658874279973498,0.4939377921670328,3.493999641769658,1.200314561579798,1.2634059205327535,1.363723737054655,0.38172697562013824,Gold,Basic Materials,AEM
2010Q1,2010,Q1,2010-03-31,2010-03-31,22332000.0,239305000.0,45778000.0,0.14,121078000.0,0.5059568333,4309745000.0,2805133000.0,589224000.0,147052000.0,1504612000.0,205271000.0,238490000.0,8723043640.0,9357080640.0,17.902209429964515,4.006909120583195,0.17347940539405463,0.2665299648893653,0.006946964940919686,17.902209429964515,0.007961119847080334,36.451572846367604,97.65184085617051,3.1096720333759578,1.2014150098513343,0.5759556878467976,0.003075761294712495,0.05552648706594009,2.157780921034736,0.005181745091646954,-229.11965854171044,0.505956833329851,-0.5333333333333333,0.174804376200014,1.1075720079528282,2.193172702428681,-0.05998260923573802,-0.5341288384512684,-0.4522917888036755,-0.30712708648302284,0.8369688636063977,0.684649971204296,Gold,Basic Materials,AEM
2009Q4,2009,Q4,2009-12-31,2009-12-31,47936000.0,235739000.0,83581000.0,0.3,128804000.0,0.5463839246,4247357000.0,2751761000.0,604040000.0,190460000.0,1495596000.0,173750000.0,216158000.0,8461368000.0,9016088000.0,17.56159216807495,3.17147957576394,0.16833998178161147,0.259833612003368,0.017320098647748645,17.56159216807495,0.017420117517473355,35.89294940591078,44.1284629506008,3.0748920418597403,0.0,0.615453237410072,0.0,0.05550251603526617,1.9381024887115406,0.011286077435920739,-70.33965401145537,0.5463839245945729,3.727272727272727,0.6881046908854928,1.8152826128066464,2.216745766989625,1.125548697976831,3.8254155369562657,5.441695568400771,-0.11436569345128139,-0.010936024489936184,0.6989272204213437,Gold,Basic Materials,AEM
2009Q3,2009,Q3,2009-09-30,2009-09-30,-16966000.0,149250000.0,12975000.0,-0.11,60598000.0,0.4060167504,4113303000.0,2686688000.0,610771000.0,179161000.0,1426615000.0,170400000.0,196143000.0,10595727400.0,11072118400.0,17.204272431546322,3.4090622401080592,0.1665328326165128,0.2549607546540573,0.009878788717305286,17.204272431546322,-0.006314838194833193,70.99314840871021,-156.13178415654838,3.9437878160768944,0.0,0.5202582159624413,0.0,0.03628470842045918,2.0355825207494935,-0.004124665749155849,-56.777323852340864,0.40601675041876045,-12.0,-1.8726677242729997,0.6866888530764221,2.2508439585573763,-0.21824163065213184,-14.82722086389568,-0.6547733077905492,-1.2893391918173138,0.05751975257942462,0.6965460039876407,Gold,Basic Materials,AEM
2009Q2,2009,Q2,2009-06-30,2009-06-30,1227000.0,138528000.0,37584000.0,0.01,77515000.0,0.5595619658,3812633000.0,2667045000.0,477726000.0,138103000.0,1145588000.0,89105000.0,213109000.0,8176646399.999999,8487741399.999999,17.117839607201308,3.4592007414755654,0.12720867704811872,0.18184920014472947,0.0007872135986800098,17.117839607201308,0.00046005972902594445,59.02522522522522,1665.9833740831295,3.065807438569653,0.0,0.6847314965490152,0.0,0.036333945596127404,1.8251305185260276,0.0003218248386351374,-63.56569776029478,0.5595619658119658,-0.9714285714285714,-0.9261114658760076,0.6397198386913683,1.5675439968359586,0.2747919613196066,-0.9774203639977181,0.6690647482014388,-0.9757038198136725,-0.21936707651075013,0.6812584981684022,Gold,Basic Materials,AEM
2009Q1,2009,Q1,2009-03-31,2009-03-31,54341000.0,110524000.0,22518000.0,0.35,60806000.0,0.550161051,3630004000.0,2618759000.0,451270000.0,117928000.0,1011245000.0,68068000.0,211882000.0,8833073280.0,9071262280.0,16.87518687493556,3.8266569432195916,0.11432494289262492,0.15847200906994496,0.013749137851133974,16.87518687493556,0.02075066854185513,79.91995657051862,40.63724112548536,3.3729996842015626,0.49929151101378333,0.730416642181348,0.0030716375988222295,0.03044734936931199,2.7100518960721796,0.014969955955971398,-82.92096879576434,0.5501610509934494,1.4999999999999996,1.0659062177381293,0.2314065078755161,1.5688604366345043,1.2548299773797604,1.4842735667916247,2.721822908701636,-0.0007356502311397971,-0.1655536313440039,1.0219443644466946,Gold,Basic Materials,AEM
2008Q4,2008,Q4,2008-12-31,2008-12-31,21874000.0,75630000.0,-13078000.0,0.14,26967000.0,0.3565648552,3378824000.0,2517756000.0,351294000.0,173059000.0,861068000.0,69896000.0,157541000.0,7965594720.0,8107090720.0,16.224327250231983,2.0299088750079455,0.06211569469140742,0.08335914997323013,-0.009679448942125723,16.224327250231983,0.00868789509388519,105.32321459738199,91.03953003565877,3.1637675453856526,0.0,0.6962200984319561,0.0,0.022383527523185582,1.388717142708556,0.006473850073279934,-28.75780164555271,0.35656485521618403,0.4000000000000001,3.993395963903262,-0.004402414615841653,2.4221150157232545,-0.3544549241154785,0.5581991736714632,-3.405813097866078,0.2791071524366987,-0.31615767515318954,1.628493235173455,Gold,Basic Materials,AEM
2008Q3,2008,Q3,2008-09-30,2008-09-30,14038000.0,93738000.0,5436000.0,0.1,41774000.0,0.4456463761,3221864000.0,2163567000.0,397132000.0,192425000.0,1058297000.0,65401000.0,163533000.0,7920773170.0,8108564170.0,15.042424790205171,2.0638274652461996,0.09311379996176126,0.13865990745837775,0.0014987246669975612,15.042424790205171,0.006488359269669023,84.49906302673409,141.0595022439094,3.6609789158366715,0.0,0.7945444259262091,0.0,0.029094337936051925,0.8991555151357672,0.0043571050795440155,-33.594484468308906,0.4456463760694702,0.6666666666666669,1.6903669644602295,1.1597367087084751,2.188804293674732,0.019002317355775095,0.6818018449742422,-0.6590353133036443,3.110804891957698,-0.03658212436744187,1.5500284676176022,Gold,Basic Materials,AEM
2008Q2,2008,Q2,2008-06-30,2008-06-30,8347000.0,88042000.0,15943000.0,0.06,40995000.0,0.4656300402,2976867000.0,2137334000.0,391167000.0,172418000.0,839533000.0,26319000.0,149495000.0,10688456400.0,10614495400.0,14.871514055107152,2.2687132433968613,0.025194273039406866,0.03509044445089069,0.004504752311525728,14.871514055107152,0.0039053325310877945,121.4017900547466,320.12868096322035,5.000835807599562,0.0,1.787567916714161,0.0,0.02957538915913946,1.79063090860583,0.0028039546274657213,-61.4982445440475,0.4656300402080825,-0.7000000000000001,2.285374165917719,0.594314978555168,2.1365533290117256,-0.4819612055348455,-0.711256399612564,-0.5316942779931852,-0.608605357080781,-0.023049554734976305,1.583583067023185,Gold,Basic Materials,AEM
2008Q1,2008,Q1,2008-03-31,2008-03-31,28908000.0,123655000.0,34044000.0,0.2,79135000.0,0.6399660345,2819484000.0,2125609000.0,521118000.0,130602000.0,693875000.0,22679000.0,141148000.0,9707718120.0,9455519120.0,14.82583070613509,3.990122662746359,0.0,0.0,0.009047443566046887,14.82583070613509,0.013599867143957332,78.50647462698637,83.95356060606059,4.567029082018376,0.8225750657257507,1.9630495171744786,0.002449494279300314,0.04385731573578711,3.1999739667080136,0.010252939899641211,-93.15891714488609,0.6399660345315595,-0.5555555555555556,4.75643424090233,1.3480914447129668,2.1340630347825744,0.06646631537808445,-0.5563672078818943,-0.3997672696498466,0.6620284851706251,0.1902133332452315,1.6444466582107986,Gold,Basic Materials,AEM
2007Q4,2007,Q4,2007-12-31,2007-12-31,65162000.0,115077000.0,56718000.0,0.45,74203000.0,0.6448117348,2735498000.0,2058934000.0,606094000.0,134507000.0,676564000.0,23197000.0,112240000.0,7832412360.0,7527324360.0,14.36078174259967,4.506040577813794,0.00354816563565391,0.004714089912546978,0.038207834331688416,14.36078174259967,0.031648416122129215,68.06236137542689,30.049769651023606,3.8041104571588993,0.0,1.7620381945941286,0.0,0.042068025639207196,3.852542990327641,0.02382089111379354,-50.072639607213866,0.6448117347515142,4.625,45.63318296692055,1.181160608850222,2.0233281737399387,0.12085737591009335,4.690010478519036,-0.28381842288023235,1.507924573541869,0.501971088622952,1.630455339074939,Gold,Basic Materials,AEM
2007Q3,2007,Q3,2007-09-30,2007-09-30,11452000.0,113146000.0,79195000.0,0.08,66202000.0,0.585102434,2531554000.0,1893924000.0,603295000.0,93243000.0,637630000.0,23760000.0,72711000.0,6921799720.0,6562976720.0,13.976370573172261,6.470137168473773,0.0,0.0,0.022907999146848525,13.976370573172261,0.0060467051476194396,61.17582344934863,151.1046044359064,3.654739957886378,0.0,1.9757575757575758,0.0,0.04469428659234605,5.386066514376414,0.004523703622360021,-75.42140800871697,0.5851024340232973,-0.7037037037037037,10.329611071343356,1.5943242642382351,3.4487075377279526,-0.1836488069548061,-0.6971091539051548,0.24227450980392157,-0.32116601806259776,0.47357628733601514,1.6409137626212558,Gold,Basic Materials,AEM
2007Q2,2007,Q2,2007-06-30,2007-06-30,37809000.0,125343000.0,63750000.0,0.27,81095000.0,0.6469846741,2411346000.0,1820241000.0,665444000.0,89729000.0,580910000.0,27294000.0,61259000.0,4883262000.0,4387928000.0,13.605413041528388,7.416153083172665,0.0,0.0,0.027232459934056954,13.605413041528388,0.020771425322251284,38.95919197721452,32.289018487661664,2.6827557449810215,0.0,1.621162160181725,0.0,0.051980512128910576,5.520333448494912,0.015679624574822526,-183.69176948540476,0.6469846740543947,0.35000000000000003,4.807676737503684,1.073907877481487,3.367257071946071,0.2772877618522602,0.5170933311933231,0.4269406392694064,1.6515016889281857,0.7278116629591724,1.0407070857559684,Gold,Basic Materials,AEM
2007Q1,2007,Q1,2007-03-31,2007-03-31,24922000.0,100730000.0,44676000.0,0.2,63490000.0,0.6302988186,1535457000.0,1287516000.0,600018000.0,53663000.0,247941000.0,19757000.0,23450000.0,4291451780.0,3863836780.0,10.626664135557409,11.181223561858264,0.0,0.0,0.020014761821540075,10.626664135557409,0.019356652655190303,42.60351216122307,43.04883015006821,3.3331250097086174,0.5379183051119493,1.8849015538796376,0.003123884570363272,0.06560261863406139,7.968525799899372,0.016230998328185028,-621.2292675159235,0.6302988186240445,-0.3939393939393939,1.4210117939846536,1.232989513459961,1.0654403418294809,-0.5579337283544885,-0.40452069196215235,-0.6692871419053964,0.21354847840379712,0.43745727787204486,0.6176660604441734,Gold,Basic Materials,AEM
