Quarters,Year,Quarter,FillingDate,Date,NetIncome,Revenue,OperatingIncome,EPSDiluted,GrossProfit,GrossProfitRatio,TotalAssets,CommonStockEquity,CurrentAssets,CurrentLiability,TotalLiability,Inventory,RetainedEarnings,MarketCap,EnterpriseValue,bookValuePerShare,currentRatio,debtToAssets,debtToEquity,roic,shareholdersEquityPerShare,roe,priceToSalesRatio,peRatio,pbRatio,payoutRatio,inventoryTurnover,dividendYield,assetTurnover,quickRatio,returnOnAssets,priceToFreeCashFlowsRatio,grossProfitMargin,epsdilutedGrowth,fiveYNetIncomeGrowthPerShare,fiveYRevenueGrowthPerShare,fiveYShareholdersEquityGrowthPerShare,grossProfitGrowth,netIncomeGrowth,operatingIncomeGrowth,threeYNetIncomeGrowthPerShare,threeYRevenueGrowthPerShare,threeYShareholdersEquityGrowthPerShare,Industry,Sector,Symbol
2022Q3,2022,Q3,2022-11-09,2022-09-30,422395000.0,651235000.0,561997000.0,4.35,544147000.0,0.8355616636,70729675.0,3674838.0,3975048.0,1138534.0,67054837.0,0.0,3694020.0,2517107479.61,500934013.61000013,0.037856368912289745,3.491373994979509,12.578490343692375,242.09843644808288,0.5418745658616728,0.037856368912289745,114.94248181824614,3.8651292998840665,1.4897829517454042,684.9573993765167,0.10055043265190165,0.0,0.016873335900054853,9.207380070670478,1775.3418413503682,5.971962970280861,7.815259378562824,0.8355616636083748,0.9954128440366969,20.490697597669858,0.8104879926093449,-0.9992690226358272,0.08932450097792512,0.9978857350972704,-0.11631940349668933,1.5550299723564742,8.132577935463967,-0.9993780366688512,Banks,Financial Services,BPOPM
2022Q2,2022,Q2,2022-08-09,2022-06-30,211421000.0,571761000.0,635973000.0,2.18,499527000.0,0.873663996,71501931.0,4293349.0,10215946.0,888210.0,67208582.0,0.0,3311951.0,2609326997.7599998,2609686617.7599998,0.0442279642295008,11.50172369146936,12.4346041787319,207.08733671546386,0.5460265295154595,0.0442279642295008,49.24384204498632,4.5636673326092545,3.0854633619176903,607.7602817194688,0.2006848893913093,0.0,0.01626051469839677,7.996441382820836,11.50172369146936,2.9568572071151475,8.87085664180373,0.8736639959703443,0.0,1.3146082335307405,0.6084548120723248,-0.9991430708655982,0.37715073402715554,-0.0012518541613521915,0.0961271975180972,0.24024696487310834,6.752222013926873,-0.9992465784170008,Banks,Financial Services,BPOPM
2022Q1,2022,Q1,2022-05-10,2022-03-31,211686000.0,529721000.0,580200000.0,2.18,362725000.0,0.6847472537,69525082.0,4671246.0,10508840.0,987887.0,64853836.0,0.0,3143004.0,2481190404.12,2481739143.12,0.0481208727720944,10.637694392172383,0.014209073496669878,0.21148254662674584,82.78377925834019,0.0481208727720944,45.31681696917696,4.683957034212349,2.930272200476177,531.1624359153852,0.17142843645777237,0.0,0.014625640958365129,7.619135206485625,10.637694392172383,3.0447429030001,12.582994756828578,0.6847472537430082,0.0,1.4150239697066818,0.5512307491262729,-0.9990456605022336,0.0,0.0,0.0,0.2801888159688741,7.365389938862945,-0.9991279802957036,Banks,Financial Services,BPOPM
2021Q4,2021,Q4,2022-03-01,2021-12-31,0.0,0.0,0.0,0.0,0.0,0.0,75097899000.0,5969397000.0,17544242000.0,75000000.0,69128502000.0,0.0,2973745000.0,2533609919.7000003,2597451919.7000003,61.49378422012499,233.92322666666666,0.0009502928970090095,0.011955143878016489,,61.49378422012499,0.0,0.0,0.0,0.4244331411866224,0.0,0.0,0.059889645529161366,0.0,233.92322666666666,0.0,3.2281495162763796,0.0,0.0,-1.0,-1.0,0.22178517438532905,0.0,0.0,0.0,-1.0,1.0,0.1443523387129538,Banks,Financial Services,BPOPM
2019Q4,2019,Q4,2020-03-02,2019-12-31,409395000.0,0.0,15751000.0,4.217385406063304,0.0,0.0,175738000.0,6016779000.0,7401000.0,1101608000.0,46098545000.0,0.0,2147915000.0,2616122120.15,20191994120.15,61.98189021875734,0.0067183607962178924,6.268467832796549,0.1830893240386592,0.0022127203817381663,61.98189021875734,0.06804221993196027,0.0,1.5975537806702573,0.4348044227900011,0.6316662392066342,0.0,0.0988489788027069,0.0,0.0067183607962178924,2.329575845861453,-17.369829431390386,0.0,1.4799456818565726,7.880737775112409,-1.0,0.4938345184180391,-1.0,1.476394122877588,-0.9237937190658428,1.0100123733839195,-1.0,0.2314830760549158,Banks,Financial Services,BPOPM
2019Q3,2019,Q3,2019-11-08,2019-09-30,165319000.0,71309000.0,206689000.0,1.7005958787395796,71309000.0,1.0,52480415000.0,5908448000.0,17145948000.0,252332000.0,46571967000.0,0.0,2071198000.0,2487014794.7400002,4318294794.74,60.86591767775356,67.94995482142573,0.04446115755753837,0.394915889925747,0.020058632908296112,60.86591767775356,0.027980105773969748,34.87659053892216,3.760933097133421,0.420925223466467,0.18287069241889922,0.0,0.012155938944931183,0.001358773553905776,67.94995482142573,0.003150108473799226,12.988989427850694,1.0,-0.03004842441879073,1.7991194306332132,-0.7685528208994118,0.4563073288028341,-0.03676838081344302,-0.03382114011197737,-0.02245123819973893,2.7562032183694902,-0.7855677014951268,0.16794988763840846,Banks,Financial Services,BPOPM
2019Q2,2019,Q2,2019-08-09,2019-06-30,171106000.0,74031000.0,211436000.0,1.753279154910963,74031000.0,1.0,50617221000.0,5719834000.0,17297311000.0,173422000.0,44897387000.0,0.0,1935826000.0,2531416923.18,3511292923.18,58.70281025589616,99.74115740794132,0.027097082236103007,0.23979349750359888,0.024128618654702526,58.70281025589616,0.029914504511844225,34.194012281071444,3.69860922933737,0.44256824991424576,0.1748506773578951,0.0,0.011818677407914539,0.0014625654774686268,99.74115740794132,0.0033803910333204583,17.016899301420416,1.0,0.03112649829017718,1.388685964511387,1.9620757206429222,0.4163073398352789,0.15121215419783227,0.018942980497245795,-0.03076810238920366,1.0368849157251756,-0.7824922527704441,0.13047287892666057,Banks,Financial Services,BPOPM
2019Q1,2019,Q1,2019-05-10,2019-03-31,167925000.0,64307000.0,218148000.0,1.7003531165363954,64307000.0,1.0,48680607000.0,5440060000.0,14082050000.0,168079000.0,43240547000.0,0.0,1794644000.0,2503976272.2,3303948272.2,55.18324016648803,83.78232854788521,0.024168351064316022,0.21627151171126788,0.025379387267459523,55.18324016648803,0.030868225718098698,38.93784925746808,3.7278193720410897,0.4602846792498612,0.1531219294327825,0.0,0.010268867275410917,0.001320998318693931,83.78232854788521,0.0034495255985612506,16.402629897089554,1.0,0.618943703252005,1.0265249370255638,-0.8202025960317992,0.19534888894654678,-0.9481149962805003,0.5781979831395732,1.0502053513528753,1.067938759134466,-0.8089954582613875,0.08456529353376034,Banks,Financial Services,BPOPM
2018Q4,2018,Q4,2019-03-01,2018-12-31,106403000.0,-1239414000.0,106403000.0,1.050285512165038,1239414000.0,1.0,47604577000.0,5435057000.0,13860241000.0,183436000.0,42169520000.0,0.0,1651731000.0,2447642643.6,3330121643.6,53.73675758751599,75.55900150461196,0.026814942605203698,0.23486671804913914,-0.0030488077561405275,53.73675758751599,0.01957716358816476,-1.9748386282549655,5.750877897239739,0.4503435094792934,0.24741783596327172,0.0,0.010755655066247597,-0.026035605777990634,75.55900150461196,0.002235142221723764,13.07194165687552,-1.0,-0.24031929210804417,-0.3373338700697876,-4.343834713375567,0.19287650781183643,1.7452914818071672,-0.24348017746430806,-0.24348017746430806,-0.21177325603181657,-4.579509135615825,0.08379462567912828,Banks,Financial Services,BPOPM
2018Q3,2018,Q3,2018-11-08,2018-09-30,140648000.0,451469000.0,140648000.0,1.3825354537164487,451469000.0,1.0,47919428000.0,5244349000.0,13612009000.0,156683000.0,42675079000.0,0.0,1629692000.0,2491065185.6855,3836003185.6855,51.64317011202523,86.87610653357416,0.03643380300783223,0.3329082408512477,0.018576102052737707,51.64317011202523,0.02681896265866364,5.517688225959036,4.427836132908928,0.4749998876286647,0.18839940845230646,0.0,0.010637216622136762,0.00942141880324615,86.87610653357416,0.0029350934656398654,10.368292359403226,1.0,-0.49630512455139714,-0.3794275520332435,0.28861262651310937,0.20668318340788297,0.09014671508876311,-0.4972961187777671,-0.4972961187777671,0.6645265356416433,0.30461584593588015,0.05260476735690153,Banks,Financial Services,BPOPM
2018Q2,2018,Q2,2018-08-07,2018-06-30,279783000.0,414136000.0,279783000.0,2.744787610723911,414136000.0,1.0,47535177000.0,5289661000.0,11108170000.0,151984000.0,42245516000.0,0.0,1515058000.0,2392180479.0,3554475479.0,51.96390263662878,73.08775923781451,0.0328780305162217,0.2954561738455451,0.04432503615505752,51.96390263662878,0.05289242543142179,5.776316183572546,2.137532014990189,0.45223701084058127,0.09464120407601606,0.0,0.011068980886872292,0.008712200650899017,73.08775923781451,0.005885809576348059,14.728633572840282,1.0,2.0607673536886737,-0.1385047777059489,0.17073487719883812,0.2714303263554399,0.0536551608331828,2.063630589987298,2.063630589987298,-0.5266246446061226,0.15467249880366904,0.08029017832607269,Banks,Financial Services,BPOPM
2018Q1,2018,Q1,2018-05-10,2018-03-31,91324000.0,393047000.0,91324000.0,0.8967645343629399,393047000.0,1.0,45756761000.0,5064909000.0,10858006000.0,144356000.0,40691852000.0,0.0,1261775000.0,2289184680.9300003,3759511680.9300003,49.80423927338272,75.21686663526282,0.03825454341053555,0.3455943630971455,0.010783718555232698,49.80423927338272,0.018030728686339675,5.824200874017612,6.266656850690946,0.4519695577808012,0.28621172966580527,0.0,0.01141803901526251,0.008589921825978897,75.21686663526282,0.001995858054725508,12.930689868839497,1.0,-0.15016912712595767,5.934620161768756,0.14895816397107164,0.2875720420392925,0.015058778562869303,-0.1519023783211523,0.4193969536835561,0.2354094525173614,0.1592632220673457,0.17128267100211766,Banks,Financial Services,BPOPM
2017Q4,2017,Q4,2018-03-01,2017-12-31,107681000.0,387216000.0,64340000.0,1.0552270610388308,387216000.0,1.0,44277337000.0,5103905000.0,10795439000.0,137933000.0,39173432000.0,0.0,1194994000.0,2304441295.4,3534148295.4,50.05475870886878,78.26581746210117,0.03687132313309628,0.3198656714809543,-0.004742759307300127,50.05475870886878,0.021097767297784734,5.951307010557415,5.35015763087267,0.4515055228104755,0.24840036775289978,0.0,0.011607151830421065,0.008745241386129433,78.26581746210117,0.002431966493377865,-74.80980701856902,1.0,4.2182032169848105,0.28866205004553613,0.11005497431571774,0.24746877643151965,0.023917751493372046,4.211043360433604,2.1136275648470773,1.2237585243103954,0.19490168723111523,0.2063769934490594,Banks,Financial Services,BPOPM
2017Q3,2017,Q3,2017-11-09,2017-09-30,20664000.0,378171000.0,20664000.0,0.2022203845193602,378171000.0,1.0,42601267000.0,5285431000.0,9724777000.0,135597000.0,37315836000.0,0.0,1350730000.0,2272822907.89,3528044907.89,51.78870204158324,71.71823122930448,0.041610476045231236,0.33538589378992933,0.0029280037006967413,51.78870204158324,0.003909614939633116,6.01004018787797,27.49737354686895,0.43001656967804514,1.2638888888888888,0.0,0.011490996464940598,0.00887698950362204,71.71823122930448,0.000485055996104529,8.96121069708117,1.0,-0.7848316644566092,-0.5607812547357726,0.10446789189194836,0.30284415818889615,0.009859030813476857,-0.7852555442396026,-0.7852555442396026,-0.6672125691141505,0.1674804857628742,0.23912148555200402,Banks,Financial Services,BPOPM
2017Q2,2017,Q2,2017-08-08,2017-06-30,96226000.0,374479000.0,96226000.0,0.9398240870742827,374479000.0,1.0,41242669000.0,5278045000.0,9951194000.0,135407000.0,35964624000.0,0.0,1356504000.0,2290448824.2175,3446794824.2175,51.6121607422888,73.49098643349309,0.037874221961726094,0.2959493524591018,-0.01790281340565188,51.6121607422888,0.018231371653708903,6.116361195734608,5.9507015365324865,0.4339578052512815,0.2758713861118617,0.0,0.011589868203699802,0.009079892477375798,73.49098643349309,0.0023331661682710206,12.5298075723058,1.0,0.04264804167032587,0.46454352420836936,0.09812401458946898,0.313246832457596,0.034192400952228405,0.03530044650061864,0.03530044650061864,1.2082713527026006,5.636887853270483,0.24523309472598492,Banks,Financial Services,BPOPM
2017Q1,2017,Q1,2017-05-10,2017-03-31,92945000.0,362098000.0,92945000.0,0.9013819136596479,362098000.0,1.0,40259282000.0,5190213000.0,9665770000.0,131435000.0,35069069000.0,0.0,1286706000.0,2326285551.4,3545232551.4,50.42322243260613,73.54030509377259,0.03872826147272075,0.30040616830176337,0.008880660978741028,50.42322243260613,0.017907742899954202,6.424463961137593,6.257156252084566,0.44820618178868576,0.17751358330195277,0.0,0.007092422505943265,0.00899414947340591,73.54030509377259,0.0023086601494780755,13.91402327531551,1.0,-0.5699756188329234,18.09006384640051,9.66461872154323,12.00809490869724,0.01883203669053615,-0.571071248921275,0.5077948834417533,0.07424795455643053,-0.030398672127644057,0.09224001218622627,Banks,Financial Services,BPOPM
2016Q4,2016,Q4,2017-03-01,2016-12-31,216691000.0,355405000.0,61643000.0,2.096118157796815,355405000.0,1.0,38661609000.0,5197957000.0,8710242000.0,128825000.0,33463652000.0,0.0,1220307000.0,2317496924.1600003,3531154924.1600003,50.33109380383671,67.61297884727344,0.04076529768846403,0.30320604806850077,0.00666421235795893,50.33109380383671,0.041687724619499544,6.520721217090363,2.6737346315259978,0.44584765209869953,0.07611760525356383,0.0,0.007117161549622516,0.0091927110431436,67.61297884727344,0.0056048107051105914,18.445534257879658,1.0,3.629458934493482,719.6442224705263,9.198785867300593,12.12356411329909,0.0048574021663222,3.6291604358043155,0.31687673574022646,0.3216550071367372,-0.060950968542634175,0.11727581094358352,Banks,Financial Services,BPOPM
2016Q3,2016,Q3,2016-11-09,2016-09-30,46810000.0,353687000.0,46810000.0,0.45277821608458774,353687000.0,1.0,39054296000.0,5380395000.0,8098892000.0,125486000.0,33673901000.0,0.0,1259295000.0,2358089556.84,3607277556.84,52.11346678651109,64.54020368806081,0.040961767688758234,0.29732631154404093,0.004437024650550821,52.11346678651109,0.008700104732087514,6.667164913723151,12.593941234992522,0.4382744309367621,0.3521683400982696,0.0,0.006990828635911105,0.009056289223597833,64.54020368806081,0.0011985877302717223,38.22730533411147,1.0,-0.47440691897593545,15.820869524025177,8.475239358044456,12.266352083716246,-0.019037528671394615,-0.4739681077011249,-0.4739681077011249,-0.7968522266108886,-0.007048488463577027,0.2176720341520125,Banks,Financial Services,BPOPM
2016Q2,2016,Q2,2016-08-09,2016-06-30,88987000.0,360551000.0,88987000.0,0.8614615230520073,360551000.0,1.0,37606148000.0,5359831000.0,775859000.0,124916000.0,32246317000.0,0.0,1228979000.0,2227428600.2799997,3469268600.2799997,51.92765907982876,6.211045822792917,0.04273631003100876,0.29985049901759964,0.0081155691728079,51.92765907982876,0.016602575715540285,6.177846130727691,6.257735962219201,0.4155781404824144,0.1851955903671323,0.0,0.007398665886721744,0.009587554673241195,6.211045822792917,0.0023662886185524773,13.709024552588334,1.0,0.04663549444435799,6.288423519790681,3.969780742808487,12.379660178523592,0.023095127294189756,0.046918199037635736,0.046918199037635736,-0.7297710680075609,0.005208158869407218,0.27054353466135234,Banks,Financial Services,BPOPM
2016Q1,2016,Q1,2016-05-10,2016-03-31,84999000.0,352412000.0,84999000.0,0.8230769237473103,352412000.0,1.0,36147009000.0,5250300000.0,861477000.0,120151000.0,30896709000.0,0.0,1156476000.0,1898674195.9999998,3078889196.0,50.88051452088097,7.169952809381528,0.04398256021680798,0.30280898234386605,0.007709493580392676,50.88051452088097,0.016189360607965258,5.387654779065412,5.584401569430228,0.36163156314877243,0.19380228002682384,0.0,0.008676054077473754,0.009749409695280735,7.169952809381528,0.002351480865263292,13.626000746365056,1.0,-0.3823640430829169,82.03734298309561,480.5341091920311,12.658248074081147,-0.00024964539007092196,-0.3814925851003449,-0.3814925851003449,5.526425019464268,0.015273682220204293,0.3153966195940446,Banks,Financial Services,BPOPM
2015Q4,2015,Q4,2016-02-29,2015-12-31,137426000.0,352500000.0,137426000.0,1.3326246869688116,352500000.0,1.0,35769534000.0,5105324000.0,826608000.0,116698000.0,30664210000.0,0.0,1087957000.0,1801925755.0,3109760755.0,49.58204840132273,7.083309054139745,0.046729962990292244,0.32740507752299364,0.020070437031575072,49.58204840132273,0.02691817404732785,5.111846113475178,3.277992801580487,0.3529503230353255,0.11980993407361053,0.0,0.00913744639828404,0.009854755166785231,7.083309054139745,0.0038419846341861763,7.908733124122191,1.0,0.6049034072853082,8.921277622319597,874.9053496420206,12.325012337215679,0.005032289335253111,0.6046940681924334,0.6046940681924334,0.6286480021962485,0.0007110152613941073,0.23568785161694136,Banks,Financial Services,BPOPM
2015Q3,2015,Q3,2015-11-09,2015-09-30,85640000.0,350735000.0,85640000.0,0.8303457273001522,350735000.0,1.0,35530794000.0,5049636000.0,799875000.0,111905000.0,30481158000.0,0.0,993309000.0,1953478881.64,3308634881.6400003,49.06226127181774,7.147803940842679,0.04716221652688088,0.3318478797283606,0.009370873638254418,49.06226127181774,0.016959638278877923,5.56967192222048,5.702588981900981,0.38685538554462146,0.010871088276506305,0.0,0.00047658564868558985,0.009871296430921302,7.147803940842679,0.0024103035806067267,3.2406911143220687,1.0,-0.8566919660894863,0.7186623132042497,931.6364675786089,11.194885179888834,-0.03259661346065265,-0.8566579407215977,-0.8566579407215977,0.8049949903348056,0.015726651457009286,0.23425530985890947,Banks,Financial Services,BPOPM
2015Q2,2015,Q2,2015-08-10,2015-06-30,597452000.0,362553000.0,597452000.0,5.794132433766048,362553000.0,1.0,36750113000.0,4949653000.0,1131938000.0,107963000.0,31800460000.0,0.0,924134000.0,1929366318.75,3277346318.75,48.10180049692546,10.484499319211212,0.05184277936778045,0.38492152884252695,0.1649915433282068,48.10180049692546,0.12070583533835605,5.321611788483339,0.8073310988790731,0.38979829873932575,0.00207715431532575,0.0,0.0006432163700276579,0.009865357420805753,10.484499319211212,0.016257147290948466,-9.497296657871809,1.0,6.986334069385202,107.22456541067454,9063.732860047507,12.634226597361204,0.0564052506592462,6.984550824579691,6.984550824579691,8.03692121122825,0.05658161784059544,0.22392738900264952,Banks,Financial Services,BPOPM
2015Q1,2015,Q1,2015-05-11,2015-03-31,74826000.0,343195000.0,74826000.0,0.7255058933706848,343195000.0,1.0,35624840000.0,4377120000.0,1164289000.0,105017000.0,31247720000.0,0.0,327613000.0,2161738488.0,3424475488.0,42.521109981736146,11.08667168172772,0.049361990117008245,0.4017511514420441,0.0067904450727804995,42.521109981736146,0.017094802061629565,6.298863584842437,7.222551278967203,0.4938723379756552,0.0082858899313073,0.0,0.0002868061994740226,0.009633587126286041,11.08667168172772,0.0021003883806916747,-107.76900583279325,1.0,0.5277346193238115,6.591461213261145,26928.517307552393,10.185366155166319,0.049972312389670225,0.5320011465541952,0.5320011465541952,14.367548864378433,9.107200550694381,9.969521731873758,Banks,Financial Services,BPOPM
2014Q4,2014,Q4,2015-03-02,2014-12-31,48842000.0,326861000.0,48842000.0,0.47489,326861000.0,1.0,33096695000.0,4267382000.0,1235807000.0,101835000.0,28829313000.0,0.0,253717000.0,2159824632.0,3511757632.0,41.49180478463957,12.135385672902244,0.052362569736948056,0.40611035056153866,0.005586217899485558,41.49180478463957,0.01144542485298949,6.60777710402893,11.055160681380778,0.5061240432658712,0.019061463494533394,0.0,0.0004310535152744753,0.009875940785024004,12.135385672902244,0.0014757364745936112,48.747903940775515,1.0,-0.21947010288945135,1.5608962359555199,8.47097907588778,0.0,0.001347952490801756,-0.2194396944368977,-0.2194396944368977,162.10624642388532,8.418574208054908,9.818766673141502,Banks,Financial Services,BPOPM
2014Q3,2014,Q3,2014-11-10,2014-09-30,62573000.0,326421000.0,62573000.0,0.60842,326421000.0,1.0,34099095000.0,4298392000.0,1319173000.0,99561000.0,29800703000.0,0.0,229306000.0,2152554263.86,3555413263.86,41.79469297032841,13.2498970480409,0.05058119577660346,0.4012600525964128,0.001946362224153222,41.79469297032841,0.01455730421981057,6.594411094445517,8.600172054480367,0.500781283759136,0.014862640435970785,0.0,0.0004320448574115418,0.00957271739909813,13.2498970480409,0.0018350340382933916,4.453342485698976,1.0,1.1346672716608195,2.103626406625261,8.405164013675726,0.0,3.021102036291068,1.1347385783468238,8.613304655092948,21.572314546658536,7.778665448958796,9.63953611926491,Banks,Financial Services,BPOPM
2014Q2,2014,Q2,2014-08-11,2014-06-30,-464403000.0,-81177000.0,6509000.0,-4.51795,81177000.0,1.0,36587902000.0,4260441000.0,1621361000.0,101310000.0,32327461000.0,0.0,167663000.0,2235694353.75,4264411353.75,41.44779074768015,16.003958148257823,0.06535736867339373,0.5612773419465262,0.0009960220260972709,41.44779074768015,-0.10900350456678076,-27.540982713699695,-1.2035313907048404,0.5247565577718363,-0.002004724345019304,0.0,0.00041642543777882903,-0.002218684197853159,16.003958148257823,-0.012692802118033442,15.369399671052632,-1.0,-6.395778968983556,-5.2546946702372015,-1.7926274991854156,0.0,-0.7823480361533326,-6.3744748810887755,-0.9246721984978417,-39.194535646638485,-2.1235766482816247,9.679421433228672,Banks,Financial Services,BPOPM
2014Q1,2014,Q1,2014-05-12,2014-03-31,86409000.0,372967000.0,86409000.0,0.8373119110272008,372967000.0,1.0,36744162000.0,4745747000.0,1318243000.0,101373000.0,31998415000.0,0.0,679908000.0,2144402826.72,3264093826.7200003,46.1649654563369,13.003886636481115,0.04102986482587356,0.3176755945902721,0.010886922988813486,46.1649654563369,0.018207670994682186,5.7495779163303995,6.204223017046836,0.45185780588809304,0.010774340635813399,0.0,0.00043415350343667635,0.010150374364232337,13.003886636481115,0.0023516388807560775,14.408501210919916,1.0,-0.4706859395726452,4.691997185449004,0.0,0.0,-0.008967906850683686,-0.46998423612687157,-0.46998423612687157,83.73428422860786,510.54910931862906,11.392416949228577,Banks,Financial Services,BPOPM
2013Q4,2013,Q4,2014-02-28,2013-12-31,163031000.0,376342000.0,163031000.0,1.58188110542761,376342000.0,1.0,35749333000.0,4626150000.0,880967000.0,101944000.0,31123183000.0,0.0,594430000.0,1844368313.2315001,3407111313.2315,45.04804750165504,8.641675822019932,0.05555219729554115,0.42928871739999785,0.022963691361956716,45.04804750165504,0.03524118327334825,4.900777253751907,2.82824786885853,0.39868320595560025,0.0057105703823199265,0.0,0.0005047798714177667,0.010527245361472898,8.641675822019932,0.004560392777118387,10.669846424414839,1.0,-0.2888167831959985,28.459591372430875,15.118672411203248,1.7220543956587184,0.06249470647024613,-0.2884936827634364,-0.2884936827634364,10.801140880806672,936.639407963835,11.106514516472007,Banks,Financial Services,BPOPM
2013Q3,2013,Q3,2013-11-12,2013-09-30,229135000.0,354206000.0,229135000.0,2.2242947640643895,354206000.0,1.0,36052116000.0,4393885000.0,823443000.0,101371000.0,31658231000.0,0.0,445330000.0,1858264917.0000002,3860570917.0,42.79762146529294,8.123062808890117,0.06576301929129486,0.5395899073371287,0.030105753256027518,42.79762146529294,0.05214861108108201,5.246283001981898,2.0274782519038994,0.4229206993355538,0.005416021122918804,0.0,0.0006678272772880423,0.009824832473078695,8.123062808890117,0.006355660233646203,8.816093087137837,1.0,-0.30066952158768584,9.583986600549657,9.083687208850494,0.0,-0.0069501100410726555,-0.30028277572159723,-0.30028277572159723,3.609871152850426,943.2188358755304,9.637750201729673,Banks,Financial Services,BPOPM
2013Q2,2013,Q2,2013-08-09,2013-06-30,327468000.0,356685000.0,327468000.0,3.180606069270987,356685000.0,1.0,36684594000.0,4195036000.0,862423000.0,107995000.0,32489558000.0,0.0,217126000.0,2301241016.1800003,4935166016.18,40.87042880720292,7.985767859623131,0.08237697819417056,0.7203671196147066,0.044139005679244454,40.87042880720292,0.07806083189750934,6.451745983655047,1.7568441925470581,0.5485628767381258,0.0028430258834451,0.0,0.0004045643170159706,0.009723018878169948,7.985767859623131,0.008926581005639589,13.208822271725406,1.0,18.53703483688114,38.951008597213644,37.00923041015376,0.0,0.03283074704572502,18.52759192849114,375.4,59.36839265218229,8939.365531385036,10.584528681506228,Banks,Financial Services,BPOPM
2013Q1,2013,Q1,2013-05-09,2013-03-31,-18683000.0,345347000.0,870000.0,-0.18136509956529456,345347000.0,1.0,36942714000.0,3971143000.0,1014238000.0,109737000.0,32971571000.0,0.0,-109411000.0,2395155038.1791997,4856534038.179199,38.68073990990157,9.242443296244657,0.07318544598537076,0.6808289200363724,0.00013403545938589406,38.68073990990157,-0.004704690815717288,6.9355026630583145,-32.049925576449176,0.6031399620157722,-0.03318524862174169,0.0,0.0002588558945525818,0.009348176206003707,9.242443296244657,-0.000505728951045665,10.746725885052024,1.0,-1.2217986919035848,-1.5055025593789457,19.13226694822569,0.0,-0.014451601119827859,-1.2225756492732904,-0.9896354538956398,-0.3998532429638949,27170.04937465552,9.175139812456479,Banks,Financial Services,BPOPM
2012Q4,2012,Q4,2013-02-28,2012-12-31,83940000.0,350411000.0,83940000.0,0.8177013940376768,350411000.0,1.0,36507535000.0,4110000000.0,1093378000.0,110213000.0,32397535000.0,0.0,11826000.0,2304669487.5,4279227487.5,40.125059363853794,9.92059013002096,0.06612117197175871,0.5873287104622871,0.010399345521983665,40.125059363853794,0.020423357664233577,6.577046632383116,6.864038263938528,0.5607468339416058,0.01478436978794377,0.0,0.0005384720050883218,0.009598319908479168,9.92059013002096,0.0022992513737232602,23.52711863757937,1.0,0.7769682343403903,-0.3341171605969402,3427.4545061257536,2.0200404738986673,0.02033917059279146,0.7788420784945325,0.7788420784945325,1.967901387268778,9.194890468812211,0.0,Banks,Financial Services,BPOPM
2012Q3,2012,Q3,2012-11-08,2012-09-30,47188000.0,343426000.0,47188000.0,0.4601665793655603,343426000.0,1.0,36503366000.0,4068984000.0,1152051000.0,110455000.0,32434382000.0,0.0,-54183000.0,2318524192.35,4913759192.35,39.750496416682346,10.430048436014667,0.08417242946855914,0.7551214258891163,0.0049829893017767045,39.750496416682346,0.011596998169567637,6.751160926516921,12.2834417243261,0.569804204772002,0.01972959226922099,0.0,0.00040154853810533714,0.009408063902928842,10.430048436014667,0.0012927027058271831,23.597970426255202,1.0,-0.28265329902964265,-0.41647286890979995,11.210165398069524,0.0,0.006524032825322392,-0.2821916974702992,-0.2821916974702992,1.8361960878915957,8.94175161810848,0.0,Banks,Financial Services,BPOPM
2012Q2,2012,Q2,2012-08-09,2012-06-30,65739000.0,341200000.0,65739000.0,0.6414842066508306,341200000.0,1.0,36612179000.0,4021237000.0,1192736000.0,117101000.0,32590942000.0,0.0,-100440000.0,2138455793.1,3816900793.1,39.30118806812757,10.185532147462446,0.059919487447059626,0.5455492924192232,0.023021451065491746,39.30118806812757,0.016347954621923552,6.267455431125439,8.13237116894081,0.531790539353935,0.014162065136372625,0.0,0.0004353608819055275,0.00931930328429783,10.185532147462446,0.0017955500545324002,46.50940196828987,1.0,12.582177123321262,1.4769730741273785,819.0512316925119,0.0,0.01071739606969566,0.3580193356470005,0.3580193356470005,1.8894742274157974,2.346912347158736,0.0,Banks,Financial Services,BPOPM
2012Q1,2012,Q1,2012-05-10,2012-03-31,48408000.0,337582000.0,48408000.0,0.04722985135787774,337582000.0,1.0,37049221000.0,3967071000.0,1203394000.0,119521000.0,33082150000.0,0.0,-165249000.0,20232974888.04,22355122888.04,3.876295705598908,10.068473322679697,0.07004071691547846,0.6541234074207394,0.005527947136211999,3.876295705598908,0.012202453649052411,59.934993240279404,104.49189642228558,5.100230091178101,0.01280780036357627,0.0,3.064304697805417e-05,0.009111716545943031,10.068473322679697,0.0013065861762653526,89.11673715987122,1.0,15.23905109579227,-0.8846333694096445,0.16734654776060973,0.0,-0.02087708103718313,15.271596638655462,15.271596638655462,1.2077583635449451,0.0,0.0,Banks,Financial Services,BPOPM
2011Q4,2011,Q4,2012-02-29,2011-12-31,2975000.0,344780000.0,2975000.0,0.0029084120173817024,344780000.0,1.0,37348432000.0,3918753000.0,1239108000.0,416296000.0,33429679000.0,0.0,-212726000.0,16859599878.0,18476889878.0,3.835169575072403,2.976507100716798,0.05763486938353932,0.549300249339522,0.0004502084212242797,3.835169575072403,0.0007591700727246652,48.89958778931493,1416.7730989915967,4.302286946383199,0.3129411764705882,0.0,5.522076483053769e-05,0.00923144511127,2.976507100716798,7.965528512682942e-05,27.130284581876346,1.0,-0.8919877488994633,-0.9976519790610949,21.32852277979121,-0.7043122814611203,-0.06642369168532754,-0.8919478444048959,-0.8919478444048959,1.0503606430186656,0.4841201602877869,-0.7682576542404226,Banks,Financial Services,BPOPM
2011Q3,2011,Q3,2011-11-09,2011-09-30,27533000.0,369311000.0,27533000.0,0.026926686442953415,369311000.0,1.0,38178603000.0,4012601000.0,1319105000.0,288851000.0,34166002000.0,0.0,-201770000.0,16966691511.439999,19116495511.44,3.928243910432443,4.566731636726201,0.0711640758568353,0.6771032056264752,0.003406333051620628,3.928243910432443,0.006861634137059727,45.94147347747562,154.0577807670795,4.228352510364225,0.033813968692114914,0.0,5.487221827380205e-05,0.009673245508747399,4.566731636726201,0.0007211631080372427,178.04948486168826,1.0,-0.7721040914263657,-0.9059816518139012,19.562096718924977,0.0,-0.48556834438174623,-0.7721098851982751,-0.7721098851982751,1.1036698942473184,0.05671340612497634,0.0,Banks,Financial Services,BPOPM
2011Q2,2011,Q2,2011-08-09,2011-06-30,120817000.0,717901000.0,120817000.0,0.11815344387480864,717901000.0,1.0,39013342000.0,3964068000.0,1713914000.0,178302000.0,35049274000.0,0.0,-228372000.0,20305038356.12,23291661356.12,3.8810895334382725,9.612421621742886,0.09162475749962666,0.9017473968660477,0.008420542788265421,3.8810895334382725,0.030478034181048358,28.283897579359827,42.016103603218085,5.1222729670934,0.01540346143340755,0.0,9.165212925781492e-05,0.018401422774803552,9.612421621742886,0.003096812367420356,-225.37864602266546,1.0,10.924299249901303,-0.842282694236187,0.0,0.0,98.10284373274435,10.924299249901303,2.06572102819153,0.48124191135861055,6.687902243156582,0.0,Banks,Financial Services,BPOPM
2011Q1,2011,Q1,2011-05-10,2011-03-31,10132000.0,7244000.0,39409000.0,0.009908627869749796,7244000.0,1.0,1168383000.0,3804906000.0,464555000.0,290302000.0,34931361000.0,0.0,0.0,18946500553.4301,18772247553.4301,3.7252592166220366,1.6002473286439638,0.24846475855947922,0.0762967600250834,0.0006196165995058435,3.7252592166220366,0.0026628778739869,2615.4749521576614,467.49162439375493,4.979492411489299,0.09178839320963285,0.0,4.9085581655427736e-05,0.00620002173944674,1.6002473286439638,0.008671813951418328,-489.8394620706352,1.0,-0.926259634209358,-0.9763811658504558,-0.8378354570388008,0.0,0.814629258517034,-0.926259634209358,-0.9408566325994627,-0.9724446935562246,-0.9575528287492215,0.0,Banks,Financial Services,BPOPM
2010Q4,2010,Q4,2011-03-01,2010-12-31,137401000.0,3992000.0,666330000.0,0.1343718296418764,3992000.0,1.0,464578000.0,3800531000.0,18000.0,364222000.0,34922431000.0,0.0,0.0,20172258930.25,20536462930.25,3.7209757969862505,4.942040843221991e-05,0.7839846053838107,0.09583450312601055,0.08949666134308416,3.7209757969862505,0.036153105973875756,5053.171074711924,36.70326076638816,5.30774750429611,0.002256169896871202,0.0,1.536763934430412e-05,0.008592744383074532,4.942040843221991e-05,0.29575442659790174,-135.3334245535235,1.0,-0.7221381857009387,-0.12740497523207012,1.7021527434897696,-0.04004913447308418,0.06966773847802786,-0.7221381857009387,26.12186584174536,-0.8906906149213266,2.916966817253482,-0.7199381711215859,Banks,Financial Services,BPOPM
2010Q3,2010,Q3,2010-11-09,2010-09-30,494494000.0,3732000.0,24568000.0,0.4835922848227453,3732000.0,1.0,1306582000.0,4109200000.0,580811000.0,191342000.0,36711516000.0,0.0,0.0,20427603980.0,20038134980.0,4.023183535399633,3.0354600662687754,0.1464446931000121,0.04656429475323664,0.0047328109183091905,4.023183535399633,0.12033826535578701,5473.634506966774,10.327528736445739,4.971187574223693,0.0,0.0,0.0,0.0028563075260488817,3.0354600662687754,0.3784638086243343,1057.21995549115,1.0,9.857455040481478,0.15755085512277062,-0.9802215388943745,0.0,4.426997245179064,9.85745504048148,0.21768437747819191,-0.3871608516401556,-0.98670201000641,0.0,Banks,Financial Services,BPOPM
2010Q2,2010,Q2,2010-08-09,2010-06-30,-55828000.0,397000.0,20176000.0,-0.05459720457090324,-1089000.0,-2.743073047858942,1519068000.0,3603448000.0,744769000.0,1263000.0,38840204000.0,0.0,0.0,17741374056.63,16997868056.630001,3.528018267368036,589.682501979414,0.0008314308510218107,0.0003504976344878572,0.007270165372282471,3.528018267368036,-0.015492938985105377,44688.5996388665,-79.4465772400498,4.923443895022213,0.0,0.0,0.0,0.00026134445594272276,589.682501979414,-0.03675148182964818,-94.24318625999331,-2.743073047858942,0.5800215033007443,-1.051083524992253,0.0,0.0,-14.444444444444445,0.34362471342072776,0.10058913375518219,-1.2107253668366014,-0.9044151581220116,0.0,Banks,Financial Services,BPOPM
2010Q1,2010,Q1,2010-05-10,2010-03-31,-85055000.0,81000.0,18332000.0,-0.13,81000.0,1.0,1238286000.0,2487201000.0,592175000.0,23263000.0,31345236000.0,0.0,0.0,11384284602.0,10815372602.0,3.801494684382452,25.455659201306798,0.018786451595188835,0.009353084049097762,0.007302235761994596,3.801494684382452,-0.03419707534694623,140546.7234814815,-33.4615384221974,4.577147002594483,0.0,0.0,0.0,6.541299828957122e-05,25.455659201306798,-0.06868768604345038,68.93550236157536,1.0,0.846456430127792,-1.30024227571923,0.0,0.0,-0.9996310568172502,0.8464564299472693,-0.9727313971217136,-1.3170731701958747,-0.9995618708818421,0.0,Banks,Financial Services,BPOPM
2009Q4,2009,Q4,2010-03-01,2009-12-31,-553947000.0,219546000.0,672275000.0,-0.8466652176199697,219546000.0,1.0,434132000.0,0.0,12212000.0,7000.0,378000.0,0.0,0.0,10128087680.4,10116267680.4,0.0,1744.5714285714287,0.0009029511761399759,0.0,1689.6642579168479,0.0,0.0,46.13196177748627,-4.5708739646572685,0.0,-0.12896179598409235,0.0,0.007053453944543519,0.5057125482572121,1744.5714285714287,-1.2759874876765591,-146.73921966358066,1.0,-0.5357895378882815,-6.491892045708741,230.99350637550413,-1.0,-0.005643320410159788,-0.5357895378882814,14.080531191816775,-1.6827945301096083,21.204974488130716,-1.0,Banks,Financial Services,BPOPM
2009Q3,2009,Q3,2009-11-09,2009-09-30,-360692000.0,220792000.0,44579000.0,-0.55128987190793,220792000.0,1.0,1259436000.0,0.0,606861000.0,3077000.0,0.0,0.0,-69525000.0,10239313449.5,9635529449.5,0.0,197.22489437764057,0.00244315709571586,0.0,13.86874230200554,0.0,0.0,46.375382484419724,-7.0969923435368685,0.0,-0.198058177059652,0.0,0.006976834956008542,0.17531021822466564,197.22489437764057,-0.2863916864374212,39.38712542986391,1.0,0.23678945647013142,-2.318094360008449,0.8266911893261315,0.0,-0.03941248896023946,-1.1645372876371993,0.7053287938487434,-2.92294395610134,18.192410441976943,0.0,Banks,Financial Services,BPOPM
2009Q2,2009,Q2,2009-08-10,2009-06-30,-166637000.0,229851000.0,26141000.0,-0.72233,229851000.0,1.0,1317463000.0,0.0,661852000.0,1825000.0,0.0,0.0,-659165000.0,3760307049.2000003,3100280049.2000003,0.0,362.6586301369863,0.0013852381433102866,0.0,13.210747925592473,0.0,0.0,16.359759362369537,-5.6414647545263055,0.0,-0.17137250430576642,0.0,0.007594326640446945,0.17446486163178776,362.6586301369863,-0.12648324848591574,9.694186410169815,1.0,-2.1727079845344806,-1.6750748927385777,0.0,0.0,0.0,-2.1727085792620233,3266.625,-1.9631068460867471,0.0,0.0,Banks,Financial Services,BPOPM
2009Q1,2009,Q1,2009-05-11,2009-03-31,-52522000.0,0.0,8000.0,-0.22766986546541085,0.0,0.0,1360790000.0,0.0,703483000.0,29453000.0,0.0,0.0,-451355000.0,2353075576.7999997,1679045576.7999997,0.0,23.884935320680405,0.02164404500327016,0.0,0.00026986513477092727,0.0,0.0,0.0,-11.200428281482044,0.0,-0.816438825634972,0.0,0.018223384077750208,0.0,23.884935320680405,-0.03859669750659543,47.000411001697785,0.0,-2.9382436510190426,-1.5258162956896844,0.0,0.0,-1.0,-3.476815547221275,1.0000964157446912,-1.5420711082509782,-1.0,0.0,Banks,Financial Services,BPOPM
2008Q4,2008,Q4,2009-03-02,2008-12-31,-11732000.0,46137000.0,-82974000.0,-0.05781,46137000.0,1.0,40924017000.0,3358295000.0,0.0,0.0,24000.0,0.0,0.0,4259436113.7699995,4259436113.7699995,16.549282620325346,0.0,0.0,0.0,-0.03178186817914909,16.549282620325346,-0.003493439379208795,92.32147980514553,-90.76534507692635,1.2683329230368385,-2.878196385952949,0.0,0.007927575176168811,0.0011273819967380035,0.0,-0.000286677625023956,11.163653340418561,1.0,0.7776538461538461,-1.3750098346152382,156.1869465423589,3.269444103371459,-0.3354889817081953,0.7776387862246735,-1.8937696583222026,-1.3750098346152382,156.1869465423589,3.269444103371459,Banks,Financial Services,BPOPM
2008Q3,2008,Q3,2008-11-10,2008-09-30,-52761000.0,69430000.0,92836000.0,-0.26,69430000.0,1.0,969000.0,0.0,1183997000.0,507011000.0,180000.0,0.0,384062000.0,3855611537.0,3178625537.0,0.0,2.3352491366065036,523.2311661506708,0.0,-0.09689263411655612,0.0,0.0,55.53235686302751,-18.26923076230549,0.0,-1.065029093459184,0.0,0.014574082337071291,71.65118679050568,2.3352491366065036,-54.44891640866873,5.252776564207222,1.0,-4.255697470573503,-1.6216412656848875,0.852020509340267,0.0,1.5008104311493715,-3.1757113402061856,2.7745883309615778,-1.6216412656848875,0.852020509340267,0.0,Banks,Financial Services,BPOPM
2008Q2,2008,Q2,2008-08-11,2008-06-30,24250000.0,27763000.0,24595000.0,0.07986,27763000.0,1.0,1580668000.0,0.0,887619000.0,1337210000.0,0.0,0.0,1086373000.0,5769666654.0,6219257654.0,0.0,0.6637842971560188,0.8459777764843724,0.0,-0.06449172145059379,0.0,0.0,207.81855901739726,59.481099525773196,0.0,2.0988453608247424,0.0,0.008821480174199332,0.017564093155551956,0.6637842971560188,0.015341615064010912,31.61998286832284,1.0,-0.7781666666666667,-0.925367009507406,0.0,0.0,-0.4208802670004172,-0.7652241262464905,-0.2612339300732909,-0.925367009507406,0.0,0.0,Banks,Financial Services,BPOPM
2008Q1,2008,Q1,2008-05-12,2008-03-31,103290000.0,47940000.0,33292000.0,0.36,47940000.0,1.0,1480294000.0,0.0,782498000.0,1525310000.0,0.0,0.0,1113089000.0,5451416654.0,6194228654.0,0.0,0.51300915879395,1.0304101752759924,0.0,0.018118632474367048,0.0,0.0,113.71332194409679,13.194444413786426,0.0,0.4626585342240294,0.0,0.008766161721455534,0.03238545856431223,0.51300915879395,0.06977667949745119,-134.56965327079735,1.0,-0.7074787922124354,-0.16855985090007497,0.0,0.0,164.31034482758622,-0.7112190921392545,0.9004452563077977,-0.16855985090007497,0.0,0.0,Banks,Financial Services,BPOPM
2007Q4,2007,Q4,2008-02-29,2007-12-31,357676000.0,290000.0,17518000.0,1.23068,290000.0,1.0,47104935000.0,3861426000.0,17161000.0,1502000.0,-12000.0,0.0,0.0,5522025309.0,5507856309.0,13.28626543605724,11.4254327563249,6.351776093099375e-05,0.0007748432832844653,0.004263114213973855,13.28626543605724,0.09262795661499146,19041.46658275862,3.859656021790671,1.4300482021408671,0.13341403952180186,0.0,0.008641575749793436,6.156467469915838e-06,11.4254327563249,0.007593174685412474,36.66415672826022,1.0,0.5578227848101265,6.982800599782857,-0.31014152798351297,2.427639065885228,-0.9963685087093179,0.5578222996515679,-0.8141602308410422,6.982800599782857,-0.31014152798351297,2.427639065885228,Banks,Financial Services,BPOPM
2007Q3,2007,Q3,2007-11-09,2007-09-30,229600000.0,79857000.0,94264000.0,0.79,79857000.0,1.0,1478334000.0,0.0,709056000.0,1414897000.0,0.0,0.0,1689384000.0,5522025309.0,6227866309.0,0.0,0.5011361251030994,0.9570888581335476,0.0,0.06662251739879299,0.0,0.0,69.14892005710207,6.012658219729966,0.0,0.2076437282229965,0.0,0.008633607658823572,0.054018239450624825,0.5011361251030994,0.15530996378355635,18.52127424239883,1.0,2.0456070010409038,0.8888330783383386,0.4873271159896674,0.0,66.96340425531915,2.0633755837224816,2.6898265941206403,0.8888330783383386,0.4873271159896674,0.0,Banks,Financial Services,BPOPM
2007Q2,2007,Q2,2007-08-09,2007-06-30,74950000.0,1175000.0,25547000.0,0.25939,1175000.0,1.0,1532853000.0,0.0,762085000.0,3384105000.0,0.0,0.0,1701100000.0,5490064174.0,8112084174.0,0.0,0.22519543572081835,2.207716591219119,0.0,0.007549115645052384,0.0,0.0,4672.395041702128,18.312422194796532,0.0,0.6355170113408939,0.0,0.008676037017122124,0.0007665444762152665,0.22519543572081835,0.048895751908369554,12.491784129021102,1.0,-0.3673414634146341,-0.7575824602461666,0.0,0.0,-0.9856306025363515,-0.36829418358660565,-0.42994533080441816,-0.7575824602461666,0.0,0.0,Banks,Financial Services,BPOPM
2007Q1,2007,Q1,2007-05-10,2007-03-31,118647000.0,81771000.0,44815000.0,0.41,81771000.0,1.0,1527320000.0,0.0,753550000.0,8368825000.0,0.0,0.0,1673826000.0,5498275594.0,13113550594.0,0.0,0.09004250895436337,5.47941819657963,0.0,0.005354993084453313,0.0,0.0,67.23992117009698,11.585365820459009,0.0,0.40111422960546833,0.0,0.008655622874185087,0.05353887855852081,0.09004250895436337,0.07768313123641411,-29.83523394903629,1.0,-0.6693548387096775,-0.05308205190066104,0.0,0.0,17.759119064005507,-0.6682835862624275,-0.6832033818030157,-0.05308205190066104,0.0,0.0,Banks,Financial Services,BPOPM
