Quarters,Year,Quarter,FillingDate,Date,NetIncome,Revenue,OperatingIncome,EPSDiluted,GrossProfit,GrossProfitRatio,TotalAssets,CommonStockEquity,CurrentAssets,CurrentLiability,TotalLiability,Inventory,RetainedEarnings,MarketCap,EnterpriseValue,bookValuePerShare,currentRatio,debtToAssets,debtToEquity,roic,shareholdersEquityPerShare,roe,priceToSalesRatio,peRatio,pbRatio,payoutRatio,inventoryTurnover,dividendYield,assetTurnover,quickRatio,returnOnAssets,priceToFreeCashFlowsRatio,grossProfitMargin,epsdilutedGrowth,fiveYNetIncomeGrowthPerShare,fiveYRevenueGrowthPerShare,fiveYShareholdersEquityGrowthPerShare,grossProfitGrowth,netIncomeGrowth,operatingIncomeGrowth,threeYNetIncomeGrowthPerShare,threeYRevenueGrowthPerShare,threeYShareholdersEquityGrowthPerShare,Industry,Sector,Symbol
2023Q1,2023,Q1,2023-05-12,2023-03-31,6820000.0,142243000.0,7744000.0,0.23,21618000.0,0.1519793593,727073000.0,322759000.0,528610000.0,364277000.0,387250000.0,105498000.0,253994000.0,157871221.46,201780221.46,10.6924463774273,1.4511209876000954,0.19688944576404296,0.44352907277566234,0.015014290414931896,10.6924463774273,0.021130317047704326,1.1098698808377214,5.787068235337244,0.48913034635749897,0.0,1.143386604485393,0.0,0.19563785204511788,0.9447178932515641,0.009380076003372427,-34.49982986451049,0.1519793592654823,9.679245283018869,0.6580429370170022,0.11264833207434952,0.06908936236388022,-0.13635092485318207,9.409371146732429,4.163398692810458,155.51780133815964,0.9971495240529072,0.17434339834627705,Auto Parts,Consumer Cyclical,CAAS
2022Q4,2022,Q4,2023-03-30,2022-12-31,-811000.0,128787000.0,-2448000.0,-0.0265,25031000.0,0.1943596792,714352000.0,311651000.0,520718000.0,364195000.0,386937000.0,112236000.0,247174000.0,177706791.6,103170791.6,10.17167539701392,1.4297780035420584,0.06534593589714874,0.1497829302649438,-0.002017891719552715,10.17167539701392,-0.0026022698467195677,1.3798503855202777,-54.78014537607891,0.570210882044338,0.0,0.9244449196336292,0.0,0.18028506954554618,0.984090940292975,-0.0011352946446569758,22.865001492537314,0.19435967916016367,-1.1104166666666668,0.9785749376032253,-0.07586450494389499,0.073391515540728,0.19662491633999427,-1.1085676037483267,-1.5009208103130756,-1.4785635795266217,0.13590261709621887,0.1019732955381747,Auto Parts,Consumer Cyclical,CAAS
2022Q3,2022,Q3,2022-11-14,2022-09-30,7470000.0,137207000.0,4887000.0,0.24,20918000.0,0.1524557785,674893000.0,302169000.0,488180000.0,334775000.0,357252000.0,104629000.0,243202000.0,121938746.48,133867746.48,9.862596219137384,1.4582331416623104,0.1669020126153331,0.3727748379218252,0.010722899698134933,9.862596219137384,0.024721265252226402,0.8887210308511957,4.080948677376171,0.4035448589365554,0.0,1.111441378585287,0.0,0.20330185673877194,0.9238055410350235,0.01106842121640023,9.234285988640666,0.1524557784952663,-0.22580645161290325,0.5250662108681312,0.19725247323542627,-0.06399533872546491,-0.07894852714543613,-0.20767925328807807,-0.6105045030684626,0.8070740194816891,0.4027194533431499,0.0928646462325684,Auto Parts,Consumer Cyclical,CAAS
2022Q2,2022,Q2,2022-08-12,2022-06-30,9428000.0,127161000.0,12547000.0,0.31,22711000.0,0.178600357,693836000.0,313642000.0,491430000.0,341345000.0,364125000.0,109787000.0,235732000.0,83288806.2,18916806.200000003,10.167433520016044,1.4396871200691383,0.0692512351621997,0.15319695704019232,0.025699020598318485,10.167433520016044,0.03005974965087584,0.6549870337603511,2.2085491673737803,0.2655537402516245,0.0,0.9513876870667748,0.0,0.1832724159599675,0.9254918044793391,0.0135882254596187,7.013203620747727,0.17860035702770505,2.629976580796253,0.08411309952123291,0.10864792411143134,-0.00014199905178089911,0.5414008415908782,2.5766312594840666,2.13988988988989,2.835324711056155,0.22782948549728524,0.10799694375226715,Auto Parts,Consumer Cyclical,CAAS
2022Q1,2022,Q1,2022-05-23,2022-03-31,2636000.0,136396000.0,3996000.0,0.0854,14734000.0,0.1080236957,726647000.0,322323000.0,505581000.0,360020000.0,387620000.0,114483000.0,226304000.0,94097916.8,62880916.8,10.447469863647395,1.4043136492417088,0.06631142769460274,0.1494928999792134,0.007910341318501605,10.447469863647395,0.008178131873927706,0.689887656529517,8.924309256449165,0.29193671193181997,0.0,1.0627080003144571,0.0,0.18770599754764006,0.8382839842230987,0.003627621114516402,-17.707549266089575,0.1080236957095516,3.4825581395348837,-0.5268308394742808,0.17258228826236077,0.07418153925553793,-0.25246067985794013,3.4844486333647504,-0.35858747993579454,0.8350541672948124,0.27567613923082,0.12381198503203075,Auto Parts,Consumer Cyclical,CAAS
2021Q4,2021,Q4,2022-03-30,2021-12-31,-1061000.0,138817000.0,6230000.0,-0.0344,19710000.0,0.1419854917,716762000.0,321034000.0,501380000.0,351816000.0,379321000.0,116493000.0,226363000.0,82682759.68,80726759.68,10.40568944880191,1.4251199490642836,0.1810070846389736,0.40412853467234,0.043498185597571314,10.40568944880191,-0.0033049458935813653,0.5956241647636817,-19.48227136663525,0.25755141100319595,0.0,1.0224391165134386,0.0,0.19367237660478653,0.9771784114423449,-0.0014802682061828055,2.74830512481303,0.141985491690499,-2.44,-1.1893972598079074,-0.04626742142526776,0.09777807350579247,0.17377322534540257,-2.3470031545741326,9.541455160744501,0.6555180001908572,0.14567952866327363,0.1517881067518777,Auto Parts,Consumer Cyclical,CAAS
2021Q3,2021,Q3,2021-11-12,2021-09-30,-317000.0,108231000.0,591000.0,-0.01,16792000.0,0.15514963365394388,686146000.0,310619000.0,477466000.0,331838000.0,359349000.0,106427000.0,221580000.0,100576789.75999999,140869789.76,10.06810758641577,1.4388526931816128,0.17637937115424415,0.3896155740634024,-0.00036972495553420036,10.06810758641577,-0.001020542851531941,0.9292789474365015,-79.31923482649842,0.3237947123646654,0.0,0.8591710750091612,0.0,0.15773756605736972,0.9281788101422983,-0.00046200079866384123,-7.718271027549688,0.15514963365394388,-1.0999999999999999,-1.0577062930246854,0.18305880696169433,0.04763288555409648,0.06083770295028113,-1.0990625,3.966386554621849,-1.8624405607003771,-0.009580206953103422,0.10458042560255655,Auto Parts,Consumer Cyclical,CAAS
2021Q2,2021,Q2,2021-08-12,2021-06-30,3200000.0,120604000.0,119000.0,0.1,15829000.0,0.1312477198102882,695545000.0,312192000.0,475757000.0,337915000.0,367142000.0,95971000.0,221897000.0,152099255.67999998,184747255.67999998,10.11909330600611,1.4079191512658509,0.166432078442085,0.3708006611316113,0.00024167832984494755,10.11909330600611,0.01025010250102501,1.2611460289874297,11.882754349999999,0.4871978003280033,0.0,1.0917360452636733,0.0,0.1733949636615891,0.9220484441353595,0.004600708796698992,27.897882553191486,0.1312477198102882,0.0,-0.3795679711395339,0.2416530100385349,0.06942453151792007,-0.19845047599756938,-0.0018714909544603868,-0.9713942307692308,2.86966599514328,-0.017912622549613726,0.06429557547710107,Auto Parts,Consumer Cyclical,CAAS
2021Q1,2021,Q1,2021-05-12,2021-03-31,3206000.0,130341000.0,4160000.0,0.1,19748000.0,0.15151026921690028,701763000.0,304388000.0,479283000.0,348776000.0,380800000.0,89638000.0,218697000.0,146237418.24,185882418.24,9.86614190379186,1.3741857237883341,0.18527480075182076,0.4271489020592139,0.008418304453995018,9.86614190379186,0.010532609695520192,1.1219602292448272,11.403416893325016,0.4804309573307752,0.0,1.2337736227939045,0.0,0.18573364511950616,0.9376189875450146,0.004568493921737111,-35.34866285714286,0.15151026921690028,1.9705495018679953,-0.41532756398684934,0.16130584055026725,0.03455653814868036,-0.13321336083922222,1.99813200498132,2.0330270672957536,-0.23740135885384836,-0.002462622938604963,-0.013529085431402273,Auto Parts,Consumer Cyclical,CAAS
2020Q4,2020,Q4,2021-03-30,2020-12-31,-3212000.0,146480000.0,-4027000.0,-0.10303441484183158,22783000.0,0.15553659202621517,707560000.0,303222000.0,475658000.0,354484000.0,387645000.0,88325000.0,215491000.0,194526072.0,221960072.0,9.726743878321873,1.3418320714051974,0.17621403131889876,0.4111904809017815,-0.012497030641646074,9.726743878321873,-0.010592898932135532,1.3280043145821956,-15.140572229140723,0.6415302055919426,0.0,1.400475516558166,0.0,0.20702131268019675,0.9634482797531059,-0.004539544349595794,-75.39770232558139,0.15553659202621517,-2.2879301855228946,-1.4771212804995375,0.25610715753111174,0.044092249255565596,0.678305709023941,-2.3621713316369806,-70.43103448275862,0.9166012420849928,0.03305813194648631,0.026439002948662874,Auto Parts,Consumer Cyclical,CAAS
2020Q3,2020,Q3,2020-11-12,2020-09-30,2358000.0,114417000.0,58000.0,0.08,13575000.0,0.11864495660609875,667421000.0,293202000.0,440358000.0,320805000.0,354805000.0,82011000.0,218741000.0,92091744.96,123577744.96,9.424057719581297,1.3726656380043951,0.16968749859533938,0.3862627130783555,0.0001310118789916799,9.424057719581297,0.008042237092516422,0.804878164608406,9.763755826972009,0.3140897570957906,0.0,1.229615539378864,0.0,0.17143152522920316,0.9064447249887003,0.003533002407775602,5.424820037700282,0.11864495660609875,1.6153846153846154,-0.4322601909854131,0.3003188263923443,0.015840588837771497,0.7334950836419359,1.575402635431918,1.011171032357473,-0.5259309957362154,-0.016827565276362706,-0.10561461123875646,Auto Parts,Consumer Cyclical,CAAS
2020Q2,2020,Q2,2020-08-14,2020-06-30,-4098000.0,83184000.0,-5192000.0,-0.13,7831000.0,0.09414070013464128,631193000.0,279995000.0,414269000.0,297614000.0,332595000.0,82861000.0,216383000.0,90092990.05,121413990.05,8.981670489023802,1.391967447767914,0.17696172169209734,0.39892498080322863,-0.01316276449238062,8.981670489023802,-0.014635975642422186,1.0830567182390844,-5.496156054782821,0.32176642457901034,0.0,0.9093904249284948,0.0,0.13178853377651525,0.9032437990148313,-0.006492467438643965,-114.47648036848793,0.09414070013464128,-91.02770083102493,-1.5513102168175406,-0.21486456107169322,-0.05596960642112254,-0.2977941176470588,-92.06666666666666,-5.506944444444445,-1.4662906288826036,-0.28235571809847515,-0.11674907117398277,Auto Parts,Consumer Cyclical,CAAS
2020Q1,2020,Q1,2020-06-23,2020-03-31,45000.0,73555000.0,1152000.0,0.001444,11152000.0,0.15161443817551493,629677000.0,283841000.0,417110000.0,281486000.0,327075000.0,71158000.0,220493000.0,54242838.3,54194838.3,9.105042351738442,1.4818143708745728,0.17171184591465147,0.38092805479123876,-0.001111006446589736,9.105042351738442,0.00015853946399568773,0.7374459696825504,301.3491016666666,0.19110290021526136,0.0,0.8769639394024565,0.0,0.11681385853381972,1.082359335810662,7.146521152908554e-05,1.990489827896224,0.15161443817551493,-0.9738926053154945,-0.9945514729670302,-0.386037439808941,-0.013864154510679651,-0.3363484884551297,-0.9740334679746105,1.602510460251046,-0.9920058820743475,-0.37419229338479626,-0.06384334810009883,Auto Parts,Consumer Cyclical,CAAS
2019Q4,2019,Q4,2020-05-14,2019-12-31,1733000.0,115944000.0,-1912000.0,0.05531,16804000.0,0.14493203615538536,659964000.0,289211000.0,441165000.0,303774000.0,350592000.0,82931000.0,221237000.0,98696997.0,146107997.0,9.23041913828442,1.4522803136542297,0.18806934923723112,0.42916417425339975,-0.001794074134651207,9.23041913828442,0.005992164889993811,0.8512471279238253,14.237881852279285,0.34126294297243187,0.0,1.1954516405204327,0.0,0.17568230994417877,1.0387492017091653,0.002625900806710669,6.447834128176651,0.14493203615538536,-0.5745384615384616,-0.8033388113957256,-0.12177987118915064,0.024336331839609305,-0.029624068834093666,-0.5921393269004471,-1.4431054461181922,-0.6953903520974205,-0.21563351763637664,-0.026210441015654666,Auto Parts,Consumer Cyclical,CAAS
2019Q3,2019,Q3,2019-11-12,2019-09-30,4249000.0,100542000.0,4315000.0,0.13,17317000.0,0.17223647828768077,650300000.0,284201000.0,446982000.0,297581000.0,345394000.0,87175000.0,219665000.0,64243751.4,104371751.4,9.024535886613869,1.5020515422691636,0.1906012609564816,0.4361279516961587,0.008663460329359192,9.024535886613869,0.014950686310041133,0.6389742734379662,3.7799335961402685,0.22605040587471545,0.0,0.9546888442787497,0.0,0.15460864216515455,1.0689089693226381,0.006533907427341227,3.8846143064457612,0.17223647828768077,0.625,-0.4380442007243249,-0.1199625146142584,0.047535840881881126,0.14040171221600264,0.6928286852589641,0.5748175182481752,-0.24224276854487628,0.07666755479006071,-0.06095554794865531,Auto Parts,Consumer Cyclical,CAAS
2019Q2,2019,Q2,2019-08-08,2019-06-30,2510000.0,105748000.0,2740000.0,0.08,15185000.0,0.1435960963800734,670744000.0,289036000.0,465920000.0,320253000.0,362215000.0,90850000.0,215416000.0,74964580.74,134282580.74,9.17640935505084,1.4548497594089673,0.19408895196975298,0.4504075616878174,0.005121294932016908,9.17640935505084,0.008684039358419021,0.7088983313159587,7.466591707171315,0.259360705033283,0.0,0.9968409466153,0.0,0.15765776510859583,1.0179326969614648,0.0037421132354519757,-8.089411971511815,0.1435960963800734,0.6,-0.7969561592578247,-0.18468386435806544,0.08389130473162598,0.08116767532929868,0.710974778459441,1.6422372227579556,-0.5233287454238371,0.06637929993136055,-0.03020191841524092,Auto Parts,Consumer Cyclical,CAAS
2019Q1,2019,Q1,2019-05-09,2019-03-31,1467000.0,109193000.0,1037000.0,0.05,14045000.0,0.12862546133909683,685316000.0,292908000.0,480229000.0,329246000.0,373244000.0,90202000.0,212906000.0,103974707.1,104688707.1,9.296457061142325,1.4585720099864539,0.09657588616054491,0.2259583213841889,0.0024156672937772667,9.296457061142325,0.00500839854152157,0.9522103715439634,17.718934406952965,0.3549739409643983,0.0,1.0548324870845436,0.0,0.15933233719918985,1.0015186213348075,0.002140618342487261,-3.689008589675359,0.12862546133909683,1.5008514474606833,-0.8072493185961178,-0.14976932189483685,0.1262440577432776,0.23342408009133223,1.4643874643874644,1.104578459056071,-0.7380335834629174,-0.047364495731240526,-0.0251802043788891,Auto Parts,Consumer Cyclical,CAAS
2018Q4,2018,Q4,2019-03-28,2018-12-31,-3159000.0,124274000.0,-9916000.0,-0.09983,11387000.0,0.09162817644881471,690499000.0,285877000.0,495428000.0,341300000.0,385672000.0,88021000.0,211439000.0,77209505.6,133139505.6,9.034378274791077,1.4515909756812189,0.20604808985965223,0.49768256977651226,-0.016913125381609318,9.034378274791077,-0.011050206907166368,0.6212844649725606,-6.110280595125039,0.27007945934790134,0.0,1.2825007668624533,0.0,0.17997708903271403,1.0554731907412833,-0.004574952317092422,41.48818140784524,0.09162817644881471,-10.982999999999999,-1.3872011253160537,-0.14574635846661557,0.1198325078148623,-0.25894832747624624,-9.379310344827585,-6.418579234972678,-1.4622907025059158,0.049883036453240194,-0.030227951763480296,Auto Parts,Consumer Cyclical,CAAS
2018Q3,2018,Q3,2018-11-09,2018-09-30,377000.0,112084000.0,1830000.0,0.01,15366000.0,0.13709360836515472,681936000.0,288431000.0,496122000.0,328324000.0,372428000.0,87769000.0,214872000.0,111070454.03999999,156671454.04,9.114870545459418,1.5110744264811589,0.20733470589615446,0.49020042921877327,0.0034658241767079935,9.114870545459418,0.0013070717086582232,0.9909572645515863,73.6541472413793,0.3850850083382161,0.0,1.101960828994292,0.0,0.1643614650055137,1.119823710724772,0.0005528378029609817,15.00141194489465,0.13709360836515472,-0.6050552922590837,-0.9612594361070923,0.09250216574930209,0.17431517962777285,-0.09723283003348804,-0.5548996458087367,2.1335616438356166,-0.9107548842678983,0.2523925506882411,-0.017487398995797387,Auto Parts,Consumer Cyclical,CAAS
2018Q2,2018,Q2,2018-08-09,2018-06-30,847000.0,125782000.0,584000.0,0.02532,17021000.0,0.1353214291393045,692996000.0,300446000.0,500010000.0,341053000.0,386602000.0,90594000.0,214495000.0,136512000.0,203783000.0,9.507784810126582,1.4660771199784197,0.1817514098205473,0.41922009279537753,0.0011534677614159507,9.507784810126582,0.0028191422085832394,1.0853063236393126,40.29279811097994,0.4543645114263462,0.0,1.2005320440647282,0.0,0.18150465514952469,1.0823625653490807,0.0012222292769366635,-19.30862800565771,0.1353214291393045,-0.8191428571428572,-0.8490946794464534,0.1403083057579685,0.28287202447261844,-0.2134109709321133,-0.8035714285714286,-0.8728776665215499,-0.8875877676259089,0.1711953836892333,-0.0006716626560843738,Auto Parts,Consumer Cyclical,CAAS
2018Q1,2018,Q1,2018-05-10,2018-03-31,4312000.0,134018000.0,4594000.0,0.14,21639000.0,0.16146338551537853,725718000.0,316486000.0,529845000.0,364397000.0,402315000.0,87370000.0,213771000.0,148410378.76000002,220791378.76000002,10.001452407855846,1.45403227798253,0.20822137524492984,0.4774618782505387,0.008393014005576765,10.001452407855846,0.013624615306838218,1.107391385933233,8.604497840909092,0.4689318919636256,0.0,1.2862424173057114,0.0,0.184669527281947,1.0881044575010221,0.00594170187317939,-9.500088257585457,0.16146338551537853,1.1134356414785525,-0.3566820894936894,0.2223373509023758,0.40234057609972507,0.31488120556602056,1.1104508196721312,2.163037974683544,-0.4856638192577635,0.10203287015752455,0.08322293794262284,Auto Parts,Consumer Cyclical,CAAS
2017Q4,2017,Q4,2018-03-29,2017-12-31,-39040000.0,143730000.0,-3950000.0,-1.23418,16457000.0,0.1144994086133723,717369000.0,299448000.0,532603000.0,373463000.0,411240000.0,79217000.0,209459000.0,151680000.0,243987000.0,9.47620253164557,1.4261198565855253,0.2186671015892797,0.5238472122037883,-0.09929616129671798,9.47620253164557,-0.1303732200582405,1.055312043414736,-0.9713114754098361,0.5065320189148033,0.0,1.6066374641806682,0.0,0.20035713837648406,1.0395139545282932,-0.05442108594042954,-154.77551020408163,0.1144994086133723,-8.713625,-7.827128685759805,0.2589318477062689,0.3757467742296232,-0.26815493396184464,-8.716940106740463,-1.8030087416141491,-5.392747177557304,0.07946567147305471,0.05161189276602731,Auto Parts,Consumer Cyclical,CAAS
2017Q3,2017,Q3,2017-11-09,2017-09-30,5059000.0,118365000.0,4919000.0,0.16,22487000.0,0.18998014615807038,694720000.0,333430000.0,521974000.0,354787000.0,355141000.0,73030000.0,248533000.0,164548820.8,264924820.8,10.536909298835887,1.4712320349956454,0.22420255642561032,0.46713852982635035,0.008315749587516205,10.536909298835887,0.015172599946015655,1.3901813948380013,8.131489464321012,0.4935033464295354,0.0,1.3128577297001232,0.0,0.17037799401197604,1.0337498273612054,0.007282070474435744,11.11215699621826,0.18998014615807038,-0.4285714285714286,0.32727372113396436,0.44441678763092707,0.585290645249394,-0.0654170649598936,-0.43291110862010984,-0.5556860265558666,-0.3341300740050643,0.031065483695207025,0.2230867361306151,Auto Parts,Consumer Cyclical,CAAS
2017Q2,2017,Q2,2017-08-10,2017-06-30,8921000.0,117660000.0,11071000.0,0.28,24061000.0,0.20449600543940166,674084000.0,321784000.0,516777000.0,346191000.0,346538000.0,65470000.0,243474000.0,153156979.35999998,271108979.36,10.168877490977438,1.4927511113807117,0.2290886595735843,0.47990266762797407,0.01868169769565359,10.168877490977438,0.027723566118887204,1.3016911385347611,4.292035067817509,0.4759620719488849,0.0,1.4296471666412096,0.0,0.17454797918360324,1.07211337094263,0.013234255671400004,15.453231698113205,0.20449600543940166,0.5555555555555558,-0.38818345639913665,0.3072890186335585,0.5548773895749678,0.11244162929400342,0.5612530626531327,0.5312586445366528,-0.2816809794382864,-0.09703597546965431,0.20111881073449936,Auto Parts,Consumer Cyclical,CAAS
2017Q1,2017,Q1,2017-05-11,2017-03-31,5714000.0,119308000.0,7230000.0,0.18,21629000.0,0.18128708887920342,660691000.0,307769000.0,515016000.0,346891000.0,347232000.0,69051000.0,234677000.0,157903579.96,283275579.96000004,9.725981579322262,1.4846623290889644,0.23713808724502075,0.5090668650838779,0.012949404012179384,9.725981579322262,0.01856587245629027,1.3234953226942032,6.90862705460273,0.5130587549753225,0.0,1.4145921130758425,0.0,0.1805806345174976,1.0534346523836018,0.008648521018146152,-178.82625137032844,0.18128708887920342,-0.016232169208066898,7.636788873457871,0.26105767094911714,0.59046541353798,-0.006659318453201065,-0.007296733842946491,0.4509331727874774,-0.2524704256589377,-0.07501673890360068,0.17827994981200906,Auto Parts,Consumer Cyclical,CAAS
2016Q4,2016,Q4,2017-03-30,2016-12-31,5756000.0,149553000.0,4983000.0,0.18297,21774000.0,0.14559386973180077,631699000.0,300480000.0,485904000.0,324860000.0,325807000.0,68050000.0,228963000.0,169912000.0,259188000.0,9.478864353312304,1.4957335467586037,0.19054644696287315,0.4005857294994675,0.013991497089807868,9.478864353312304,0.01915601703940362,1.1361323410429747,7.379777623349549,0.565468583599574,0.0945100764419736,1.877722263041881,0.0032016573284994582,0.2367472482938868,1.1336637320691991,0.009111934639757227,-12.328544478305036,0.14559386973180077,0.016500000000000004,-0.2427320490073444,0.305517700036794,0.5292114176535028,0.08951713785339004,0.013023583245336149,-0.1262493424513414,-0.29574578791421474,0.02617959308198708,0.17492760621118544,Auto Parts,Consumer Cyclical,CAAS
2016Q3,2016,Q3,2016-11-10,2016-09-30,5682000.0,94626000.0,5703000.0,0.18,19985000.0,0.21119988163929576,612874000.0,306679000.0,471737000.0,299502000.0,300700000.0,74484000.0,223235000.0,132432144.00000001,210386144.0,9.610339390110607,1.5750712849997663,0.19092994644902542,0.3815585677532534,0.011123349618902087,9.610339390110607,0.018527515741214754,1.3995323061315073,5.82682787750792,0.4318265808875078,0.0,1.002107835239783,0.0,0.15439715177997435,1.1947499515862998,0.009271073662775709,12.31697767857143,0.21119988163929576,0.058823529411764594,-0.5053408457716231,0.11029895387325801,0.644612075440763,0.1012232752920432,0.0592841163310962,0.0809325246398787,-0.4210088381287061,-0.08539139175712608,0.23814895350362547,Auto Parts,Consumer Cyclical,CAAS
2016Q2,2016,Q2,2016-08-11,2016-06-30,5364000.0,101017000.0,5276000.0,0.17,18148000.0,0.17965292970490115,624606000.0,303602000.0,491151000.0,315015000.0,315615000.0,63086000.0,217553000.0,103637205.06,191105205.06,9.46218550984918,1.5591352792724156,0.20065769461068259,0.4128167798631103,0.010042570079430829,9.46218550984918,0.017667867800607376,1.0259382585109438,4.8302202209172265,0.34135876924394437,0.0,1.3135878007798878,0.0,0.16172915405871863,1.2237480754884689,0.008587813757792913,-8.159767345878278,0.17965292970490115,-0.055555555555555455,0.08079105025190542,0.07163804267618483,0.76547739364599,-0.13630306491528651,-0.0604308985811876,-0.2520555713070598,-0.058795870830864065,-0.09807137385993148,0.2767193750564158,Auto Parts,Consumer Cyclical,CAAS
2016Q1,2016,Q1,2016-05-12,2016-03-31,5709000.0,116854000.0,7054000.0,0.18,21012000.0,0.17981412703031133,630418000.0,306325000.0,494083000.0,314895000.0,315927000.0,70726000.0,212331000.0,149041528.16,214162528.16,9.53659035536824,1.5690404738087298,0.19117474437595372,0.3934383416306211,0.013863454428727886,9.53659035536824,0.018637068473027013,1.2754508032245366,6.526603965668243,0.4865470600179548,0.0,1.3551169301247066,0.0,0.1853595550888458,1.2228838184156623,0.009055896246617325,-12.226540456111566,0.17981412703031133,-0.16259595254710402,-0.7513566879362641,0.0983395395174385,0.8226156823703074,0.04164187983343248,-0.17642815926139643,-0.003672316384180791,-0.16090902502190224,0.049962165285907974,0.337160551048531,Auto Parts,Consumer Cyclical,CAAS
2015Q4,2015,Q4,2016-03-30,2015-12-31,6932000.0,120078000.0,7080000.0,0.21495,20172000.0,0.16799080597611551,607695000.0,299043000.0,476059000.0,298212000.0,300400000.0,65570000.0,206622000.0,147018000.0,188617000.0,9.315981308411216,1.5963777446916958,0.18310994824706472,0.3721036773975649,0.016188202805472285,9.315981308411216,0.023180612821567467,1.2243541697896367,5.302149451817658,0.4916282942586852,0.0,1.5236541101113315,0.0,0.19759583343618098,1.2313387791235766,0.0114070380700845,-60.35221674876847,0.16799080597611551,0.6534615384615384,-0.6839667171043866,0.32865264810863837,1.9954385410183313,0.26772247360482654,0.6166044776119403,0.4303030303030303,0.1933528764890935,0.03538123721515696,0.35248599753223986,Auto Parts,Consumer Cyclical,CAAS
2015Q3,2015,Q3,2015-11-12,2015-09-30,4288000.0,90845000.0,4950000.0,0.13,15912000.0,0.17515548461665476,599897000.0,297990000.0,485269000.0,291722000.0,293962000.0,67067000.0,199720000.0,171847451.64999998,214260451.64999998,9.277102946204788,1.663463845716127,0.1974955700728625,0.3975871673546092,0.009736445268292428,9.277102946204788,0.014389744622302763,1.8916555853376629,10.019091164295707,0.5766886528071412,0.058768656716417914,1.1172856993752516,0.0014664168573953946,0.1514343295599078,1.2916338157560965,0.007147893721755568,-183.4017627001067,0.17515548461665476,-0.4583333333333333,-0.558242947697148,0.007589006877252375,0.849424029238725,-0.2698572936263938,-0.4401357879618749,-0.400726392251816,0.10828820063822585,0.09212505504577263,0.39575126809327815,Auto Parts,Consumer Cyclical,CAAS
2015Q2,2015,Q2,2015-08-13,2015-06-30,7659000.0,109167000.0,8260000.0,0.24,21793000.0,0.19962992479412275,635213000.0,305605000.0,523560000.0,317171000.0,321181000.0,67794000.0,195434000.0,270458979.98,317522979.98,9.514175126262339,1.650718382197616,0.1856904691812038,0.3859655437574647,0.01600501412112902,9.514175126262339,0.02506176273293958,2.477479274689238,8.82814270727249,0.884995271608776,0.0,1.2888161194205976,0.0,0.17185888827842,1.2999296909238234,0.012057372881222519,351.70218462938885,0.19962992479412275,-0.07692307692307698,-0.2442155841134235,0.08155092473158491,1.047142050093756,0.005629643302108809,-0.1,-0.11780412261027448,-0.48253394881153805,0.19491293157726944,0.45476979119943434,Auto Parts,Consumer Cyclical,CAAS
2015Q1,2015,Q1,2015-05-14,2015-03-31,8510000.0,123443000.0,9363000.0,0.26,21671000.0,0.1755547094610468,641789000.0,296575000.0,536219000.0,332820000.0,336821000.0,68747000.0,187945000.0,233841018.32000002,284789018.32000005,9.233050794559164,1.611138152755243,0.1820800917435481,0.3940217482930119,0.019367197276347673,9.233050794559164,0.028694259462193374,1.8943238443654158,6.8695951327849585,0.7884717805614094,0.029612220916568743,1.4803845986006663,0.0010776552454760111,0.1923420314153094,1.2796286280872544,0.013259809688230867,-290.8470377114428,0.1755547094610468,-0.07265399293790348,-0.3066865507248169,0.22738614989787914,1.1519179156981358,-0.09591155611180642,-0.05737704918032787,0.003536977491961415,10.737544217186649,0.28538718830117665,0.5098576766180759,Auto Parts,Consumer Cyclical,CAAS
2014Q4,2014,Q4,2015-03-26,2014-12-31,9028000.0,135256000.0,9330000.0,0.28037,23970000.0,0.17721949488377595,629161000.0,289257000.0,522625000.0,324515000.0,330992000.0,64419000.0,179435000.0,227589000.0,283773000.0,9.011121495327103,1.610480255149993,0.1981829770122433,0.43106649104429623,0.021862312926940738,9.011121495327103,0.031210999215230746,1.6826536345892233,6.3023094816127605,0.7868055051390286,0.0,1.7275338021391204,0.0,0.214978360069998,1.2776913239757792,0.01434926831129075,7.639522003289584,0.17721949488377595,0.1682083333333334,0.16420680981117533,0.35822286681948345,1.3024086211110373,0.1645532721177671,0.3408584583395218,0.0595048830342948,0.17293669156013125,0.16599960812542214,0.45375114179177445,Auto Parts,Consumer Cyclical,CAAS
2014Q3,2014,Q3,2014-11-12,2014-09-30,6733000.0,101735000.0,8806000.0,0.24,20583000.0,0.20231975229763602,603896000.0,241591000.0,503309000.0,350863000.0,354067000.0,72691000.0,170407000.0,257434914.42,335407914.41999996,8.61501395409674,1.4344886750669064,0.19795130287334242,0.4948114789044294,0.020759770665004007,8.61501395409674,0.02786941566531866,2.530445907701381,9.558700223525916,1.0655815589984725,0.0,1.1163968029054492,0.0,0.1684644375852796,1.1078626130426976,0.011149270735358405,-85.78304379206931,0.20231975229763602,-0.38461538461538464,-0.2428378275383053,0.5140824275902828,1.3631891648272276,-0.04633276189593662,-0.3882427766672724,-0.4671426842551131,-0.33298748459369626,0.358377205067237,0.47428258294165293,Auto Parts,Consumer Cyclical,CAAS
2014Q2,2014,Q2,2014-08-13,2014-06-30,11006000.0,115476000.0,16526000.0,0.39,21583000.0,0.18690463819321765,603629000.0,237417000.0,503434000.0,321508000.0,324714000.0,63308000.0,163674000.0,243693835.10999998,301194835.11,8.466171206459618,1.565852171641141,0.18762849366084133,0.47704250327482867,0.038271494358553794,8.466171206459618,0.04635725327166968,2.110341846877273,5.535476901462838,1.0264380188023603,0.0,1.4831142983509193,0.0,0.1913029360749732,1.2567929880438433,0.01823305374658938,21.43682574859254,0.18690463819321765,0.6250000000000001,0.7428346785164788,0.77823995150221,1.5501937629021665,0.011529268406992548,0.6247416592855034,0.6913314911472725,1.537294527010261,0.4016313130232458,0.5796386426986566,Auto Parts,Consumer Cyclical,CAAS
2014Q1,2014,Q1,2014-05-14,2014-03-31,6774000.0,114306000.0,9771000.0,0.24,21337000.0,0.1866656168530086,577176000.0,231478000.0,483003000.0,296752000.0,299491000.0,55849000.0,152797000.0,221539850.10000002,291185850.1,8.25438944359022,1.62763182724969,0.1950895394125882,0.48644363611228714,0.022911374142878024,8.25438944359022,0.029264120132366792,1.9381296703585116,8.1761090234721,0.9570665467128627,0.0,1.6646493222797185,0.0,0.19804357769553826,1.2924327384482666,0.011736454738242754,-18.655987376842106,0.1866656168530086,-0.06334152909495383,1.8855891767312234,1.4606832520487656,1.664896775784386,-0.04562329471753813,-0.0650103519668737,0.13748544819557626,-0.6620702091280046,0.23062748502365313,0.5775637924733455,Auto Parts,Consumer Cyclical,CAAS
2013Q4,2013,Q4,2014-03-31,2013-12-31,7245000.0,129187000.0,8590000.0,0.25623,22357000.0,0.17305920874391387,565607000.0,226700000.0,470407000.0,291072000.0,293836000.0,51392000.0,146023000.0,222833000.0,284452000.0,8.067615658362989,1.6161190358399296,0.20437865867996682,0.5099161887957653,0.024243064873552683,8.067615658362989,0.0319585355094839,1.7248871790505236,7.689199447895099,0.9829422143802382,0.0,2.078728206724782,0.0,0.22840417463008766,1.2860117084432718,0.012809247410304328,34.03069639584606,0.17305920874391387,-0.17345161290322575,15.694356415251663,2.9045389375507624,2.2238462239856336,0.3529198184568835,-0.1599025974025974,-0.21695533272561532,-0.6226786576464357,0.6329223649360604,1.5940420098701176,Auto Parts,Consumer Cyclical,CAAS
2013Q3,2013,Q3,2013-11-13,2013-09-30,8624000.0,90919000.0,10970000.0,0.31,16525000.0,0.18175518868443338,536078000.0,217666000.0,439793000.0,275357000.0,275357000.0,53149000.0,138778000.0,209481351.93,267461351.93,7.7618604473362875,1.5971738506738524,0.21019702356746592,0.5176830556908291,0.0281435356570139,7.7618604473362875,0.03962033574375419,2.3040437304633796,6.072627317080241,0.9623981325976495,0.0,1.3997253005700954,0.0,0.16960031935651154,1.2774725174954695,0.016087211189416466,-67.9031934943274,0.18175518868443338,0.7222222222222223,2.007885019335184,1.3684559176039195,1.5908646853317323,-0.10136494643536897,0.7313792411162418,0.4038904530330177,0.017658373977817658,0.15505214170715245,0.5473549561907048,Auto Parts,Consumer Cyclical,CAAS
2013Q2,2013,Q2,2013-08-14,2013-06-30,4981000.0,97889000.0,7814000.0,0.18,18389000.0,0.18785563239996322,526234000.0,207836000.0,429696000.0,276459000.0,276459000.0,48251000.0,130155000.0,156760476.21,191912476.21,7.411327574966162,1.5542847221468645,0.2098344082670447,0.5312939048095614,0.01954892660371708,7.411327574966162,0.023966011663042013,1.601410538569196,7.867921913772334,0.7542508333974864,0.0,1.6476342459223643,0.0,0.18601800719831862,1.2662239247049292,0.009465370918640756,-132.17578095278247,0.18785563239996322,-0.14285714285714285,-0.06853570338814305,0.8673679572443348,1.3818424509141167,-0.0502530730296457,-0.16144781144781145,-0.16392039375133746,-0.4370018693064434,0.11084646483256741,0.5946774286141375,Auto Parts,Consumer Cyclical,CAAS
2013Q1,2013,Q1,2013-05-14,2013-03-31,5940000.0,97164000.0,9346000.0,0.21,19362000.0,0.19927133506236877,512533000.0,200002000.0,416511000.0,271996000.0,271996000.0,45270000.0,125269000.0,131802189.30000001,156135189.3,7.131971062031517,1.531312960484713,0.22376120171774305,0.5734192658073419,0.02406888346647993,7.131971062031517,0.02969970300296997,1.3564920062986292,5.5472301893939395,0.6590043564564354,0.0,1.7186216037110669,0.0,0.189576085832522,1.2351836056412595,0.011589497651858514,-30.852572401685396,0.19927133506236877,0.15708854482340612,0.14557178078064348,1.0019764490637146,2.5203204127713756,0.12308584686774943,0.168141592920354,0.25872053872053874,-0.44569211313148105,0.10658475793527708,0.6622259147182621,Auto Parts,Consumer Cyclical,CAAS
2012Q4,2012,Q4,2013-03-27,2012-12-31,5085000.0,101523000.0,7425000.0,0.18149,17240000.0,0.16981373678870798,485825000.0,193554000.0,389562000.0,250816000.0,253425000.0,43542000.0,119329000.0,134205600.0,154120600.0,6.888042704626335,1.5531784256187804,0.22140482684094068,0.5557312171280366,0.02218991362390605,6.888042704626335,0.02627173811959453,1.3219231110191778,6.5981120943952805,0.6933754921107288,0.0,1.935671305865601,0.0,0.20897030823856327,1.2409136578208726,0.010466731847887614,47.79401709401709,0.16981373678870798,0.5124166666666669,0.9856414466225778,1.3000898970360346,1.4587397072523482,0.3790896728261739,0.49383078730904817,0.35914332784184516,-0.25091990889843924,0.16460232665702726,0.7599461858256719,Auto Parts,Consumer Cyclical,CAAS
2012Q3,2012,Q3,2012-11-09,2012-09-30,3404000.0,73184000.0,5463000.0,0.12,12501000.0,0.1708160253607346,465181000.0,187837000.0,361136000.0,237271000.0,240455000.0,48033000.0,124196000.0,109649971.75999999,138433971.76,6.646673485654895,1.5220401987600676,0.2177088058196702,0.5391589516442448,0.01569748878227154,6.646673485654895,0.01812209522085638,1.4982779263226933,8.053023777908344,0.5837506548763023,0.0,1.26336060624987,0.0,0.15732370840597532,1.1919830067728463,0.007317581758498305,-29.828610380848747,0.1708160253607346,-0.5862068965517241,0.12102449362593914,0.9885116948623368,1.5414722908717111,-0.2002942681678608,-0.7385962217785287,-0.3628411476557033,-0.6201450298341692,0.08079478439063965,0.8232526200348955,Auto Parts,Consumer Cyclical,CAAS
2012Q2,2012,Q2,2012-08-09,2012-06-30,13022000.0,80379000.0,8574000.0,0.29,15632000.0,0.19447865736075343,457721000.0,184822000.0,359214000.0,235304000.0,236915000.0,46889000.0,120793000.0,115867238.19999999,135461238.2,6.539986727671912,1.5265953829939143,0.2125443228516935,0.5263767300429603,0.027299926297152378,6.539986727671912,0.07045698022962635,1.4415113176327148,2.2244516625710333,0.6269125872461071,0.0,1.3808569174006697,0.0,0.17560697455436827,1.2170893822459457,0.028449645089475905,-13.591796515387118,0.19447865736075343,10.666666666666666,3.4967999361360556,0.8766919892981265,1.60781987949335,-0.025794751307187506,17.935970534376562,0.33402954718301003,1.0462200840545879,0.2282568585081694,0.9699853635899196,Auto Parts,Consumer Cyclical,CAAS
2012Q1,2012,Q1,2012-05-09,2012-03-31,-768896.0,84492855.0,6427144.0,-0.03,16045900.0,0.1899083656245253,476874316.0,172816821.0,376418932.0,259105835.0,260724760.0,58290087.0,107770739.0,193300465.68,148935157.68,6.115179554698319,1.4527613089068412,0.07441577541366266,0.20534443229921467,0.003664734300367888,6.115179554698319,-0.0044491965281550925,2.287772920917396,-62.850003667596134,1.118528072449614,0.0,1.1742469178335588,0.0,0.1771805529572702,1.1238875882513415,-0.0016123661396769374,29.63462052446253,0.1899083656245253,-1.184922640695309,-1.3963837306635893,1.5215533954528426,1.5970412039057797,-0.2361999133281899,-1.1148085767186287,-0.20132616402829778,-1.3250161019332238,0.8049062080501781,0.9742613781462333,Auto Parts,Consumer Cyclical,CAAS
2011Q4,2011,Q4,2012-03-09,2011-12-31,6697200.0,100933289.0,8047270.0,0.16223,21007984.0,0.20813731731262616,466447120.0,173129111.0,365379535.0,217559672.0,250289944.0,51607193.0,108539635.0,92171204.39999999,31277230.39999999,6.198530983934935,1.6794451455139168,0.07265007017301339,0.1957349391114242,0.03904839123199384,6.198530983934935,0.03868326915858766,0.9131893482634851,3.4406619333452784,0.532384206605208,0.0,1.5487241284369022,0.0,0.21638742029321567,1.4122132340776834,0.014357897632640544,-48.01859056311832,0.20813731731262616,0.6223000000000001,2.930681656985022,2.204589969308989,1.728825154799102,0.523781505174935,-0.337491209432688,0.35039185556611435,14.525641628027067,2.069095254699106,1.4769537311934111,Auto Parts,Consumer Cyclical,CAAS
2011Q3,2011,Q3,2011-11-08,2011-09-30,10108847.0,75002717.0,5959211.0,0.1,13786743.0,0.18381658093799455,452261638.0,164106963.0,353041356.0,213679042.0,247350585.0,51304394.0,101842435.0,132554280.47999999,72468013.47999999,5.843529628429242,1.6522039442689003,0.08037155475035006,0.22149560466852342,0.03226607393032346,5.843529628429242,0.06159913519330682,1.767326382056266,3.2781750599252315,0.8077309948146442,0.0,1.1931916396868463,0.0,0.16583921937681567,1.3772775338444283,0.02235176754036344,9.878754260377963,0.18381658093799455,-0.28571428571428575,4.471050080851954,1.734841017518171,1.9540217069095283,-0.06850547981949466,1.3271051423609528,-0.22007665462816878,2.5206845506311897,0.9510152314631427,0.9505368145574754,Auto Parts,Consumer Cyclical,CAAS
2011Q2,2011,Q2,2011-08-09,2011-06-30,4343958.0,82505886.0,7640765.0,0.14,14800670.0,0.1793892619976228,434852479.0,150515441.0,336518825.0,204100336.0,244598906.0,45679605.0,91733588.0,242360898.42000002,249003999.42000002,5.359561976779703,1.648791136727967,0.18861482907632224,0.5449249954361826,0.026809738930274767,5.359561976779703,0.028860547271027163,2.9374982824861733,13.94816077986942,1.610206214125234,0.0,1.482176038956554,0.0,0.18973304737674038,1.3830743424155851,0.009989498070677895,14.269605306982903,0.1793892619976228,-0.3913043478260869,3.785487815625262,1.7605431452628686,1.81093754703274,-0.2594076490119444,-0.778843194133871,-0.34868279168886523,-0.18883669332719943,0.5716431753107247,0.7224487928071861,Auto Parts,Consumer Cyclical,CAAS
2011Q1,2011,Q1,2011-07-22,2011-03-31,19641982.0,91014170.0,11731250.0,0.23,19984908.0,0.21958018185519904,430712329.0,143776990.0,332379641.0,208474670.0,248166606.0,47485173.0,87389630.0,244557715.5,265726240.5,5.232364917965551,1.5943406505931872,0.19053209642392196,0.570776471255936,0.04771632846258754,5.232364917965551,0.13661422457098316,2.687029014273272,3.1126914216192643,1.700951699573068,0.0,1.495819800424861,0.0,0.21131080740435457,1.3310242294663424,0.045603482132966756,-25.473225677326337,0.21958018185519904,-0.32495891054238085,13.814168281838493,2.583379080391795,1.7430959266703145,-0.04437437075336975,-0.2037354013800338,-0.04410936700708392,2.865935240583614,0.9137975568409893,1.5826802811698728,Auto Parts,Consumer Cyclical,CAAS
2010Q4,2010,Q4,2011-06-28,2010-12-31,24667657.0,101637543.0,12272586.0,0.34072,20912905.0,0.20575964729883325,405215361.0,112273018.0,310563384.0,256371587.0,256975570.0,36870272.0,67747648.0,491682000.0,479655816.0,3.1100559002770085,1.2113798866486714,0.09229362605530643,0.3331058135446221,0.07635356007144185,3.1100559002770085,0.21971135575958242,4.837602184066965,4.983063450249855,4.379342505961672,0.030106183169321676,2.1894234466184574,0.0015104254375795738,0.25082351949634013,0.956751759702607,0.06087542421670436,101.92689726856182,0.20575964729883325,0.3104615384615385,16.743761178172477,2.426514986942709,0.9034057326254086,0.15073243767319117,2.01074058926046,0.00831566003276705,6.497852473929757,0.792394668907121,0.11015832242874539,Auto Parts,Consumer Cyclical,CAAS
2010Q3,2010,Q3,2010-11-09,2010-09-30,8193219.0,76102844.0,12171373.0,0.26,18173560.0,0.23880263922856812,388884617.0,136002995.0,299047384.0,215839357.0,220216895.0,40867074.0,94037012.0,414281887.91999996,402995035.91999996,5.016211966286339,1.3855090570900839,0.09749680327417014,0.2787806768520061,0.05945933568049957,5.016211966286339,0.06024293067957805,5.443710985623611,12.640998852831835,3.0461232704470955,0.1375065160591948,1.4175050555368853,0.0027194551170375,0.19569517711213555,1.0704598281396844,0.021068508863131503,70.3688364565576,0.23880263922856812,-0.07142857142857148,5.3346219692889125,3.4426121524416815,2.147086264702802,-0.08261880459923292,-0.04083893970406229,-0.11241799361129723,1.8124468244149619,1.1553465047631826,0.9180367058755438,Auto Parts,Consumer Cyclical,CAAS
2010Q2,2010,Q2,2010-08-09,2010-06-30,8542068.0,85081138.0,13712956.0,0.28,19810260.0,0.2328396218677752,370468790.0,125834974.0,290734028.0,209733775.0,214720234.0,39595346.0,85843793.0,476530683.20000005,513703150.20000005,4.647540274905009,1.3862050973907278,0.2224713342249424,0.6549743952742423,0.05478994124404673,4.647540274905009,0.06788309901824273,5.600896913250033,13.94658422293056,3.7869494310858287,0.20428097739329634,1.6484482292439115,0.0036618460500425546,0.22965804487876024,1.0772453697550621,0.023057456472919083,-51.6869617431561,0.2328396218677752,-0.1764705882352941,13.185783877278197,3.2316942944329328,2.1247778146492395,-0.13818325759581865,-0.17349508266386354,-0.13703373130933857,2.0788426660097548,1.0733961529886655,0.8532068067296676,Auto Parts,Consumer Cyclical,CAAS
2010Q1,2010,Q1,2010-05-06,2010-03-31,10335169.0,84684299.0,15890489.0,0.34,22986627.0,0.2714390656997704,351715509.0,116045014.0,277792350.0,207793686.0,208027693.0,35383898.0,77301725.0,624768236.4000001,606835162.4000001,4.290614770760776,1.3368661740761458,0.09422945008660394,0.28559571719298515,0.09099537550912355,4.290614770760776,0.08906172392723397,7.377615966331611,15.11267586432307,5.383843862520453,0.0,1.743665211786446,0.0,0.2407749923816979,1.055505502703292,0.029385024929338557,70.43115645879665,0.2714390656997704,1.3793372754658038,8.959095866684626,4.057291744719829,1.9346989966032804,-0.0551694316641138,0.5845189434689374,0.7165122969360388,4.567184811350905,1.6407112622234545,0.8221710826448826,Auto Parts,Consumer Cyclical,CAAS
2009Q4,2009,Q4,2010-03-25,2009-12-31,6522591.0,83761459.0,9257428.0,-0.8963,24328835.0,0.2904538112212205,313032957.0,105672068.0,242296776.0,179953823.0,180187764.0,27415697.0,66966556.0,505170000.0,533497983.0,3.9137802962962964,1.3464386138659583,0.22939488444981848,0.6795377469096185,0.04978884528599938,3.9137802962962964,0.061724835365197926,6.031055404610371,19.36232089364487,4.780544277793447,0.0,2.167831954080905,0.0,0.2675803206241955,1.1021909103870497,0.020836754897983475,261.8602199196645,0.2904538112212205,-4.201071428571428,1.7046823946812655,3.8340834449502084,1.752199769942119,0.37923866915066234,-0.237704363378952,-0.041121822134405364,2.9601561333143906,1.7510585631404711,0.722992455885177,Auto Parts,Consumer Cyclical,CAAS
2009Q3,2009,Q3,2009-11-12,2009-09-30,8556511.0,64654369.0,9654436.0,0.28,17639322.0,0.2728249037586308,284028519.0,98369230.0,218092209.0,130606151.0,160287840.0,29388926.0,60443965.0,250678730.92999998,270986634.92999995,3.6455033233560816,1.6698463841875257,0.23308356228833485,0.6729988534016176,0.05018483049750823,3.6455033233560816,0.08698361266017839,3.877212550477447,7.324209918330029,2.5483449543114243,0.04767305271973588,1.5997538324469565,0.001627242161657133,0.22763337015463578,1.3583804180861283,0.030125534682663328,41.06998954895525,0.2728249037586308,0.33333333333333354,2.526987019346824,2.705106192271818,1.7946267566216423,-0.046612392828952444,0.40816648286660295,-0.1720237273870158,3.8196529212208388,1.4535954119697716,0.8428752200404948,Auto Parts,Consumer Cyclical,CAAS
2009Q2,2009,Q2,2009-08-12,2009-06-30,6076349.0,62484279.0,11660281.0,0.21,18501732.0,0.2961021923610577,263607712.0,89579375.0,198312978.0,149606144.0,149839959.0,26754416.0,51887454.0,148407842.0,170196363.0,3.3198148821542732,1.3255670702935836,0.23270878357306937,0.6847985934262212,0.06609528643667235,3.3198148821542732,0.0678320093213421,2.3751229009140045,6.105962725314165,1.6567188819971115,0.36502692653104685,1.6439359767748247,0.014945510763508037,0.23703509478508733,1.0763043528479685,0.023050725465877112,30.921766231298424,0.2961021923610577,1.625,1.8158152883640002,2.2169704811840085,1.653534520840418,0.5168050778863882,1.6900640690770192,0.6440281271488347,5.966921299727546,1.1758951653760021,0.7411483143352945,Auto Parts,Consumer Cyclical,CAAS
2009Q1,2009,Q1,2009-05-12,2009-03-31,2258812.0,44697446.0,7092507.0,0.08,12197831.0,0.272897717690626,244403703.0,83579299.0,179265030.0,137470540.0,137704219.0,27945742.0,45811105.0,94711186.44,95290347.44,3.097451848265538,1.3040250660250552,0.15615332964083609,0.4566256532015182,0.041672549061255046,3.097451848265538,0.027025974458101162,2.1189395573071446,10.482411378193492,1.1331895286654654,0.6864834258008192,1.1629540915392407,0.016372268770831377,0.18288366931985478,1.0275453417146685,0.009242134927882005,22.01947678416905,0.272897717690626,4.201560468140442,0.8640488910630953,1.913759602015187,1.5866156566646585,0.139440681753302,3.500226125797666,6.3615419106672455,0.7348792509317493,0.7921058234201095,0.6238560729702101,Auto Parts,Consumer Cyclical,CAAS
2008Q4,2008,Q4,2009-03-26,2008-12-31,501933.0,38267148.0,963454.0,0.01538,10705104.0,0.27974658576594214,231046936.0,81330650.0,168292580.0,126259679.0,126493720.0,26571755.0,43552293.0,110175000.0,133950016.0,2.5024815384615384,1.332908346773161,0.2635325620591653,0.7486524575913263,0.012573870216190644,2.5024815384615384,0.006171510986325573,2.879101416180793,54.87535188959483,1.3546553482604653,0.0,1.037268483018905,0.0,0.16562499664570318,1.0576474774658662,0.002172428722447979,11.950115710310323,0.27974658576594214,-0.829111111111111,-0.46356896218423344,0.40269616575209755,1.1258941139107332,0.08370746438909103,-0.8180597285973251,-0.7394250471139845,-0.5989602941487113,0.43300733978007594,0.531560158025677,Auto Parts,Consumer Cyclical,CAAS
2008Q3,2008,Q3,2008-11-12,2008-09-30,2758779.0,36936755.0,3697416.0,0.09,9878223.0,0.2674361350909142,231223657.0,80837944.0,168934852.0,93911200.0,127767508.0,29933712.0,43050360.0,113059792.36000001,144843073.36,2.995857132670927,1.7988786428029884,0.2550425019875886,0.7295071730176611,0.024426040291540014,2.995857132670927,0.034127278150468544,3.0609021382630934,10.245455721534782,1.3985980687485076,0.0,0.9039484311200696,0.0,0.15974470553417464,1.3640394329962773,0.011931214287472324,-384.0659305106395,0.2674361350909142,-0.5,-0.06840291578211118,1.2689225074632104,2.314674879109074,-0.31700060374732664,-0.4185133700998344,-0.32502879303643906,1.1431939889961438,1.166579771787894,0.8795499266392857,Auto Parts,Consumer Cyclical,CAAS
2008Q2,2008,Q2,2008-08-12,2008-06-30,4744355.0,46508340.0,5477887.0,0.18,14463004.0,0.31097656893365794,227976287.0,77416689.0,165788905.0,95828222.0,129789674.0,26210406.0,40291581.0,145797216.06,157334336.06,3.111594376077142,1.7300634566714594,0.17531790927009877,0.516275321462017,0.049889806092651874,3.111594376077142,0.061283362299309904,3.134861748667013,7.682667931678806,1.8832788891294487,0.0,1.2226188331458887,0.0,0.20400516480031977,1.3854286892644214,0.02081073896953151,-94.13955005859621,0.31097656893365794,0.0,5.706098362603897,2.3300420860106925,2.144012768007081,0.184291337389876,0.07091843345204951,-0.1926074747400903,7.574209268547454,1.517319968454348,1.0920832310058732,Auto Parts,Consumer Cyclical,CAAS
2008Q1,2008,Q1,2008-05-14,2008-03-31,4430174.0,41467043.0,6784664.0,0.18,12212370.0,0.2945078577220951,235740972.0,48541008.0,176554127.0,133507380.0,168549817.0,22676585.0,35547226.0,136570301.4,131150285.4,2.0259437283485413,1.3224297188664775,0.1889446947728713,0.9176160083037419,0.06431010745380777,2.0259437283485413,0.09126662553031449,3.293466124411138,7.706824912520367,2.81350361327478,0.0,1.2900828321372022,0.0,0.17590087394735948,1.0943342308118098,0.018792549985753006,-40.48408309401227,0.2945078577220951,0.9635649612741354,19.458987933470627,2.30318939293967,0.7093653794156787,-0.03646786068340699,1.0254696230351317,0.9371509707791216,3.8189083194953586,1.795398499196211,0.38570702438172055,Auto Parts,Consumer Cyclical,CAAS
2007Q4,2007,Q4,2008-03-25,2007-12-31,2187233.0,37698542.0,3502393.0,0.09167,12674585.0,0.3362088910494204,182984687.0,67234862.0,127271310.0,92248955.0,92583555.0,20193286.0,31117052.0,186002400.0,195506415.0,2.8014525833333335,1.3796504253083408,0.1584349733046241,0.43119258577492137,0.04160837129148748,2.8014525833333335,0.03253123357343992,4.933941477100096,21.260012079188638,2.7664576748889584,0.0,1.239221640301633,0.0,0.20602020102370644,1.100389722571925,0.011953093102265984,-60.15514004485704,0.3362088910494204,-0.16663636363636364,1.1922181498571587,0.0,54.08282773496526,0.11545038697054964,-0.1503970994609267,-0.47177001438217,0.02033715002008,1.4476368660624706,0.9700025478308175,Auto Parts,Consumer Cyclical,CAAS
2007Q3,2007,Q3,2007-11-09,2007-09-30,2574418.0,31202731.0,6630432.0,0.11,11362751.0,0.3641588616073382,167025817.0,62661441.0,115942790.0,77782905.0,78104297.0,19446977.0,28929819.0,204615855.07999998,208485536.07999998,2.6152846558776064,1.4905947521502314,0.15363473420399434,0.4095176649384747,0.07063081248747494,2.6152846558776064,0.041084564269755625,6.557626480835924,19.870108028299985,3.265418921342712,0.0,1.0202089507279204,0.0,0.18681382052452405,1.1924921806404634,0.015413293862229694,183.38171906591907,0.3641588616073382,0.09999999999999995,1762.5263579190157,0.0,24883.158136857008,-0.060448712340846214,0.048576993540934706,0.11541468264482413,0.19510640189125356,1.0137972829463642,1.0048656734645602,Auto Parts,Consumer Cyclical,CAAS
2007Q2,2007,Q2,2007-08-13,2007-06-30,2455154.0,36312338.0,5944365.0,0.1,12093806.0,0.3330494995943252,159808079.0,60087023.0,110882484.0,76600790.0,76922182.0,17364810.0,26355401.0,171731164.085,176344233.085,2.5078368253494974,1.4475370815366264,0.15168616725566172,0.4034261274684885,0.05779666198750775,2.5078368253494974,0.040859970712810986,4.729278629346312,17.486801651240615,2.858040813321705,0.0,1.3946902960642817,0.0,0.22722466991171328,1.1690149409686246,0.015363140683269211,-747.9450013283741,0.3330494995943252,0.4575984607760255,507.081195527027,0.0,15097.775140725418,0.3157016618751323,0.4942197710305088,0.1456563230506199,0.2813062350710836,1.1054419583313393,1.004518873769688,Auto Parts,Consumer Cyclical,CAAS
2007Q1,2007,Q1,2007-05-14,2007-03-31,1643101.0,28383392.0,5188611.0,0.068606,9191906.0,0.32384804465935574,145973491.0,56366316.0,99796332.0,67628698.0,67941849.0,18051757.0,23900247.0,200840474.42000002,191811725.42000002,2.3546717493359326,1.4756506475993372,0.05708798866775064,0.14784242773645168,0.05871820470408622,2.3546717493359326,0.02915040606875922,7.075985647522327,30.558144998390244,3.5631293416443963,0.0,1.0631367351111585,0.0,0.19444209907948287,1.150981407330953,0.011256160202402778,-271.4401599390194,0.32384804465935574,0.15168709081752565,641.5962757269593,0.0,6387.616211529411,0.10699481674965801,0.1461786742952969,0.44067094929813044,0.5284328228406947,1.0856440335258333,0.9663359146482996,Auto Parts,Consumer Cyclical,CAAS
