Quarters,Year,Quarter,FillingDate,Date,NetIncome,Revenue,OperatingIncome,EPSDiluted,GrossProfit,GrossProfitRatio,TotalAssets,CommonStockEquity,CurrentAssets,CurrentLiability,TotalLiability,Inventory,RetainedEarnings,MarketCap,EnterpriseValue,bookValuePerShare,currentRatio,debtToAssets,debtToEquity,roic,shareholdersEquityPerShare,roe,priceToSalesRatio,peRatio,pbRatio,payoutRatio,inventoryTurnover,dividendYield,assetTurnover,quickRatio,returnOnAssets,priceToFreeCashFlowsRatio,grossProfitMargin,epsdilutedGrowth,fiveYNetIncomeGrowthPerShare,fiveYRevenueGrowthPerShare,fiveYShareholdersEquityGrowthPerShare,grossProfitGrowth,netIncomeGrowth,operatingIncomeGrowth,threeYNetIncomeGrowthPerShare,threeYRevenueGrowthPerShare,threeYShareholdersEquityGrowthPerShare,Industry,Sector,Symbol
2023Q1,2023,Q1,2023-05-04,2023-03-31,22713879.0,25755545.0,36957738.0,0.39,25098651.0,0.9744950456,1792799456.0,750982145.0,121177744.0,4041550.0,1041817311.0,0.0,-216966192.0,595002819.2,1518834648.2,13.000133518527033,29.982987715109303,0.570404281180237,1.361710783416828,0.020805203379224164,13.000133518527033,0.030245564626573112,23.101930834699868,6.548890429503477,0.7922995548715742,0.9410055851754779,0.0,0.03592232895423565,0.014366104872356678,29.982987715109303,0.012669503509711015,-14.722046219137884,0.9744950456299799,1.1541501976284585,-0.14900950875117813,-0.0984055014585564,-0.12730251635671447,-0.815731737506926,1.1551319519909333,-0.3876586580573097,1.3320055632435257,-0.36590130269207877,0.1223006268649346,Asset Management,Financial Services,TCPC
2022Q4,2022,Q4,2023-02-28,2022-12-31,-146416510.0,136207129.0,60354798.0,-2.53,136207129.0,1.0,1719349849.0,746753790.0,1506103627.0,14086566.0,972596059.0,0.0,-221194547.0,747508396.16,1609079039.1599998,12.92693713172914,106.91772764206692,0.5490481268539082,1.2641459965003994,0.10937709168325377,12.92693713172914,-0.19607066205850793,5.48802696046842,-1.2763389800781346,1.0010105153400024,-0.12625300930885458,0.0,0.024729521561177588,0.07922013607598252,106.91772764206692,-0.08515806721078789,21.072549906919573,1.0,-4.833333333333333,-8.5966844045354,4.16143382884659,-0.12638906332684982,3.9451356117936256,-4.827431027549612,1.4744226331282164,-127.7230450662072,58.428040420547305,-0.02307719904868241,Asset Management,Financial Services,TCPC
2022Q3,2022,Q3,2022-11-03,2022-09-30,38254513.0,28082685.0,24391467.0,0.66,27543659.0,0.9808057527,1811722698.0,815912902.0,125103776.0,3919983.0,995809796.0,0.0,-147245180.0,631396195.52,1509474199.52,14.124139616513602,31.914366975571067,0.5430591194149735,1.2058548536103428,0.019758431721913078,14.124139616513602,0.0468855350935485,22.483469636895475,4.126285671967644,0.7738524467161815,0.45302312435659553,0.0,0.0274473921809544,0.015500542677420273,31.974181775788313,0.02111499350437569,4.775869640271828,0.9808057527262796,301.0,0.9339469169469619,0.29745851063930695,-0.05357628429259263,21.581915387276773,299.6883700956471,1.63944522393031,1.1106295413076757,0.385562359772406,0.039308430621099025,Asset Management,Financial Services,TCPC
2022Q2,2022,Q2,2022-08-03,2022-06-30,-128075.0,2069877.0,9241134.0,-0.0022,1219722.0,0.5892726959,1872513579.0,807004074.0,49427039.0,9623589.0,1065509505.0,0.0,-156154008.0,723823817.92,1716298194.92,13.96992029949696,5.136029707835611,0.5564186170315617,1.291073303800942,0.00499816461684042,13.96992029949696,-0.00015870427935410893,349.6941209163636,-1412.8905288307633,0.8969270927373286,-135.31273862970914,0.0,0.023942537632708025,0.0011054002615593316,7.169711320797262,-6.839736781422828e-05,75.48046226977026,0.5892726959138151,-1.01,-1.0048037010068627,-0.9283791602891681,-0.09480995976424231,-0.9167014050895296,-1.010288007994242,-0.5759812581019396,0.9879628358149286,-0.9562911817363228,0.024474354753702673,Asset Management,Financial Services,TCPC
2022Q1,2022,Q1,2022-05-04,2022-03-31,12448960.0,14642768.0,21794164.0,0.22,14642768.0,1.0,1868915040.0,824462328.0,65344383.0,3209435.0,1044452712.0,0.0,-138695754.0,826071875.2,1810331980.2,14.272137382168559,20.360089236890605,0.5500044009491196,1.2467658764876883,0.011765532262366101,14.272137382168559,0.015099489178843354,56.41500809136633,16.58917442099581,1.0019522386230848,1.392098536745238,0.0,0.020979020736911297,0.007834902971298257,20.360089236890605,0.006661062559590724,30.961758142018375,1.0,-0.6071428571428572,-0.5317602479383854,-0.4865186061786379,-0.04329409441587952,-0.5912086724208245,-0.6179275629580611,-0.4679155672294999,-0.4749774128438831,-0.4557629642920858,0.006502942342732091,Asset Management,Financial Services,TCPC
2021Q4,2021,Q4,2022-02-24,2021-12-31,32582722.0,35819664.0,40959973.0,0.56,35819664.0,1.0,1894229327.0,829456636.0,45638358.0,39858073.0,1064772691.0,0.0,-137011042.0,780435736.64,1773344803.6399999,14.358593060595704,1.145021687325426,0.5344977641136479,1.220632033137414,0.02223767482249709,14.358593060595704,0.03928200774561046,21.78791338299544,5.988110329149295,0.9408999853248506,0.5318824805367703,0.0,0.022205773244843192,0.018909887778334456,1.145021687325426,0.017201044000096404,-23.400549763005323,1.0,1.9473684210526319,0.08248312828988281,-0.06425753441988138,-0.03708126239763271,0.0,1.9901515865521964,0.0,33.435830912506106,4.754075823173237,0.016066783800105375,Asset Management,Financial Services,TCPC
2021Q3,2021,Q3,2021-11-03,2021-09-30,10896679.0,19095359.0,0.0,0.19,0.0,0.0,1833506923.0,814204093.0,0.0,0.0,1019302830.0,0.0,-165826876.0,783901772.48,1725156262.48,14.094558693311146,0.0,0.5333179311916894,1.2009791247757826,0.0,14.094558693311146,0.013383227981390165,41.0519525964398,17.98487806422489,0.9627828934040988,1.5904092430363417,0.0,0.022107590017526275,0.01041466424831165,0.0,0.005943080368723539,13.886081116920929,0.0,-0.8,-0.615526876722191,-0.369822167565073,-0.05565329190180026,0.0,-0.8012517876603253,0.0,-0.26980770315407093,0.09854153439344367,-0.02833275775368412,Asset Management,Financial Services,TCPC
2021Q2,2021,Q2,2021-06-30,2021-06-30,54826551.0,57017675.0,0.0,0.95,0.0,0.0,1882986414.0,820637593.0,0.0,0.0,1062348821.0,0.0,-159393376.0,798343588.48,1771548123.48,14.205927997559309,0.0,0.5263373089849601,1.2077024138961179,0.0,14.205927997559309,0.06680969951616633,14.001686117155778,3.6403146555762738,0.9728333131333895,0.316090993941968,0.0,0.02170766979289664,0.030280449490274444,0.0,0.029116806468896805,54.24237322259425,0.0,0.5573770491803278,0.8101587323505559,0.7489184285569711,-0.06412453770519899,0.0,0.5450704811200687,0.0,12.558493713374569,8.180876408378449,-0.027397447209972316,Asset Management,Financial Services,TCPC
2021Q1,2021,Q1,2021-03-31,2021-03-31,35484822.0,38767068.0,0.0,0.61,0.0,0.0,1801872041.0,783141221.0,0.0,0.0,1018730820.0,0.0,-196889748.0,798921261.12,1767648280.12,13.556834213231909,0.0,0.545533667004715,1.2551782943372867,0.0,13.556834213231909,0.045310885250924623,20.60824566665707,5.628612573567369,1.0201496737712903,0.48838286408763726,0.0,0.021691973719293677,0.021514884030546983,0.0,0.019693308510579193,-6.634006322756387,0.0,-0.2650602409638554,0.8659809063618925,0.8464724592354658,-0.07452049589206232,0.0,-0.26055314319836864,0.0,0.32946231269687587,0.35707379647303295,-0.08993126207543836,Asset Management,Financial Services,TCPC
2020Q4,2020,Q4,2020-12-31,2020-12-31,47988333.0,51125905.0,0.0,0.83,0.0,0.0,1671987155.0,764986578.0,0.0,0.0,907000577.0,0.0,-215044391.0,649304047.36,1479313666.3600001,13.24256205036818,0.0,0.508386799777777,1.1111517815414533,0.0,13.24256205036818,0.06273094767945066,12.700098851257499,3.3826140999730083,0.8487783525007154,0.3611331737653817,0.0,0.02669039115105263,0.030577929290371852,0.0,0.028701376596400947,7.681282033825184,0.0,0.024691358024691242,4.548306282244346,2.9406171117689834,-0.10588728743137325,0.0,0.03164555288459213,0.0,1.489830012344588,0.937365375327726,-0.10505892317069081,Asset Management,Financial Services,TCPC
2020Q3,2020,Q3,2020-09-30,2020-09-30,46516299.0,51017360.0,0.0,0.81,0.0,0.0,1688769611.0,734328424.0,0.0,0.0,954441187.0,0.0,-257015767.0,566696859.84,1462998036.8400002,12.711843579782487,0.0,0.5517333885752874,1.268847220872387,0.0,12.711843579782487,0.06334536084905791,11.10792208456102,3.0456897475871845,0.7717212643807453,0.37256143271415465,0.0,0.03058103940242931,0.030209780936187158,0.0,0.02754449079200064,18.788666377579755,0.0,0.012500000000000011,0.7623864910375058,0.7183382578124736,-0.15774631833186742,0.0,0.003560463622278114,0.0,1.3516193511294483,1.3570719082719247,-0.14821075400564698,Asset Management,Financial Services,TCPC
2020Q2,2020,Q2,2020-06-30,2020-06-30,46351267.0,48718434.0,0.0,0.8,0.0,0.0,1656112352.0,705142304.0,0.0,0.0,950970048.0,0.0,-286201887.0,527989612.24,1433954359.24,12.206680792860745,0.0,0.559510696168034,1.3140788316679977,0.0,12.206680792860745,0.06573320978909812,10.837573560759363,2.847762566231469,0.7487702967825343,0.44866277333907617,0.0,0.03938730520051793,0.029417348370818747,0.0,0.027987996674273943,7.181647030256398,0.0,1.6779661016949152,0.5661582055860126,0.44277949849874504,-0.1926942682314288,0.0,1.6671031335273256,0.0,0.738504542599629,0.6857408302428266,-0.20906020641846168,Asset Management,Financial Services,TCPC
2020Q1,2020,Q1,2020-03-31,2020-03-31,-69481411.0,41251198.0,0.0,-1.18,0.0,0.0,1663404433.0,679583911.0,0.0,0.0,983820522.0,0.0,-311757066.0,366677700.0,1323560855.0,11.583468107686942,0.0,0.5804108699282274,1.4206604929468378,0.0,11.583468107686942,-0.10224110647022072,8.888898208483544,-1.3193374124195607,0.5395620674133352,-0.3044830652618727,0.0,0.057696208414092266,0.024799259387329048,0.0,-0.04177060588607918,-5.565340985669536,0.0,-58.92889791772473,-3.4678810446835677,0.3343090901138284,-0.22949884247096666,0.0,-59.14675492859233,0.0,-3.5732451123028084,0.42434571426950113,-0.22352398599980544,Asset Management,Financial Services,TCPC
2019Q4,2019,Q4,2019-12-31,2019-12-31,-1155198.0,2327722.0,0.0,-0.01969,0.0,0.0,1722069196.0,776318386.0,0.0,0.0,945750810.0,0.0,-221119742.0,824291469.6,1687245317.6,13.232301589379446,0.0,0.5271579034737,1.1693686551435096,0.0,13.232301589379446,-0.0014880466839799927,354.1193792042177,-178.3874863010497,1.0617956298152136,-18.313602516624854,0.0,0.0256654809375453,0.0013517006200487196,0.0,-0.0006708197340056247,12.901796910373484,0.0,-1.0635161290322581,0.6897964422802815,68.61564025801576,-0.1183985308321573,0.0,-1.0626529344126447,0.0,-1.037789184429632,-0.9401253124582388,-0.11261283830196975,Asset Management,Financial Services,TCPC
2019Q3,2019,Q3,2019-09-30,2019-09-30,18438051.0,20618492.0,0.0,0.31,0.0,0.0,1800718665.0,798626464.0,0.0,0.0,1002092201.0,0.0,-201388309.0,796573157.11,1701546488.1100001,13.589940387641139,0.0,0.5470274364041203,1.233420828639107,0.0,13.589940387641139,0.023087202629939397,38.63391935307393,10.800669185560881,0.9974289521039463,1.1473967611869607,0.0,0.026558464607009814,0.011450146211484958,0.0,0.010239273551374,259.71601027748426,0.0,2.7222222222222223,-0.14425237542449473,-0.15472952365378598,-0.16871926782216784,0.0,2.703460089457738,0.0,-0.36049713658883764,-0.33112056101413806,-0.08946312207631374,Asset Management,Financial Services,TCPC
2019Q2,2019,Q2,2019-06-30,2019-06-30,-10823882.0,48174625.0,0.0,-0.18,0.0,0.0,1742476994.0,801341260.0,0.0,0.0,941135734.0,0.0,-198670600.0,838000336.52,1723533000.52,13.636183506863397,0.0,0.5207472862623057,1.1323392558121868,0.0,13.636183506863397,-0.01350720665500239,17.395056765257642,-19.355355512005765,1.0457471471268058,-1.9545379374978404,0.0,0.025245440936043216,0.027647208637981018,0.0,-0.006211779000394653,-10.111824504843279,0.0,-1.4390243902439024,-1.4325578939322379,0.7005471372102585,-0.11216673451424382,0.0,-1.4487174682507373,0.0,-1.3512901023128177,0.4525648270200285,-0.10165886060980352,Asset Management,Financial Services,TCPC
2019Q1,2019,Q1,2019-03-31,2019-03-31,24121820.0,27370963.0,0.0,0.41,0.0,0.0,1663098892.0,833317987.0,0.0,0.0,829780905.0,0.0,-166691030.0,837436048.5,1616232013.5,14.179926140055578,0.0,0.48436549075639695,0.9666750551011447,0.0,14.179926140055578,0.028946717071162895,30.595783148002504,8.679237807304755,1.0049417648055639,0.877032454433372,0.0,0.02526236963155999,0.016457808451236705,0.0,0.01450414050302909,40.632700108646794,0.0,24.57676825761932,-0.3531446726493754,-0.311988577232655,-0.07822769548485903,0.0,24.60438820613335,0.0,0.246865614275687,0.2814892498537086,-0.0319841044026989,Asset Management,Financial Services,TCPC
2018Q4,2018,Q4,2018-12-31,2018-12-31,-1021921.0,6332875.0,0.0,-0.01739,0.0,0.0,1659535689.0,830474727.0,0.0,0.0,829060962.0,0.0,-169657231.0,766327443.68,1543609233.6799998,14.131544588923914,0.0,0.4851972737538397,0.9695685682196564,0.0,14.131544588923914,-0.001230526308358087,121.00782720012631,-187.4722810471651,0.9227582956657512,-20.710267232007173,0.0,0.02761777249992066,0.0038160523102796617,0.0,-0.0006157872992871803,-9.527382344678303,0.0,-1.0668846153846154,-1.0342016828702796,-0.8130495000582458,-0.07120648595556471,0.0,-1.0672698115035795,0.0,-1.116141411196624,-0.5201901520538372,-0.04586486986965136,Asset Management,Financial Services,TCPC
2018Q3,2018,Q3,2018-09-30,2018-09-30,15191376.0,17695040.0,0.0,0.26,0.0,0.0,1685209235.0,853013535.0,0.0,0.0,832195700.0,0.0,10937797.0,837398137.76,1511464734.76,14.505540663002202,0.0,0.45356341463438515,0.896057593036903,0.0,14.505540663002202,0.0178090679416945,47.32389063602004,13.780814485797732,0.9816938458778383,1.3935717212186705,0.0,0.02528101155876638,0.010500203554842257,0.0,0.009014534032030747,6.807871296833751,0.0,2.714285714285714,-0.5833160316330877,-0.5463290034287005,-0.03911821976399254,0.0,2.689336912078849,0.0,-0.4346037650410738,-0.41453353493746864,-0.03890061647458837,Asset Management,Financial Services,TCPC
2018Q2,2018,Q2,2018-06-30,2018-06-30,4117644.0,6324041.0,0.0,0.07,0.0,0.0,1684753319.0,859182290.0,0.0,0.0,825571029.0,0.0,7596139.0,850000066.3,1624502215.3,14.606097790724373,0.0,0.4760900132703641,0.9335553576179975,0.0,14.606097790724373,0.004792514985382206,134.40774123697173,51.607185219266164,0.9893128340669125,5.142495562996704,0.0,0.024911722762767978,0.003753689592820443,0.0,0.002444063444519025,233.96302401864216,0.0,-0.8478260869565217,-0.8634657208005806,-0.8045101394400768,-0.13286124546302,0.0,-0.8485535856052413,0.0,-0.863368484257233,-0.8160798174006174,-0.03400550359926405,Asset Management,Financial Services,TCPC
2018Q1,2018,Q1,2018-03-31,2018-03-31,27188785.0,29099310.0,0.0,0.46,0.0,0.0,1665615764.0,876575015.0,0.0,0.0,789040749.0,0.0,4824877.0,836767097.82,1591685928.8200002,14.896494790216249,0.0,0.46148425802242826,0.8768849691660445,0.0,14.896494790216249,0.03101706589252946,28.755564919580568,7.694046440655587,0.9545869817199844,0.7791449305292605,0.0,0.025316487772033512,0.017470601941301032,0.0,0.01632356368596425,-9.03891987897698,0.0,0.3939393939393939,-0.3931051308343413,-0.3796160154241319,-0.0007870880427888213,0.0,0.3848433001939122,-1.0,-0.03718050356144615,-0.061569633337326374,-0.00912521428966189,Asset Management,Financial Services,TCPC
2017Q4,2017,Q4,2017-12-31,2017-12-31,19633113.0,26881449.0,29952062.0,0.33,0.0,0.0,1629422368.0,870728126.0,0.0,0.0,758694242.0,0.0,4443768.0,899142141.68,1537717185.6799998,14.79713289872146,0.0,0.4450658682746155,0.8328664933926804,0.018733085765112463,14.79713289872146,0.022547925596697677,33.44842540593701,11.449306863358856,1.0326324771551023,1.0790417189571517,0.0,0.02356128916437732,0.01649753282385283,0.0,0.012049124515271169,-37.59925445983577,0.0,0.32000000000000006,24.935763035813327,-0.5918289471891997,0.0057589796348026506,0.0,-0.024756430184998166,0.08648992548570646,6.256286086626655,800.544923434609,-0.014141718667067081,Asset Management,Financial Services,TCPC
2017Q3,2017,Q3,2017-09-30,2017-09-30,20131497.0,22028407.0,27567731.0,0.25,0.0,0.0,1642115123.0,877396967.0,0.0,0.0,764718156.0,0.0,17896625.0,969483443.9599999,1562931665.96,14.923695784563545,0.0,0.40519577323203304,0.758354692374951,0.017868924294015397,14.923695784563545,0.022944570994852777,44.01060158185746,12.039385893160354,1.104954177440187,1.0513471998629809,0.0,0.021831412523712224,0.013414654485220279,0.0,0.012259491869986268,-36.76438476946308,0.0,-0.28571428571428564,-0.23428724098972217,-0.32355179379537824,0.009005338382215934,0.0,-0.2384470741348988,-0.11175891494338439,-0.0660724963515296,-0.09733147823345527,-0.08713501275743767,Asset Management,Financial Services,TCPC
2017Q2,2017,Q2,2017-06-30,2017-06-30,26434797.0,28654492.0,31036316.0,0.35,0.0,0.0,1525708418.0,883941540.0,0.0,0.0,641766878.0,0.0,17007637.0,967957048.4999999,1513107323.5,15.433135229656836,0.0,0.38455847990215386,0.6637589517514926,0.02110358394513396,15.433135229656836,0.029905594209318414,33.78028996291401,9.154194077034145,1.0950464535245168,0.8006544177358351,0.0,0.02186578116539228,0.01878110631228096,0.0,0.01732624444364834,-15.26477892110473,0.0,-0.054054054054054106,0.5430103843161466,-0.030013574265146857,0.05011296567818388,0.0,0.08286395896301185,0.24734569981184706,0.08390809115146713,0.037811146437846326,0.004830335462480766,Asset Management,Financial Services,TCPC
2017Q1,2017,Q1,2017-03-31,2017-03-31,24411928.0,26183986.0,24881888.0,0.37,0.0,0.0,1414082063.0,791279021.0,0.0,0.0,622803042.0,0.0,13343715.0,923989932.84,1476382105.8400002,14.917998623050885,0.0,0.4302131290098968,0.7688269913072799,0.017777403204115208,14.917998623050885,0.030851226118883798,35.288360329859636,9.462484208949002,1.167716959906612,0.782203027962396,0.0,0.020665900483686918,0.018516595808060966,0.0,0.017263445056512255,-63.623173522666214,0.0,-0.2884615384615385,1.5689702136000254,1.0452936468382235,0.0,0.0,-0.11671966111054485,0.030149116846644793,-0.274701355478565,-0.27077923023954614,-0.030248970713650205,Asset Management,Financial Services,TCPC
2016Q4,2016,Q4,2016-12-31,2016-12-31,27637803.0,35148149.0,24153676.0,0.52,0.0,0.0,1387598461.0,790935991.0,0.0,0.0,596662470.0,0.0,12533289.0,896408143.8,1414487137.8,14.911531471854083,0.0,0.41197715194064344,0.722762484581385,0.017368338552821855,14.911531471854083,0.03494316014758266,25.50370842572677,8.108532937657888,1.133351060010114,0.6909026017733754,0.0,0.02130171410430687,0.025330201775137312,0.0,0.019917723878190435,-120.30484786285693,0.0,0.3333333333333333,1.3434263723465645,0.4062762096751285,0.34625396457975377,0.0,0.06817665413288718,-0.05888866718667331,0.02482890819381577,0.14959766326100638,-0.019941972487370483,Asset Management,Financial Services,TCPC
2016Q3,2016,Q3,2016-09-30,2016-09-30,25873813.0,27662853.0,25665057.0,0.39,0.0,0.0,1441828569.0,787107542.0,0.0,0.0,654721027.0,0.0,24716951.0,863829357.3,1354657492.3,14.925194923055205,0.0,0.43812536079662046,0.802560804327803,0.018089153162837813,14.925194923055205,0.03287201763339221,31.22705229644968,8.346560258629061,1.0974731039993006,0.7380039424417267,0.0,0.022105032479659628,0.019185951502671328,0.0,0.01794513824756929,-27.670777794388506,0.0,-0.09302325581395345,0.2665491442319031,0.044453527410219754,0.0,0.0,0.002507954078960955,0.10942176884275095,-0.2086327873148542,-0.2091495336204148,-0.011319315755412436,Asset Management,Financial Services,TCPC
2016Q2,2016,Q2,2016-06-30,2016-06-30,25809085.0,27780387.0,23133724.0,0.43,0.0,0.0,1315612028.0,747191097.0,0.0,0.0,568420931.0,0.0,23279884.0,752148327.76,1230495957.76,15.179293153734207,0.0,0.39271548526766736,0.6914713224962316,0.018304135508592452,15.179293153734207,0.03454147821571273,27.07479660956487,7.285693465692409,1.0066344885262999,0.7072792003281015,0.0,0.02426945367858967,0.021115941788881244,0.0,0.019617550197709197,27.66869314933553,0.0,0.7916666666666667,-0.2609499094621748,-0.2936931195077268,0.0,0.0,0.6083306755365415,0.01151467581713447,0.022672284535847433,0.02621609995421691,-0.09883162849699055,Asset Management,Financial Services,TCPC
2016Q1,2016,Q1,2016-03-31,2016-03-31,16047126.0,17716664.0,22870379.0,0.24,0.0,0.0,1271225269.0,714060658.0,0.0,0.0,557164611.0,0.0,23027133.0,726810628.11,1243714801.1100001,14.648443485843842,0.0,0.4244686753469499,0.7556715244771264,0.018242946754728637,14.648443485843842,0.02247305718388983,41.024124412474045,11.323065390494223,1.017855584070002,1.0924674611516105,0.0,0.024120399897821467,0.013936683318084672,0.0,0.012623353540339355,-21.006972117583103,0.0,0.6,0.8375100114370858,0.5058347702090782,0.0,0.0,1.1986707511264554,-0.15026552740476443,-0.5676033695875539,-0.54404581286415,-0.017425637557103045,Asset Management,Financial Services,TCPC
2015Q4,2015,Q4,2015-12-31,2015-12-31,7298558.0,10948096.0,26914736.0,0.15,0.0,0.0,1243317801.0,721977017.0,0.0,0.0,521340784.0,0.0,22261793.0,679039037.53,1145819923.53,14.810841926544871,0.0,0.40408841616834534,0.6958813219396428,0.019624860222435245,14.810841926544871,0.010109127892086348,62.02348221371095,23.259356078625395,0.9405272211456005,2.410152526019523,0.0,0.02590519399883964,0.008805549145354833,0.0,0.00587022722117368,7.268363092821754,0.0,-0.5833333333333334,1.0986830700493029,-0.5233690598884808,0.3371634362312658,0.0,-0.6737165563804458,0.10965873505414375,10.63880253083359,-0.7993267443911287,0.006690780270089967,Asset Management,Financial Services,TCPC
2015Q3,2015,Q3,2015-09-30,2015-09-30,22368766.0,25162127.0,24254967.0,0.36,0.0,0.0,1333837117.0,738899630.0,0.0,0.0,594937487.0,0.0,28066387.0,663864608.52,1204586972.52,15.092654216252209,0.0,0.431315957299155,0.7785972676694939,0.01845600155871589,15.092654216252209,0.030273077819784534,26.383485327770583,7.419548853521915,0.8984503193214484,0.8085446018792454,0.0,0.027243725253437913,0.018864467542028973,0.0,0.016770238070980298,-17.312807539930134,0.0,-0.16279069767441862,0.1794998019726457,0.023372487623630377,0.0,0.0,-0.1071900787819501,-0.11054057607198708,0.021719668558767218,-0.0721052406319333,0.02042877946541503,Asset Management,Financial Services,TCPC
2015Q2,2015,Q2,2015-06-30,2015-06-30,25054343.0,28585803.0,27269335.0,0.43,0.0,0.0,1280879871.0,739427798.0,0.0,0.0,541452073.0,0.0,26337559.0,747728108.49,1127922053.49,15.120270193201119,0.0,0.32547951485451987,0.5638145605664665,0.023582699730574794,15.120270193201119,0.033883420487797244,26.15732391670089,7.461062823419477,1.0112253157271753,0.7205853292580852,0.0,0.024144862009345538,0.022317317687007357,0.0,0.019560259761471417,31.92756726249742,0.0,0.13157894736842102,-0.2778486891962288,-0.2684408266721861,0.0,0.0,0.07179604788425206,0.18869930457433284,0.7128094421395265,0.13333030053723455,0.028824768147316295,Asset Management,Financial Services,TCPC
2015Q1,2015,Q1,2015-03-31,2015-03-31,23376036.0,25668860.0,22940482.0,0.38,0.0,0.0,1260472497.0,732312173.0,0.0,0.0,528160324.0,0.0,22427389.0,780357220.74,1137590168.74,15.033680344925976,0.0,0.3036944446714096,0.5227258389435512,0.020572381431113704,15.033680344925976,0.03192086225227885,30.40093018310903,8.345696643562665,1.065607331833879,0.7656772516948553,0.0,0.02293628933557781,0.02036447448166733,0.0,0.018545455022331996,-20.804350318823353,0.0,6.986137366099559,1.6786501967096952,1.1833061483888563,0.0,0.0,8.560225564493386,0.011292603608034572,1.6786501967096952,1.1833061483888563,0.0,Asset Management,Financial Services,TCPC
2014Q4,2014,Q4,2014-12-31,2014-12-31,-3091976.0,27762.0,22684317.0,-0.06348,0.0,0.0,1205866797.0,731129028.0,0.0,0.0,474737769.0,0.0,21884381.0,817377912.86,1118805950.8600001,15.009391490544612,0.0,0.27258137533742877,0.44957431234695827,0.028986140483447782,15.009391490544612,-0.004229042866015163,29442.328105323824,-66.08863659193992,1.1179667084152485,-6.575948519652158,0.0,0.024875488657206433,2.3022443332105446e-05,0.0,-0.0025641107356901543,-9.197229127194252,0.0,-1.218896551724138,0.9581635922617954,-0.9987904966708682,0.35508903550353144,0.0,-1.2104098996312491,0.0,0.9581635922617954,-0.9987904966708682,0.35508903550353144,Asset Management,Financial Services,TCPC
2014Q3,2014,Q3,2014-09-30,2014-09-30,14695012.0,16636495.0,0.0,0.29,0.0,0.0,1119606064.0,655234292.0,0.0,0.0,465072936.0,0.0,24345823.0,644084217.98,939039219.98,16.348196056508506,0.0,0.2850101363866854,0.4869999645867131,0.0,16.348196056508506,0.0224271106982905,38.715139095103865,10.95753133750418,0.9829830731447736,1.0632926329015586,0.0,0.024259402053048267,0.01485923981204875,0.0,0.013125162923376234,-3.991328386356868,0.0,-0.12121212121212131,-0.053503882305204295,-0.17350302771629333,0.0,0.0,-0.046661826995375064,-1.0,-0.053503882305204295,-0.17350302771629333,0.0,Asset Management,Financial Services,TCPC
2014Q2,2014,Q2,2014-06-30,2014-06-30,15414270.0,17450739.0,18426208.0,0.33,0.0,0.0,958605407.0,555994181.0,0.0,0.0,404213425.0,0.0,24543049.0,659202382.4100001,880323638.4100001,15.358946366357081,0.0,0.26131793767359796,0.45054570094502483,0.02284726961514375,15.358946366357081,0.027723797346720792,37.77504106903439,10.691430447403608,1.185628204281512,0.9860139338418232,0.0,0.023056174257797157,0.018204298528435067,0.0,0.016079890523713686,-8.890717859887864,0.0,-0.33999999999999997,-0.3998006149900466,-0.39669033028487954,0.0,0.0,-0.3289586826192982,0.03572403802580838,-0.3998006149900466,-0.39669033028487954,0.0,Asset Management,Financial Services,TCPC
2014Q1,2014,Q1,2014-03-31,2014-03-31,22970672.0,24505593.0,17790654.0,0.5,0.0,0.0,857382035.0,556875214.0,0.0,0.0,302711408.0,0.0,24929736.0,599108626.35,728967190.35,15.383328475587389,0.0,0.1831155699454328,0.28193030692150717,0.024921237845358223,15.383328475587389,0.04124922679715459,24.447832229564902,6.520364601762631,1.0758399930329814,0.5834006510562686,0.0,0.022368406012853934,0.028581882987552917,0.0,0.02679164137139869,-13.716052145934862,0.0,-0.01960784313725492,2.5419481795599905,1.8047660347223713,0.0,0.0,0.24805310498052616,0.09398370436198744,2.5419481795599905,1.8047660347223713,0.0,Asset Management,Financial Services,TCPC
2013Q4,2013,Q4,2013-12-31,2013-12-31,18405204.0,20866282.0,16262266.0,0.51,0.0,0.0,803329202.0,550779838.0,0.0,0.0,253717947.0,0.0,24016095.0,607434607.26,679450425.26,15.214947537034408,0.0,0.11825786958009775,0.17248271168560822,0.023912229614263474,15.214947537034408,0.03341662626365056,29.11082133654668,8.250854041878592,1.10286282349355,0.7120670871129708,0.0,0.021575557012000066,0.02597475847765833,0.0,0.02291116014975888,-8.959534669698005,0.0,0.06250000000000006,1.3351060548748843,0.22327685121246235,0.37364719923423645,0.0,0.11377761221071604,0.1968127121774327,1.3351060548748843,0.22327685121246235,0.37364719923423645,Asset Management,Financial Services,TCPC
2013Q3,2013,Q3,2013-09-30,2013-09-30,16525026.0,17679190.0,13587979.0,0.48,0.0,0.0,729256980.0,402381304.0,0.0,0.0,327753239.0,0.0,25069435.0,432605813.46000004,570039154.46,15.096072130163002,0.0,0.2056888094509565,0.3727807393357421,0.024598911841520254,15.096072130163002,0.041068076065482406,24.469775677505588,6.544707001671284,1.075114099883726,0.601549673809893,0.0,0.022978479924933185,0.024242743621048373,0.0,0.022660086160574012,-3.2701027732774786,0.0,0.1999999999999999,0.6004569357055405,0.32067131753945566,0.0,0.0,0.3634632522685229,0.18552934778597166,0.6004569357055405,0.32067131753945566,0.0,Asset Management,Financial Services,TCPC
2013Q2,2013,Q2,2013-06-30,2013-06-30,12119891.0,13000560.0,11461529.0,0.4,0.0,0.0,623408899.0,398188158.0,0.0,0.0,225220741.0,0.0,23502379.0,386273384.28,379207716.28,16.84401454127545,0.0,0.052934759277473833,0.08287539279357474,0.026581270351121285,16.84401454127545,0.03043759779516095,29.712057348298842,7.967756976527265,0.9700775287244983,0.8241008933166148,0.0,0.025857367881085842,0.020853985274919856,0.0,0.019441318562249142,-252.9599494700114,0.0,-0.33333333333333326,-0.277334389800881,-0.3117366990015222,0.0,0.0,-0.2587903545496921,-0.18109199318410762,-0.277334389800881,-0.3117366990015222,0.0,Asset Management,Financial Services,TCPC
2013Q1,2013,Q1,2013-03-31,2013-03-31,16351502.0,17119987.0,13996113.0,0.6,0.0,0.0,530010853.0,320193394.0,0.0,0.0,209817459.0,0.0,24359019.0,339346522.40000004,398169194.40000004,14.908228878905994,0.0,0.1320727671967125,0.21861787691972184,0.035869682099231026,14.908228878905994,0.051067580738408364,19.821657715043827,5.188308119951305,1.0598173752454119,0.5494580253239122,0.0,0.026475780380650807,0.03230120082088206,0.0,0.03085125881375112,55.54872957681371,0.0,45.15384615384615,3.249593734540339,2.30260103469654,0.0,0.0,58.18153126741804,-0.050482627859697524,3.249593734540339,2.30260103469654,0.0,Asset Management,Financial Services,TCPC
2012Q4,2012,Q4,2012-12-31,2012-12-31,276294.0,24037638.0,14740239.0,0.013,0.0,0.0,549242102.0,315987550.0,0.0,0.0,233254552.0,0.0,22526179.0,316580236.72,372545047.72,14.712404461051285,0.0,0.13473111352996753,0.23418644183924334,0.00833244154921625,14.712404461051285,0.0008743825508315122,13.170189047692624,286.4523267968179,1.0018756647848943,32.5424547764338,0.0,0.028401283330748026,0.04376510451851705,0.0,0.0005030459227249845,-30.136687521870932,0.0,-0.9704545454545455,1.0084787992396873,1.375159254108639,0.3282762318261341,0.0,-0.9712303224616716,0.564525604574794,1.0084787992396873,1.375159254108639,0.3282762318261341,Asset Management,Financial Services,TCPC
2012Q3,2012,Q3,2012-09-30,2012-09-30,9603653.0,11895284.0,9421539.0,0.44,0.0,0.0,521272753.0,317635429.0,0.0,0.0,203637324.0,0.0,0.0,339315033.0,375800898.0,14.790502306451009,0.0,0.09208231146506904,0.15111664385524198,0.025767576806677562,14.790502306451009,0.03023482937729846,28.525172917267046,8.832967856085597,1.0682531040956391,0.8240116547317984,0.0,0.023322049512613255,0.022819692630280254,0.0,0.018423470140592597,-14.905919742580505,0.0,0.5714285714285713,0.154426050774223,0.1028971521733648,0.0,0.0,0.49503960192276136,0.05610344894842954,0.154426050774223,0.1028971521733648,0.0,Asset Management,Financial Services,TCPC
2012Q2,2012,Q2,2012-06-30,2012-06-30,6423678.0,11076529.0,8921038.0,0.28,0.0,0.0,471953585.0,315619738.0,0.0,0.0,156333847.0,0.0,0.0,310537682.1,299329482.1,14.696642869931436,0.0,0.0,0.0,0.028265146079045286,14.696642869931436,0.020352586440585664,28.03564926341095,12.085665023215673,0.9838981683078389,2.035501623836064,0.0,0.04210570167065725,0.023469530377653557,0.0,0.013610825734060267,-5.069625544612515,0.0,0.7517736708417273,-0.5783819886573557,-0.35450488442686867,0.0,0.0,0.6696053436287094,-0.03432133570293985,-0.5783819886573557,-0.35450488442686867,0.0,Asset Management,Financial Services,TCPC
2012Q1,2012,Q1,2012-03-31,2012-03-31,3847423.0,5183308.0,9238102.0,0.159838,0.0,0.0,,,,,,,,312470489.25,,,0.0,0.0,0.0,0.0,,0.0,60.28399031082081,20.303881926291965,0.0,0.09655605843183866,0.0,0.0011888866717995193,0.0,0.0,0.0,51.340599124974986,0.0,1.105348562841494,0.0,0.0,0.0,0.0,1.1180791279493902,0.0,0.0,0.0,0.0,Asset Management,Financial Services,TCPC
2011Q4,2011,Q4,2011-12-31,2011-12-31,-32583430.0,10119493.0,0.0,-1.51723,0.0,0.0,403453503.0,237870874.0,0.0,0.0,165582629.0,0.0,13515239.0,312470489.25,301638811.25,11.076313878495327,0.0,0.0,0.0,0.0,11.076313878495327,-0.13697948576924135,30.878077513369494,-2.3974646718439403,1.3136139115964236,-0.25621793040204793,0.0,0.02671759185975672,0.025082179048523466,0.0,-0.08076130150740071,62.38762712554754,0.0,-1.6961234662236002,0.0,0.0,0.0,0.0,-4.9167554695675015,-1.0,0.0,0.0,0.0,Asset Management,Financial Services,TCPC
2011Q3,2011,Q3,2011-09-30,2011-09-30,8318985.0,10785488.0,8668423.0,-0.562745,0.0,0.0,,,,,,,,312470489.25,,,0.0,0.0,0.0,0.0,,0.0,28.971381661172863,9.390282866539609,0.0,1.0046366233380635,0.0,0.026746708209341725,0.0,0.0,0.0,8.093033800037706,0.0,-3.2860572626379168,0.0,0.0,0.0,0.0,-0.45398354150234677,-0.43104818349599106,0.0,0.0,0.0,Asset Management,Financial Services,TCPC
2011Q2,2011,Q2,2011-06-30,2011-06-30,15235777.0,17159741.0,15235777.0,0.246164,0.0,0.0,,,,,,,,312470489.25,,,0.0,0.0,0.0,0.0,,0.0,18.209510810798367,5.127248995079149,0.0,,0.0,,0.0,0.0,0.0,0.0,0.0,0.0,0.0,0.0,0.0,0.0,0.0,0.0,0.0,0.0,0.0,Asset Management,Financial Services,TCPC
