Quarters,Year,Quarter,FillingDate,Date,NetIncome,Revenue,OperatingIncome,EPSDiluted,GrossProfit,GrossProfitRatio,TotalAssets,CommonStockEquity,CurrentAssets,CurrentLiability,TotalLiability,Inventory,RetainedEarnings,MarketCap,EnterpriseValue,bookValuePerShare,currentRatio,debtToAssets,debtToEquity,roic,shareholdersEquityPerShare,roe,priceToSalesRatio,peRatio,pbRatio,payoutRatio,inventoryTurnover,dividendYield,assetTurnover,quickRatio,returnOnAssets,priceToFreeCashFlowsRatio,grossProfitMargin,epsdilutedGrowth,fiveYNetIncomeGrowthPerShare,fiveYRevenueGrowthPerShare,fiveYShareholdersEquityGrowthPerShare,grossProfitGrowth,netIncomeGrowth,operatingIncomeGrowth,threeYNetIncomeGrowthPerShare,threeYRevenueGrowthPerShare,threeYShareholdersEquityGrowthPerShare,Industry,Sector,Symbol
2023Q1,2023,Q1,2023-05-22,2023-03-31,-1739038.0,939305.0,-1434903.0,-0.36,414728.0,0.4415264477,15577179.0,2454236.0,9149409.0,12847350.0,13122943.0,2032175.0,-94429872.0,4162045.4,13204305.4,0.5012200491614051,0.7121631309180493,0.5930796583900075,3.7643111746384617,-0.11432698299401481,0.5012200491614051,-0.7085862973242997,4.430983972192206,-0.5983258272677193,1.695861930148527,0.0,0.2581357412624405,0.0,0.060300071020561556,0.5517684191681553,-0.11164011147332903,-4.518397886081598,0.4415264477459398,0.5555555555555556,-1.0444594109140195,-0.8597224441438502,-0.9559051574025552,3.6800909889882645,0.4002109390304806,0.44588990497624503,0.94119626333546,-0.9367726526708411,-0.9833724166234357,Drug Manufacturers—Specialty & Generic,Healthcare,CANB
2022Q4,2022,Q4,2023-04-17,2022-12-31,-2899416.0,666073.0,-2589563.0,-0.81,-154744.0,-0.2323228835,15559791.0,2697925.0,8704481.0,12423762.0,12861866.0,2024053.0,-92690834.0,4641113.100000001,13609391.100000001,0.7557028722269233,0.7006316605227949,0.581079270280687,3.3512688455016355,-0.201896918801298,0.7557028722269233,-1.074683692096704,6.967874542279901,-0.4001765441730335,1.7202528239295014,0.0,0.40553137689576313,0.0,0.04280732305466057,0.5360215367937666,-0.1863402921028952,-8.815531939141833,-0.2323228835277815,0.592964824120603,0.9752403384307119,-0.8324359833316084,1.0222875725191416,-1.083242959443641,0.5834162837155947,0.6207417785203445,0.8535578460532071,-0.9350444059199774,-0.9777100911575546,Drug Manufacturers—Specialty & Generic,Healthcare,CANB
2022Q3,2022,Q3,2022-11-21,2022-09-30,-6959984.0,2888124.0,-6827968.0,-1.99,1858944.0,0.6436510344,16718608.0,4493543.0,9351090.0,11556299.0,12225065.0,2259014.0,-89791418.0,10466709.0,18948785.0,1.2879529754768189,0.8091768826680583,0.5094052686683006,1.8952855241398603,-0.4832927039152913,1.2879529754768189,-1.5488855898341243,3.6240511141488385,-0.3759602392764121,2.3292775878632965,0.0,0.4555881459787323,0.0,0.17274907097528694,0.612139492064025,-0.4163016442517224,-9.835847572544564,0.6436510343738704,-2.9019607843137254,-5.015679844954379,0.36509934189855536,1.0725742792011697,6.739634032100256,-3.015770011245336,-3.3808087852694295,0.6887723827637916,-0.8025086781204499,-0.9708288881894669,Drug Manufacturers—Specialty & Generic,Healthcare,CANB
2022Q2,2022,Q2,2022-08-22,2022-06-30,-1733163.0,1271002.0,-1558609.0,-0.51,240185.0,0.188972952,17034584.0,5639653.0,8244876.0,10450749.0,11394931.0,3162074.0,-82897442.0,15165495.0,23130489.0,1.6734329146526374,0.7889268032367823,0.4748605542700661,1.43431732413324,-0.105865943468947,1.6734329146526374,-0.3073173118984448,11.931920642139037,-2.187545978075922,2.689082998546187,0.0,0.3259939520706979,0.0,0.07461303428366668,0.4859317738852976,-0.10174378194383848,-57.820672169586516,0.18897295204885595,0.575,0.9643025359107967,-0.48548942563469566,1.0737680457453629,-0.6415095747697727,0.5412226787799312,0.5117150432314215,0.9551621026912032,-0.925396977491917,-0.9594891671075291,Drug Manufacturers—Specialty & Generic,Healthcare,CANB
2022Q1,2022,Q1,2022-05-17,2022-03-31,-3777787.0,1860320.0,-3192007.0,-1.2,669990.0,0.3601477165,16997428.0,6248194.0,7640616.0,9589367.0,10749234.0,3087338.0,-81251556.0,17504722.2,25421922.2,1.9810355345142239,0.7967800168665982,0.4725533768991403,1.2855221844904303,-0.21295002154924036,1.9810355345142239,-0.604620631177585,9.409522125225767,-1.1583979059698177,2.801565092249056,0.0,0.38555221358983044,0.0,0.10944714694482012,0.4748257106021701,-0.2222563907904184,-8.357350909273201,0.3601477165218887,0.4029850746268656,-2.6318565510835015,0.07758813107475357,1.159953672166649,-0.46371368607091573,0.05952862251263907,0.050950920117715126,0.8861468482986166,-0.8728874723423979,-0.9473721837008551,Drug Manufacturers—Specialty & Generic,Healthcare,CANB
2021Q4,2021,Q4,2022-04-15,2021-12-31,-4016908.0,1984751.0,-3363374.0,-2.01,1249314.0,0.6294562895,16474640.0,5619515.0,6653639.0,9463057.0,10855125.0,2553438.0,-77766659.0,1000863.5,7617902.5,2.8073333676370456,0.703117290744418,0.42890406102955814,1.257411004330445,-0.225943924468851,2.8073333676370456,-0.7148140008523868,0.5042766069899952,-0.0622906661043768,0.17810496101531892,0.0,0.28801835016162525,0.0,0.12047310290240029,0.4331133163416431,-0.2438237193650362,-0.7555095176232852,0.6294562894791337,-0.2181877245465432,0.7959521481116127,0.4059833925070568,1.179125793436681,-0.08774971047531702,-0.2426183623418309,-0.33245199764360894,-1.3662001682616582,-0.6071776777129253,-0.9103200312277929,Drug Manufacturers—Specialty & Generic,Healthcare,CANB
2021Q3,2021,Q3,2021-11-05,2021-09-30,-3232616.0,1910372.0,-2524199.0,-1.649992,1369486.0,0.7168687564516231,14612313.0,5605775.0,5180037.0,7845623.0,9006538.0,861294.0,-38538511.0,1351165.725,7281364.725,2.800469294763971,0.6602454642544002,0.4188746846580689,1.0918611610348257,-0.1842487447225655,2.800469294763971,-0.5766581783963859,0.7072788572068687,-0.10449475943013338,0.24103103049979713,0.0,0.6279922999579702,0.0,0.13073713928794162,0.4235090062318824,-0.22122548291978142,-0.42454403247881944,0.7168687564516231,0.08333319444375,0.37596914861185105,0.2727963891608093,1.4740109860148283,8.56652276569289,-0.17979159770349443,0.023839411812932258,0.9763768759448329,-0.6447904803999943,-0.7270338457920759,Drug Manufacturers—Specialty & Generic,Healthcare,CANB
2021Q2,2021,Q2,2021-08-16,2021-06-30,-2739989.0,401766.0,-2585844.0,-1.799991,143154.0,0.35631188303639433,6162417.0,2956511.0,4246468.0,3205906.0,3205906.0,320243.0,-35305895.0,717233.38,2288178.38,1.896168106397948,1.324576578352578,0.43231430135286203,0.9010962583937621,-0.4571664352165987,1.896168106397948,-0.926764351629336,1.7852017841230965,-0.06544126454522263,0.24259452442422844,0.0,0.807549267275163,0.0,0.06519617221619374,1.0156068206616164,-0.44462894997206454,-0.38400210945049884,0.35631188303639433,0.5,0.34116230299296824,-0.6722576143347077,1.5784222710716298,-0.37798344521931826,-0.2569437244768295,-0.44256343254855973,0.905365866532189,-0.912267091851125,2.1702843763626074,Drug Manufacturers—Specialty & Generic,Healthcare,CANB
2021Q1,2021,Q1,2021-05-21,2021-03-31,-2179882.0,306940.0,-1792534.0,-3.599982,230145.0,0.749804522056428,6872382.0,4683525.0,4974644.0,1989996.0,2188857.0,331951.0,-32565906.0,286257.76,444962.76,7.693043692509855,2.4998261303037794,0.26712441188513675,0.3919656668855189,-0.27294206264674603,7.693043692509855,-0.4654361832167011,0.9326179709389457,-0.0328295017803716,0.0611201520222482,0.0,0.23134438516528041,0.0,0.04466282578587744,1.863816309178511,-0.3171945331327624,-0.17204448213460397,0.749804522056428,0.5419025138225245,0.1994919197231831,-0.2666298322583453,0.0,-0.47370768017013687,-0.029069967799696266,-0.30812679795607695,-1.4482299387291968,-0.6313210952064471,-0.32320434650600194,Drug Manufacturers—Specialty & Generic,Healthcare,CANB
2020Q4,2020,Q4,2021-04-14,2020-12-31,-2118303.0,475382.0,-1370306.0,-7.85855,437295.0,0.9198812744277234,5691453.0,3255849.0,4017840.0,2225172.0,2435604.0,344954.0,-30386024.0,146320.2,1769991.2,14.46349752118983,1.8056312051382994,0.36571838509428084,0.6393014540907763,-0.2539496739168417,14.46349752118983,-0.6506146323124936,0.30779499434139285,-0.017268563562436536,0.04494072053095829,0.0,0.11041182302567878,0.0,0.08352559530931732,1.1072222731546146,-0.3721901946655801,-0.13568141986813922,0.9198812744277234,-0.41596209854752414,-0.41171004721288224,2.2810005139470566,3.676703487088864,0.12381943641339964,-0.7177621037062025,-0.7735466636294451,0.7131134918701497,0.8966602241926622,1.4265648070570582,Drug Manufacturers—Specialty & Generic,Healthcare,CANB
2020Q3,2020,Q3,2020-11-16,2020-09-30,-1233176.0,459496.0,-772636.0,-5.549972,389115.0,0.8468300050490102,6274226.0,3806328.0,3969206.0,2086280.0,2467898.0,914129.0,-26959431.0,130562.63999999998,1734894.64,16.90889706274322,1.902527944475334,0.26295482502542944,0.43344609292735675,-0.1400577905922085,16.90889706274322,-0.32398048723073786,0.284143148144924,-0.026468776557441922,0.03430146850192626,0.0,0.07699241573125894,0.0,0.07323548753264546,0.8668251624901739,-0.19654631503551195,-0.34752296410652256,0.8468300050490102,0.05128213456100888,0.284297863543583,4.885356723704133,2.1147891583165648,1.4778239800304382,-0.03765572080695038,0.3098216750202997,-12.027418818197228,2.366108594058217,1.9527917864866553,Drug Manufacturers—Specialty & Generic,Healthcare,CANB
2020Q2,2020,Q2,2020-08-19,2020-06-30,-1188425.0,205084.0,-1119473.0,-5.849971,157039.0,0.7657301398451366,7188614.0,4944306.0,3856916.0,1851682.0,2244308.0,373833.0,-25726255.0,405433.92500000005,1612937.925,24.085316368135697,2.082925685943915,0.2222549437207228,0.3231403962457016,-0.1691249683272918,24.085316368135697,-0.24036234812327553,1.9769164098613254,-0.08528807560426616,0.08200016847662746,0.0,0.12851995409715034,0.0,0.02852900433936222,1.0319396095009834,-0.16532046372221404,-0.7715819818139604,0.7657301398451366,0.03141557080867428,-4.380990214864019,0.9049539074754827,30.286708667197082,-0.6495900999201174,-0.04789495171090558,-0.006726661049125309,0.5981529115058465,0.3629218088988038,2.0617256921858615,Drug Manufacturers—Specialty & Generic,Healthcare,CANB
2020Q1,2020,Q1,2020-04-02,2020-03-31,-1134107.0,569707.0,-1111993.0,-6.039712,448158.0,0.7866464691499314,7139052.0,5660269.0,3496753.0,1430259.0,1478783.0,369172.0,-24495330.0,245985.25,901008.25,30.14389029423512,2.4448390116755077,0.0990743588924692,0.12495819544972156,-0.17239460364432382,30.14389029423512,-0.20036273894403253,0.4317750176845291,-0.05422443605409366,0.043458226101975014,0.0,0.3292476135784946,0.0,0.07980149185073873,1.1329143882331802,-0.15885960769020874,-13.860666591536598,0.7866464691499314,-0.34683623340625314,-7.749501459165842,3.192076763710964,13.547363884245218,-0.30449667502114486,-0.08905706543136611,-0.06986904604987815,-9.228544301110793,4.542952653194486,3.4338917005513716,Drug Manufacturers—Specialty & Generic,Healthcare,CANB
2019Q4,2019,Q4,2020-04-02,2019-12-31,-1041366.0,539342.0,-1039373.0,-4.48437,644365.0,1.1947243122174798,6930870.0,6366204.0,3386815.0,505668.0,564666.0,784497.0,-23361223.0,726689.25,812428.25,33.903363067501,6.697704818181099,0.019085482774889733,0.020778316246227738,-0.15789793241114197,33.903363067501,-0.16357722749695108,1.34736261963652,-0.17445577491487144,0.11414796792562727,0.0,-0.13387304221685997,0.0,0.07781735914827431,2.615188226267037,-0.1502504014647512,-1.6391314301954716,1.1947243122174798,0.30038322855548855,-44857.27427506324,14.347065454281132,15.651129537645305,0.3606484336067166,-0.10654245727601454,-0.11131509392000548,0.43608893990796715,3.0729162426454586,3.1632510337557966,Drug Manufacturers—Specialty & Generic,Healthcare,CANB
2019Q3,2019,Q3,2019-11-19,2019-09-30,-941099.0,615422.0,-935264.0,-6.409752,473572.0,0.7695077524040415,6764997.0,6482479.0,2916225.0,240693.0,282518.0,101199.0,-22319858.0,924984.9,540716.9,44.15165880005176,12.115952686617392,0.012830752179195349,0.013389939250092442,-0.14075194197901267,44.15165880005176,-0.14517578845993948,1.5030091546938524,-0.24571933983566022,0.14268999560199114,0.0,1.401693692625421,0.0,0.09097151114775069,6.093210022726045,-0.13911299591115858,-0.713966965559987,0.7695077524040415,0.4411552996220982,-65.02541407251611,44.67702968202279,2195.043091942816,0.41629009345794393,0.34531833590610306,0.34837931594264293,-1.476840317926862,4.5901667304325136,8.473165787295908,Drug Manufacturers—Specialty & Generic,Healthcare,CANB
2019Q2,2019,Q2,2019-08-19,2019-06-30,-1437491.0,633579.0,-1435289.0,-11.469648,334375.0,0.5277558126137388,5469204.0,5177167.0,1405259.0,241455.0,292037.0,87854.0,-21378758.0,1616757.0,1302634.0,41.30828213516317,5.819962311817937,0.018096783371035347,0.0191175984858128,-0.2678139733799864,41.30828213516317,-0.2776597702952213,2.551784386793123,-0.28117689084662095,0.31228604369918916,0.0,3.405695813508776,0.0,0.11584482860759994,4.169132964734629,-0.2628336774419093,-1.806014698276488,0.5277558126137388,-0.09023445037474978,-178.33207355490728,60.79367672660751,190.69650476127876,0.31329853460431173,-0.22599047857850738,-0.22457826678998147,-3.300137844464023,5.429953402319681,13.601008468641636,Drug Manufacturers—Specialty & Generic,Healthcare,CANB
2019Q1,2019,Q1,2019-04-16,2019-03-31,-1172514.0,517160.0,-1172068.0,-10.52035,254607.0,0.49231765797818855,4543730.0,4195317.0,1356929.0,289288.0,348413.0,77110.0,-19958634.0,1457792.16,907871.1599999999,37.642366220435704,4.690581704045795,0.0038228503894377525,0.00414033075450556,-0.27822337619671245,37.642366220435704,-0.27948162200853954,2.818841673756671,-0.3108261735041117,0.34748081253454743,0.0,3.4049150564129165,0.0,0.11381838269439426,3.0825336688697766,-0.2580509845435358,-1.0160805898847232,0.49231765797818855,-3.805426666666667,-33.71706551433373,11.198238808220609,109.2488008427862,3.477945056104682,-2.919825130169958,0.2878148669135675,-1.3520012552253808,5.749653136793972,0.0,Drug Manufacturers—Specialty & Generic,Healthcare,CANB
2018Q4,2018,Q4,2019-04-17,2018-12-31,610740.0,281315.0,-1645735.0,3.75,56858.0,0.20211506674013116,3693675.0,3488883.0,1144374.0,204792.0,204792.0,87104.0,-18768753.0,2741719.2,1953177.2000000002,31.303906614506694,5.587981952420017,0.005199428753206495,0.005504627125644511,-0.4691259170237463,31.303906614506694,0.17505316171393537,9.746082505376537,1.122293938500835,0.7858444092278245,0.0,2.57688510286554,0.0,0.07616127569426114,4.13550822297746,0.16534751974659384,-8.00623510722796,0.20211506674013116,1.0416627082464642,3.616229511180196,25.01628527207938,19.092415314484995,-0.22841633871624373,1.1469644456925296,-1.4676906882906766,1.8220852427675258,2.921565903816126,9.121970084281813,Drug Manufacturers—Specialty & Generic,Healthcare,CANB
2018Q3,2018,Q3,2018-11-14,2018-09-30,-4155699.0,163328.0,-666913.0,-90.008551,73690.0,0.4511779976489028,1582107.0,623669.0,1257872.0,958438.0,958438.0,4353.0,-19370491.0,656532.0,411366.0,10.259401217305477,1.3124187480045657,0.08558839572797541,0.21711837529202188,-0.8785818076906357,10.259401217305477,-6.663308581956134,4.019714929467084,-0.03949588264212591,1.0526930150448397,0.0,20.592235240064323,0.0,0.1032344841404532,0.5153739730686805,-2.6266864377693797,-4.5145745229499745,0.4511779976489028,-3.8471385212893026,-78.78022173279804,13.453344394655627,2.589356520261827,-0.3134834496315412,-3.2627975250185663,-0.42370446273228946,-7.931206267339461,6.746588493832198,0.8898850447729026,Drug Manufacturers—Specialty & Generic,Healthcare,CANB
2018Q2,2018,Q2,2018-08-17,2018-06-30,-974876.0,154191.0,-468435.0,-18.56942,107339.0,0.6961430952519927,1392674.0,31400.0,826868.0,1361274.0,1361274.0,7122.0,-15214794.0,346493.39999999997,534590.3999999999,0.5981066306024877,0.6074221648250095,0.18788962815418397,8.333407643312102,-1.5983778564092415,0.5981066306024877,-31.04700636942675,2.2471700682919233,-0.08885576216872709,11.034821656050955,0.0,6.578489188430217,0.0,0.11071578847598218,0.11952332888162119,-0.700003015781152,-3.826753547959578,0.6961430952519927,-4.701372620268967,-2.5403535022002197,16.892068921019163,1.1107675953719378,3.2625287904058453,-3.3919932868450626,0.2619479400212072,-16.260038367404775,4.6003306925698375,-0.22306239961475155,Drug Manufacturers—Specialty & Generic,Healthcare,CANB
2018Q1,2018,Q1,2018-04-06,2018-03-31,407558.0,69769.0,-634691.0,5.016901,25182.0,0.3609339391420258,1511405.0,579926.0,1076042.0,931479.0,931479.0,8662.0,-14239918.0,397948.2,580799.2,11.366863325427781,1.1551972722949202,0.15678656614209957,0.40861765121756916,-0.7769563737767691,11.366863325427781,0.7027758714042827,5.703796815204461,0.24410525618439582,0.6862051365174178,0.0,5.147425536827522,0.0,0.04616168399601695,0.15127769922886078,0.26965505605711243,-1.7963220258649875,0.3609339391420258,1.2435400657284745,3.960397004535095,18.17058405509667,34.118170223867196,0.04759131375322406,1.243540084877327,-1.374141058970954,12.572429080218782,0.8894960918869582,4.4856189895669685,Drug Manufacturers—Specialty & Generic,Healthcare,CANB
2017Q4,2017,Q4,2018-04-06,2017-12-31,-1673474.0,56806.0,-267335.0,-20.5999,24038.0,0.4231595254022462,219307.0,-1729897.0,157472.0,1949204.0,1949204.0,9834.0,-14647476.0,520393.8,712245.8,-33.90691703091005,0.08078784980946069,0.8823430168667666,-0.11185868291580366,0.17400170399110124,-33.90691703091005,0.9673836072321069,9.16089497588283,-0.07774154244404155,-0.30082357504521945,0.0,3.33211307707952,0.0,0.2590250197212127,0.042441427372404326,-7.630736820986106,-6.418829943384357,0.4231595254022462,-74.25737289250675,-1.8228560420575703,13.966557217878867,-38.933992048491284,1.083196117514516,-93.44180522565321,-0.46921267545257694,-265315.3206125822,4.949235246256003,-17.65287501360232,Drug Manufacturers—Specialty & Generic,Healthcare,CANB
2017Q3,2017,Q3,2017-11-20,2017-09-30,18103.0,22098.0,-181958.0,0.281199,11539.0,0.5221739523938818,185949.0,-646707.0,100806.0,832656.0,832656.0,12417.0,-12974002.0,98390.70000000001,253769.7,-17.746686424631598,0.12106560212140428,0.8583213676868389,-0.24679491639954415,0.37355138440945757,-17.746686424631598,-0.027992583967700983,4.452470811838176,1.3587623598298626,-0.15214107779875585,0.0,0.8503664331158896,0.0,0.1188390365100108,0.0315316289079764,0.09735465100645876,-1.9186205686205688,0.5221739523938818,1.0195189207525528,1.0440799406977033,6.22607672575369,-2.418200145928341,-0.5334195948404836,1.0356044275914154,0.02417075590593409,6.117173951166085,5.608176192428708,-880.8920016385129,Drug Manufacturers—Specialty & Generic,Healthcare,CANB
2017Q2,2017,Q2,2017-08-22,2017-06-30,-508448.0,25870.0,-186465.0,-14.406483,24731.0,0.9559721685349826,211082.0,-800624.0,124139.0,1011706.0,1011706.0,10946.0,-12992105.0,264697.5,407860.5,-22.68506502705919,0.12270264286264983,0.6794515875347021,-0.179135274485901,0.28372468822466085,-22.68506502705919,0.6350646495733328,10.231832238113645,-0.13014973999307697,-0.33061399608305525,0.0,0.1040562762653024,0.0,0.12255900550496963,0.024658349362364166,-2.4087700514491996,-2.813985010365173,0.9559721685349826,-35.212117038278954,-0.5631290031503903,1.7106240134856376,-2.1242729306044095,0.0,-22.097427385892114,-1.4207431064028664,-224.25054099460593,7.959961729414709,-106.2730215635822,Drug Manufacturers—Specialty & Generic,Healthcare,CANB
2017Q1,2017,Q1,2017-04-10,2017-03-31,24100.0,17972.0,-77028.0,0.421093,0.0,0.0,135243.0,-406651.0,46500.0,541894.0,541894.0,0.0,-12483657.0,206854.19999999998,308077.19999999995,-12.385058171407687,0.08581013999047785,0.9689595764660648,-0.3222542179903652,0.2794859328171375,-12.385058171407687,-0.059264578225554594,11.50980413977298,2.145790456431535,-0.5086774654433408,0.0,0.0,0.0,0.13288672981226385,0.08581013999047785,0.17819776254593583,-3.454998246229393,0.0,1.0746342224246688,1.0655651130214623,1.7033965251073988,-1.4071150980719092,0.0,1.0746342611517832,-0.11790316962730756,3.4221781773685125,0.4389068728304437,-37.27396332551921,Drug Manufacturers—Specialty & Generic,Healthcare,CANB
2016Q4,2016,Q4,2017-04-10,2016-12-31,-322908.0,23155.0,-68904.0,-5.64209,0.0,0.0,136978.0,-514588.0,46435.0,651566.0,651566.0,0.0,-12507757.0,285655.8,310777.8,-15.672412742888469,0.07126676345911236,0.403823971732687,-0.10749376199989118,0.15002841447243795,-15.672412742888469,0.6275078315079248,12.336678903044698,-0.22115881303653054,-0.5551155487496794,0.0,0.0,0.0,0.16904174392968213,0.06742985361421559,-2.3573712566981557,-7.400601051840721,0.0,-1.1802027455741664,0.11300864209806404,252.23662909154646,-1.4676989246733168,0.0,-2.8459284667881515,0.1809623430962343,-3.695289258567437,6.2687754722607405,-11.059339547870177,Drug Manufacturers—Specialty & Generic,Healthcare,CANB
2016Q3,2016,Q3,2016-11-18,2016-09-30,-83961.0,24327.0,-84128.0,-2.587874,0.0,0.0,121273.0,-191680.0,28929.0,312953.0,312953.0,0.0,-12184849.0,640444.5599999999,733902.5599999999,-5.908026137344347,0.09243880071448428,0.7828040866474814,-0.4952681552587646,0.869567014997881,-5.908026137344347,0.4380269198664441,26.32649155259588,-1.906970379104584,-3.3412174457429047,0.0,0.0,0.0,0.2005970001566713,0.09243880071448428,-0.6923305269928178,-26.26387369284396,0.0,0.029768584041765574,0.9994223582601427,0.0,-1.000486986636149,0.0,0.027069307160156205,0.02701702442635085,-2.020136057296234,3.0336110023253826,0.08474581855453457,Drug Manufacturers—Specialty & Generic,Healthcare,CANB
2016Q2,2016,Q2,2016-06-30,2016-06-30,-86297.0,25437.0,-86464.0,-2.667275,0.0,0.0,120802.0,-106062.0,26658.0,226864.0,226864.0,0.0,-12073614.0,388248.0,457321.0,-3.2781727143475305,0.11750652373228013,0.5754292147481002,-0.6553996718900266,2.365700839968262,-3.2781727143475305,0.8136467349286266,15.263120651020168,-1.1247436179704973,-3.6605758895740226,0.0,0.0,0.0,0.2105677058326849,0.11750652373228013,-0.7143673117994735,-31.277531620075727,0.0,0.40368572313257395,0.998086392448549,-0.8797562988847638,-1.0001661388006176,0.0,0.4032432058640481,0.40278219066432747,0.49147068030190216,3.7895033047211664,0.3928920192434604,Drug Manufacturers—Specialty & Generic,Healthcare,CANB
2016Q1,2016,Q1,2016-03-31,2016-03-31,-144610.0,22226.0,-144778.0,-4.472935,0.0,0.0,,,,,,,,796287.9,,,0.0,0.0,0.0,0.0,,0.0,35.8268649329614,-1.3766127861143767,0.0,0.0,0.0,0.0,0.0,0.0,0.0,-11.879043157847628,0.0,0.3289715097535327,0.6004490321950867,2.3954140433499957,0.0,0.0,0.328971485580381,-0.2840506957809687,-0.6576204546217769,8.637411289104367,0.0,Drug Manufacturers—Specialty & Generic,Healthcare,CANB
2015Q4,2015,Q4,2015-12-31,2015-12-31,-215505.0,20809.0,-112751.0,-6.66579,0.0,0.0,142780.0,99986.0,74285.0,42794.0,42794.0,0.0,-12096391.0,1057191.0,1047207.0,3.0926693473553977,1.7358741879702762,0.035018910211514216,0.05000700098013722,-1.0739622425847255,3.0926693473553977,-2.155351749244894,50.804507664952666,-1.226411220157305,10.573390274638449,0.0,0.0,0.0,0.14574170051827987,1.246623358414731,-1.5093500490264744,-8.60589360576336,0.0,0.1291371209353879,0.3988040811390812,230.1271893168031,-0.9077080120427159,0.0,0.47315731573157316,0.7000856510544123,0.4263416099800383,7.651773642700652,2.4599811691592066,Drug Manufacturers—Specialty & Generic,Healthcare,CANB
2015Q3,2015,Q3,2015-09-30,2015-09-30,-409050.0,18535.0,-375944.0,-7.654236,0.0,0.0,343502.0,290109.0,243000.0,53393.0,53393.0,0.0,-11880886.0,2244522.0,2091002.0,5.428584794446212,4.551158391549454,0.026905229081635625,0.0318569916824366,-1.255863518077441,5.428584794446212,-1.4099872806427929,121.0964121931481,-1.3717895122845618,7.73682305616165,0.0,0.0,0.0,0.05395892891453325,3.864420429644335,-1.1908227608572877,-15.764085347867006,0.0,-5.33706972134808,0.9982914913636257,0.0,-0.9995525327433156,-1.0,-5.97806290133884,-5.413206075916718,0.3208236460469575,3.1329285733719536,-0.5661826910412764,Drug Manufacturers—Specialty & Generic,Healthcare,CANB
2015Q2,2015,Q2,2015-06-30,2015-06-30,-58619.42,28574.54,-58620.29,-1.207851,28574.54,1.0,89685.49,41944.73,40776.21,32740.76,47740.76,0.0,-8864594.28,12259350.0,12298146.09,0.7698258268178982,1.2454264959029662,0.46838234367677534,1.0014869567642943,-0.6982610146794894,0.7698258268178982,-1.3975395717173527,429.0305285754381,-52.28365446126898,292.27390425447965,0.0,0.0,0.0,0.31860828323511414,1.2454264959029662,-0.6536109687308392,-193.8620587249747,1.0,-0.7497682140311636,0.9992281342863132,-0.9197918040468032,-0.9999609849905126,-0.1864832478332205,-0.7497676206805355,-0.8215484825631565,0.8832670542455863,0.9393480174017956,-0.9618473944271643,Drug Manufacturers—Specialty & Generic,Healthcare,CANB
2015Q1,2015,Q1,2015-03-31,2015-03-31,-33501.26,35124.71,-32181.57,-0.690292,35124.71,1.0,144754.91,100564.15,95735.46,29190.76,44190.76,0.0,-1161670.69,1164768.0,1135427.6,2.072120456605951,3.279649450716597,0.2556535042576449,0.36799495645316943,-0.23392656532524056,2.072120456605951,-0.3331332288892215,33.16092858844956,-8.691971585546334,11.582338238825665,0.0,0.0,0.0,0.24264952394360922,3.2796494507165965,-0.23143436032670672,-37.223452953606184,1.0,-5565.870967741936,0.9383387225406699,2.574552611058527,-0.9318863495647144,2.9105666889334225,-5582.543333333334,-5362.595,0.9383387225406699,2.574552611058527,-0.9318863495647144,Drug Manufacturers—Specialty & Generic,Healthcare,CANB
2014Q4,2014,Q4,2014-12-31,2014-12-31,-6.0,9083.0,-6.0,-0.000124,8982.0,0.9888803258835187,270839.0,98816.0,100475.0,172023.0,172023.0,0.0,-7582088.0,800778.0,767303.0,2.036099892854199,0.584078873173936,0.24737943944557467,0.6780278497409327,-3.618468664061369e-05,2.036099892854199,-6.0718911917098444e-05,88.16228118463063,-33365.75,8.103728141191711,0.0,0.0,0.0,0.033536529081853055,0.584078873173936,-2.2153382636917136e-05,76.81323741007195,0.9888803258835187,0.9989623865110246,0.9999888496772333,66.2057849060666,-0.9392383453627794,1.0168044584356855,0.9987265175135679,0.9987265175135679,0.9999888496772333,66.2057849060666,-0.9392383453627794,Drug Manufacturers—Specialty & Generic,Healthcare,CANB
2014Q3,2014,Q3,2014-09-30,2014-09-30,-4711.49,4453.58,-4711.49,-0.119505,4453.58,1.0,171145.71,-976.63,164316.17,105122.34,172122.34,0.0,-382494.89,873576.0,939997.0,-0.02012342372043188,1.5630946761649334,0.3914792839388145,-68.60325814279717,-0.07136094385972724,-0.02012342372043188,4.824232309062797,196.15141077515167,-46.353489023642204,-894.4799975425699,0.0,0.0,0.0,0.02602215387110784,0.005507868260923416,-0.02752911539529679,-189.47573902123202,1.0,-0.5178707514098462,0.9999783306720497,0.0,-1.0000016587330858,0.12600911713470145,-0.5178818230728837,-0.5178818230728837,0.9999783306720497,0.0,-1.0000016587330858,Drug Manufacturers—Specialty & Generic,Healthcare,CANB
2014Q2,2014,Q2,2014-06-30,2014-06-30,-3103.99,3970.36,-3103.99,-0.078732,3955.19,0.9961791877814606,176446.07,10458.06,169515.53,104988.01,165988.01,0.0,-371060.2,436788.0,493132.98,0.21548792549245857,1.6146179930451106,0.3457146991145793,5.832821766178431,-0.04343792708618174,0.21548792549245857,-0.2968036136721342,110.01219033034788,-35.17955921249746,41.765681206648274,0.0,0.0,0.0,0.022501832996337068,0.055038284847955504,-0.017591720801715786,113.46380644122216,0.9961791877814606,0.7401849975745056,0.999954114308231,-0.9874880176087578,-0.9999890790057119,-0.7331616564636544,0.7401866577383444,0.7401866577383444,0.999954114308231,-0.9874880176087578,-0.9999890790057119,Drug Manufacturers—Specialty & Generic,Healthcare,CANB
2014Q1,2014,Q1,2014-03-31,2014-03-31,-11947.0,14997.25,-11947.0,-0.303031,14822.42,0.988342529463735,174448.93,13460.92,167518.39,104988.01,160988.01,0.0,-368057.34,1040820.0,1093305.4,0.3414310716550412,1.5955954398983276,0.32101085400753104,4.160191131066822,-0.17199599429434567,0.3414310716550412,-0.8875322043367021,69.40072346596877,-21.77994475600569,77.3216095185173,0.0,0.0,0.0,0.08596928625472224,0.03601573170117235,-0.06848422630049952,-85.92856046008212,0.988342529463735,0.8553246769367681,0.9729313418665619,0.8787849138489441,-0.9887766579455767,2.981310770883696,0.8553246627431035,0.8553246627431035,0.9729313418665619,0.8787849138489441,-0.9887766579455767,Drug Manufacturers—Specialty & Generic,Healthcare,CANB
2013Q4,2013,Q4,2013-12-31,2013-12-31,-82578.0,3825.0,-82578.0,-2.094559,3723.0,0.9733333333333334,180196.0,61424.0,5643.0,118772.0,118772.0,0.0,-7519480.0,413962.5,444835.5,1.557996195307546,0.047511197925436975,0.201980066150192,0.592537119041417,-0.8441831936209364,1.557996195307546,-1.344393071112269,108.22549019607843,-1.2532469301751072,6.739425957280542,0.0,0.0,0.0,0.02122688627938467,0.047511197925436975,-0.4582676640990921,199020.4326923077,0.9733333333333334,-1.4444217521149574,0.8110890918416893,33.83896703893986,-0.9535060008216603,0.16036615583128397,-2.5527275308634008,-2.5527260023851768,0.8110890918416893,33.83896703893986,-0.9535060008216603,Drug Manufacturers—Specialty & Generic,Healthcare,CANB
2013Q3,2013,Q3,2013-09-30,2013-09-30,-23243.55,5042.5,-23243.56,-0.856873,3208.4700000000003,0.6362855726326228,176511.89,-175100.12,169378.35,22612.01,351612.01,0.0,-237618.38,256340.69999999998,579819.52,-6.455065988350659,7.490636613021135,1.8638971006429084,-1.8789250401427482,-0.15103039716470215,-6.455065988350659,0.13274434078057742,50.83603371343579,-2.757116490381202,-1.463966443883648,0.0,0.0,0.0,0.02856748063827315,0.24947715837734022,-0.13168263055820204,-10.785027894413544,0.6362855726326228,0.8366328412844429,0.9998087365175281,0.0,-1.0005320780238118,-0.279448886094143,0.8366327562725654,0.8366326974698534,0.9998087365175281,0.0,-1.0005320780238118,Drug Manufacturers—Specialty & Generic,Healthcare,CANB
2013Q2,2013,Q2,2013-06-30,2013-06-30,-142277.91,4452.8,-142277.92,-5.245075,4452.8,1.0,170141.0,-146471.0,1012.5,22612.0,316612.0,0.0,-7718196.0,1139292.0,1456229.0,-5.399653468996535,0.04477710949938086,1.8608800935694512,-2.1616019553358687,-0.8362353577327041,-5.399653468996535,0.9713725583903982,255.8596837944664,-2.0018778740845997,-7.778276928538755,0.0,0.0,0.0,0.0261712344467236,0.04477710949938086,-0.8362352989579231,22.517187436692815,1.0,-0.9437671930142487,0.9962369769503417,-0.9748943275607079,-1.0002736560972407,1.4279171210468922,-0.9437669576621993,-0.9410887063767089,0.9962369769503417,-0.9748943275607079,-1.0002736560972407,Drug Manufacturers—Specialty & Generic,Healthcare,CANB
2013Q1,2013,Q1,2013-03-31,2013-03-31,-73197.0,1935.0,-73298.0,-2.698407,1834.0,0.9478036175710595,257727.0,8780.0,8472.0,2370.0,248947.0,0.0,-7577018.0,207513.90000000002,447988.9,0.323674703236747,3.5746835443037974,0.9659329445498531,28.35387243735763,-0.28440171188893676,0.323674703236747,-8.336788154897494,107.24232558139536,-0.708751383253412,23.634840546697042,0.0,0.0,0.0,0.007507944452851273,3.5746835443037974,-0.2840098243490205,-0.6837225623216675,0.9478036175710595,0.7677748909403699,0.7589611260582086,-0.6476840158115176,-0.9893603359202755,-0.342416636787379,0.8378423284314811,0.8376635313242632,0.7589611260582086,-0.6476840158115176,-0.9893603359202755,Drug Manufacturers—Specialty & Generic,Healthcare,CANB
2012Q4,2012,Q4,2012-12-31,2012-12-31,-451394.0,2890.0,-451519.0,-11.61979,2789.0,0.9650519031141869,271052.0,34723.0,21694.0,236329.0,236329.0,0.0,-7496211.0,244736.1,461981.1,0.8938399361598064,0.09179575930165151,0.8718954296592536,6.80612274285056,-1.6658021339078848,0.8938399361598064,-12.999856003225528,84.68377162629758,-0.1355446129102292,7.048241799383693,0.0,0.0,0.0,0.010662160766199844,0.09179575930165151,-1.6653409677847792,-3.6431531625407505,0.9650519031141869,-0.031048245411663608,-0.048003357607998835,25.714428608728227,-0.9733258698689069,-0.11712567268122824,-0.031048353018837325,-0.031093644026188447,-0.048003357607998835,25.714428608728227,-0.9733258698689069,Drug Manufacturers—Specialty & Generic,Healthcare,CANB
2012Q3,2012,Q3,2012-09-30,2012-09-30,-437801.0,3260.0,-437903.0,-11.26988,3159.0,0.9690184049079754,719692.0,486113.0,91961.0,233579.0,233579.0,0.0,-7044821.0,279698.4,427116.4,12.513527428115427,0.3937040572996716,0.3245541148157823,0.4805035043292403,-0.6084588963056419,12.513527428115427,-0.9006157004647067,85.79705521472394,-0.1597177713161916,0.575377329962375,0.0,0.0,0.0,0.004529715489403801,0.3937040572996716,-0.6083171690111882,-2.783484102104792,0.9690184049079754,-0.22280186275828845,0.9974844403424381,0.0,-0.9989685352625547,-0.6963667820069204,-0.22280193614519414,-0.2227214090657791,0.9974844403424381,0.0,-0.9989685352625547,Drug Manufacturers—Specialty & Generic,Healthcare,CANB
2012Q2,2012,Q2,2012-06-30,2012-06-30,-358031.0,10505.0,-358138.0,-9.21644,10404.0,0.9903855306996668,1004667.0,783837.0,28318.0,220830.0,220830.0,0.0,-6607097.0,1223680.5,1422042.5,20.177542667387442,0.12823438844359916,0.2198041739203139,0.2817294922286139,-0.35647433428190634,20.177542667387442,-0.4567671594987223,116.48553069966682,-0.8544515000097757,1.5611415383555511,0.0,0.0,0.0,0.01045620091035139,0.12823438844359916,-0.3563678313311774,-184.12285585314476,0.9903855306996668,0.17672913019546563,0.9933877646220746,-0.958641669657283,-0.9989773959366156,0.4176318299495844,0.12965763015110557,0.12966198695968098,0.9933877646220746,-0.958641669657283,-0.9989773959366156,Drug Manufacturers—Specialty & Generic,Healthcare,CANB
2012Q1,2012,Q1,2012-03-31,2012-03-31,-411368.0,7440.0,-411493.0,-11.194906,7339.0,0.9864247311827957,1335642.0,1117869.0,29014.0,220143.0,217773.0,0.0,-6249065.0,352761.6,541959.6,30.421515266967834,0.13179615068387365,0.16337611425816198,0.1952035524735009,-0.3079850697674767,30.421515266967834,-0.36799302959470204,47.4141935483871,-0.21438322864199452,0.31556613520904503,0.0,0.0,0.0,0.005570354930437947,0.13179615068387365,-0.30799271062155875,-0.9273877312806599,0.9864247311827957,-0.009682480829175,0.0,0.0,0.0,4.14304068522484,-0.054297737978686866,-0.054618101296318125,0.0,0.0,0.0,Drug Manufacturers—Specialty & Generic,Healthcare,CANB
2011Q4,2011,Q4,2011-12-31,2011-12-31,-390182.0,98.0,-390182.0,-11.087551,-2335.0,-23.8265306122449,1394831.0,1179237.0,59296.0,2370.0,215594.0,0.0,-5837697.0,475078.5,629006.5,33.50961893665994,25.019409282700423,0.15286726492313404,0.18081522204611966,-0.28021036136739197,33.50961893665994,-0.33087666007766037,4847.739795918367,-0.3043954487905644,0.40286939775464986,0.0,0.0,0.0,7.025940777054711e-05,25.019409282700423,-0.2797342473747716,-9.035346139216433,-23.8265306122449,0.9975251379957957,0.0,0.0,0.0,0.3483114708344962,0.255616519894385,0.255616519894385,0.0,0.0,0.0,Drug Manufacturers—Specialty & Generic,Healthcare,CANB
2011Q3,2011,Q3,2011-09-30,2011-09-30,-524168.0,0.0,-524168.0,-4480.068376,-3583.0,0.0,1633168.0,1419421.0,11879.0,213747.0,213747.0,0.0,-5447513.0,3211.65,201332.65,12131.803418803418,0.055575049006535766,0.12858444446621536,0.14794764907663055,-0.3216897290509942,12131.803418803418,-0.36928296819618706,0.0,-0.001531784656827582,0.002262647938842669,0.0,0.0,0.0,0.0,0.055575049006535766,-0.3209516718427008,-0.013771021104717476,0.0,-2.214177090594462,0.0,0.0,0.0,-0.27146912704045423,-2.214177090998283,-2.214177090998283,0.0,0.0,0.0,Drug Manufacturers—Specialty & Generic,Healthcare,CANB
2011Q2,2011,Q2,2011-06-30,2011-06-30,-163080.0,765.0,-163080.0,-1393.846154,-2818.0,-3.683660130718954,2310959.0,2308589.0,10096.0,2370.0,2370.0,0.0,-4923345.0,10530.0,434.0,19731.529914529914,4.259915611814346,0.0,0.0,-0.07064055143639686,19731.529914529914,-0.07064055143639686,13.764705882352942,-0.016142384105960264,0.004561227658972646,,0.0,,0.0003310314029803212,4.259915611814346,-0.0705681061412167,0.0,-3.683660130718954,0.0,0.0,0.0,0.0,0.0,0.0,0.0,0.0,0.0,0.0,Drug Manufacturers—Specialty & Generic,Healthcare,CANB
