Quarters,Year,Quarter,FillingDate,Date,NetIncome,Revenue,OperatingIncome,EPSDiluted,GrossProfit,GrossProfitRatio,TotalAssets,CommonStockEquity,CurrentAssets,CurrentLiability,TotalLiability,Inventory,RetainedEarnings,MarketCap,EnterpriseValue,bookValuePerShare,currentRatio,debtToAssets,debtToEquity,roic,shareholdersEquityPerShare,roe,priceToSalesRatio,peRatio,pbRatio,payoutRatio,inventoryTurnover,dividendYield,assetTurnover,quickRatio,returnOnAssets,priceToFreeCashFlowsRatio,grossProfitMargin,epsdilutedGrowth,fiveYNetIncomeGrowthPerShare,fiveYRevenueGrowthPerShare,fiveYShareholdersEquityGrowthPerShare,grossProfitGrowth,netIncomeGrowth,operatingIncomeGrowth,threeYNetIncomeGrowthPerShare,threeYRevenueGrowthPerShare,threeYShareholdersEquityGrowthPerShare,Industry,Sector,Symbol
2022Q4,2022,Q4,2022-12-31,2022-12-31,4745000000.0,34572000000.0,8555500000.0,6.48,8707500000.0,0.2518656716,166631000000.0,91004000000.0,60764000000.0,20219000000.0,75627000000.0,26384000000.0,0.0,29002415140.047962,25973415140.047962,125.57454729605728,3.0052920520302684,0.13831159868211798,0.2532526042811305,0.05088186476593352,125.57454729605728,0.052140565249879124,0.8388989685308331,1.5280513772417261,0.3186938501609595,0.0,0.9803100363856883,0.0,0.20747639994958922,1.7003808299124585,0.028476093884091197,-325.86983303424677,0.251865671641791,0.0,3.9704753460021833,1.0897740877365212,1.6331618437846103,0.0,0.0,0.0,36.93546579581022,0.6403712186455104,1.6532038451555513,Gold,Basic Materials,SBSW
2022Q3,2022,Q3,2022-09-30,2022-09-30,4745000000.0,34572000000.0,8555500000.0,6.48,8707500000.0,0.2518656716,41657750000.0,22751000000.0,15191000000.0,5054750000.0,18906750000.0,6596000000.0,0.0,25350487540.7562,24513487540.7562,31.39363682401432,3.0052920520302684,0.13639718899844566,0.24974726385653379,0.20466918275524273,31.39363682401432,0.2085622609995165,0.7332664451219542,1.3356421254349948,1.1142581662676894,0.0,3.921240145542753,0.0,0.8299055997983569,1.7003808299124585,0.11390437553636479,-284.836938660182,0.251865671641791,0.0,3.9704753460021833,1.0897740877365212,1.630989322324378,0.0,0.0,0.0,36.93546579581022,0.6403712186455104,1.5281454031874666,Gold,Basic Materials,SBSW
2022Q2,2022,Q2,2022-06-30,2022-06-30,4745000000.0,34572000000.0,8555500000.0,6.48,8707500000.0,0.2518656716,158589000000.0,87950000000.0,63182000000.0,18795000000.0,69231000000.0,27005000000.0,0.0,27077006151.64071,21075006151.64071,121.3603955286387,3.3616387337057727,0.1339689385770766,0.24156907333712335,0.053118149543880396,121.3603955286387,0.053951108584422966,0.7832062406467867,1.4266072788008806,0.3078681768236579,0.0,0.9577670801703388,0.0,0.21799746514575413,1.9248204309656824,0.029920107952001715,-304.2360241757383,0.251865671641791,0.0,3.9704753460021833,1.0897740877365212,1.5136921467757116,0.0,0.0,0.0,36.93546579581022,0.6403712186455104,1.5939861291608313,Gold,Basic Materials,SBSW
2022Q1,2022,Q1,2022-03-31,2022-03-31,4745000000.0,34572000000.0,8555500000.0,6.48,8707500000.0,0.2518656716,41657750000.0,22751000000.0,15191000000.0,5054750000.0,18906750000.0,6596000000.0,0.0,44065195210.772285,43228195210.772285,31.39363682401432,3.0052920520302684,0.13639718899844566,0.24974726385653379,0.20466918275524273,31.39363682401432,0.2085622609995165,1.2745920169724716,2.321664658101806,1.9368465215055286,0.0,3.921240145542753,0.0,0.8299055997983569,1.7003808299124585,0.11390437553636479,-495.1145529300257,0.251865671641791,-0.43896103896103894,3.9704753460021833,1.0897740877365212,1.630989322324378,-0.41801594064865405,-0.4383950763403953,-0.3996035018158213,36.93546579581022,0.6403712186455104,1.5281454031874666,Gold,Basic Materials,SBSW
2021Q4,2021,Q4,2021-12-31,2021-12-31,8449000000.0,43048500000.0,14249750000.0,11.55,14961750000.0,0.347555664,152994000000.0,79937000000.0,64831000000.0,20541000000.0,71649000000.0,25080000000.0,27958000000.0,34078810067.984882,24365810067.984882,110.30342168701299,3.1561754539701083,0.13450854281867264,0.25744023418442025,0.10046400549501999,110.30342168701299,0.1056957353916209,0.7916375731555079,1.0083681520885572,0.4263208535219596,0.0,1.1198863636363636,0.0,0.2813737793638966,1.9052626454408257,0.0552243878844922,6.984794029101226,0.34755566396041676,0.0,2.4850142127568238,0.8591612311584259,0.6165137626614479,0.0,0.0,0.0,11.470665330469755,1.654690102828652,1.6242955948077233,Gold,Basic Materials,SBSW
2021Q3,2021,Q3,2021-09-30,2021-09-30,8449000000.0,43048500000.0,14249750000.0,11.55,14961750000.0,0.347555664,38248500000.0,20336250000.0,16207750000.0,5135250000.0,17912250000.0,6270000000.0,6989500000.0,33503899112.01708,31005399112.01708,28.06157297975303,3.1561754539701083,0.13267186948507784,0.2495297805642633,0.39851127423950616,28.06157297975303,0.4154649947753396,0.7782826140752193,0.9913569390465464,1.64749642200588,0.0,4.4795454545454545,0.0,1.1254951174555865,1.9052626454408257,0.2208975515379688,6.866960260712662,0.34755566396041676,0.0,2.4850142127568238,0.8591612311584259,0.6432430669064583,0.0,0.0,0.0,11.470665330469755,1.654690102828652,1.5694208321020837,Gold,Basic Materials,SBSW
2021Q2,2021,Q2,2021-06-30,2021-06-30,8449000000.0,43048500000.0,14249750000.0,11.55,14961750000.0,0.347555664,146457000000.0,81103300000.0,63820000000.0,23348000000.0,63118000000.0,29437000000.0,0.0,45421857347.00145,36799857347.00145,111.91277506171511,2.7334247044714752,0.11931829820356828,0.21546595514609146,0.10242694213117778,111.91277506171511,0.10417578569552657,1.0551321729445033,1.344000986714447,0.5600494350661619,0.0,0.9541308557257873,0.0,0.2939326901411336,1.4726314887784822,0.057689287640740966,9.309665371387876,0.34755566396041676,0.0,2.4850142127568238,0.8591612311584259,0.9060876615111143,0.0,0.0,0.0,11.470665330469755,1.654690102828652,1.4826216567065276,Gold,Basic Materials,SBSW
2021Q1,2021,Q1,2021-03-31,2021-03-31,8449000000.0,43048500000.0,14249750000.0,11.55,14961750000.0,0.347555664,38248500000.0,20336250000.0,16207750000.0,5135250000.0,17912250000.0,6270000000.0,6989500000.0,48496000862.48184,45997500862.48184,28.06157297975303,3.1561754539701083,0.13267186948507784,0.2495297805642633,0.39851127423950616,28.06157297975303,0.4154649947753396,1.1265433374561677,1.4349627430015932,2.3847071540958553,0.0,4.4795454545454545,0.0,1.1254951174555865,1.9052626454408257,0.2208975515379688,9.939741927132987,0.34755566396041676,0.048094373865698835,2.4850142127568238,0.8591612311584259,0.6432430669064583,0.4227199680495992,0.10366538652454477,0.4459668233581012,11.470665330469755,1.654690102828652,1.5694208321020837,Gold,Basic Materials,SBSW
2020Q4,2020,Q4,2020-12-31,2020-12-31,7655400000.0,31848100000.0,9854825000.0,11.02,10516300000.0,0.3302018017,134103100000.0,68480300000.0,52242600000.0,17487100000.0,63387100000.0,24952400000.0,12760100000.0,40627079963.897736,39096679963.897736,100.3782122481257,2.9874936381675634,0.13951504476779433,0.27320849937865344,0.09718644400561624,100.3782122481257,0.1117898140049036,1.2756516075966144,1.3267458252964488,0.5932666761666894,0.0,0.8548997290841762,0.0,0.23748966280421557,1.5395005461168518,0.057085928662350086,9.268341528347749,0.3302018016773371,0.0,19.17179017606953,0.9881317038841753,0.632183323271537,0.0,0.0,0.0,6.090849827560532,1.0449892370708223,1.104822068885741,Gold,Basic Materials,SBSW
2020Q3,2020,Q3,2020-09-30,2020-09-30,7655400000.0,31848100000.0,9854825000.0,11.02,10516300000.0,0.3302018017,33525775000.0,17679000000.0,13060650000.0,4371775000.0,15846775000.0,6238100000.0,3190025000.0,28474091511.98535,28009791511.98535,25.913823600869364,2.9874936381675634,0.13707811377962179,0.2599496577860739,0.3818429212947235,25.913823600869364,0.4330222297641269,0.8940593477157304,0.9298694879426729,1.6106166362342527,0.0,3.419598916336705,0.0,0.9499586512168623,1.5395005461168518,0.22834371464940034,6.495854614139708,0.3302018016773371,0.0,19.17179017606953,0.9881317038841753,0.6731196222297677,0.0,0.0,0.0,6.090849827560532,1.0449892370708223,1.1717456176447762,Gold,Basic Materials,SBSW
2020Q2,2020,Q2,2020-06-30,2020-06-30,7655400000.0,31848100000.0,9854825000.0,11.02,10516300000.0,0.3302018017,120222100000.0,44554000000.0,33696100000.0,17157000000.0,74200400000.0,16823200000.0,0.0,22108060975.350628,36772960975.35063,65.30711560117278,1.9639855452584951,0.22213386723406095,0.59939399380527,0.1188060117615324,65.30711560117278,0.17182295641244333,0.6941720534459082,0.721976022655597,0.49620821868632736,0.0,1.2679989538256693,0.0,0.2649105280975794,0.9834411610421402,0.06367714421890817,5.043558627180944,0.3302018016773371,0.0,19.17179017606953,0.9881317038841753,0.08461406658253878,0.0,0.0,0.0,6.090849827560532,1.0449892370708223,0.35268167922625565,Gold,Basic Materials,SBSW
2020Q1,2020,Q1,2020-03-31,2020-03-31,7655400000.0,31848100000.0,9854825000.0,11.02,10516300000.0,0.3302018017,33525775000.0,17679000000.0,13060650000.0,4371775000.0,15846775000.0,6238100000.0,3190025000.0,12098205323.797998,11633905323.797998,25.913823600869364,2.9874936381675634,0.13707811377962179,0.2599496577860739,0.3818429212947235,25.913823600869364,0.4330222297641269,0.3798721218470803,0.3950873018979413,0.6843263376773572,0.0,3.419598916336705,0.0,0.9499586512168623,1.5395005461168518,0.22834371464940034,2.759989123527378,0.3302018016773371,63.823529411764696,19.17179017606953,0.9881317038841753,0.6731196222297677,3.5823157115001254,69.75231053604436,3.7696561237083466,6.090849827560532,1.0449892370708223,1.1717456176447762,Gold,Basic Materials,SBSW
2019Q4,2019,Q4,2019-12-31,2019-12-31,108200000.0,18231350000.0,2066150000.0,0.17,2294975000.0,0.1258806945,101071800000.0,29670600000.0,26163700000.0,14326800000.0,69933500000.0,15503400000.0,-15433700000.0,23324795009.500725,41824795009.500725,47.32940046251709,1.8262068291593379,0.23863233859493943,0.8128922232782619,-0.012695823069693565,47.32940046251709,0.0036467075151833802,1.279378378973621,53.892779596813135,0.78612481747928,0.0,1.0279277448817679,0.0,0.18038018517529122,0.7131669319038445,0.0010705261012468365,53.06818726921273,0.12588069451795944,0.0,-0.8984326686323578,0.184028611674099,-0.28409861067873077,0.0,0.0,0.0,-0.9484070881996631,-0.08979043538601279,-0.3063802912364048,Gold,Basic Materials,SBSW
2019Q3,2019,Q3,2019-09-30,2019-09-30,108200000.0,18231350000.0,2066150000.0,0.17,2294975000.0,0.1258806945,25267950000.0,7784575000.0,6540925000.0,3581700000.0,17483375000.0,3875850000.0,-3858425000.0,12682113560.415003,17211413560.415,12.417654769552993,1.8262068291593379,0.23484493201862439,0.7622831047295453,-0.050133537848047284,12.417654769552993,0.013899281592122885,0.6956211997693535,29.30248050003466,1.629133711270686,0.0,4.111710979527071,0.0,0.7215207407011649,0.7131669319038445,0.004282104404987346,28.854134714555492,0.12588069451795944,0.0,-0.8984326686323578,0.184028611674099,-0.2652099094028825,0.0,0.0,0.0,-0.9484070881996631,-0.08979043538601279,-0.2728410085197778,Gold,Basic Materials,SBSW
2019Q2,2019,Q2,2019-06-30,2019-06-30,108200000.0,18231350000.0,2066150000.0,0.17,2294975000.0,0.1258806945,99303300000.0,29329500000.0,25787800000.0,20424100000.0,69037800000.0,14167800000.0,0.0,10635760331.937002,32146160331.937004,46.78529085577626,1.262616222991466,0.27703812461418703,0.9379907601561568,-0.012016899440194777,46.78529085577626,0.003689118464344772,0.5833775519606065,24.574307606139097,0.3626301277531837,0.0,1.1248306017871512,0.0,0.18359258957154495,0.5630260329708531,0.0010895911817633453,24.198305743557253,0.12588069451795944,0.0,-0.8984326686323578,0.184028611674099,-0.27705731979632503,0.0,0.0,0.0,-0.9484070881996631,-0.08979043538601279,-0.20315740905158805,Gold,Basic Materials,SBSW
2019Q1,2019,Q1,2019-03-31,2019-03-31,108200000.0,18231350000.0,2066150000.0,0.17,2294975000.0,0.1258806945,25267950000.0,7784575000.0,6540925000.0,3581700000.0,17483375000.0,3875850000.0,-3858425000.0,9887087574.9165,14416387574.9165,12.417654769552993,1.8262068291593379,0.23484493201862439,0.7622831047295453,-0.050133537848047284,12.417654769552993,0.013899281592122885,0.542312422004761,22.844472215611134,1.2700870085928262,0.0,4.111710979527071,0.0,0.7215207407011649,0.7131669319038445,0.004282104404987346,22.4949378873022,0.12588069451795944,1.1545454545454545,-0.8984326686323578,0.184028611674099,-0.2652099094028825,2.965742180749957,1.1716983377633197,6.5731696142215705,-0.9484070881996631,-0.08979043538601279,-0.2728410085197778,Gold,Basic Materials,SBSW
2018Q4,2018,Q4,2018-12-31,2018-12-31,-630175000.0,12664100000.0,272825000.0,-1.1,578700000.0,0.0456961016,84923000000.0,23788400000.0,15195300000.0,14632600000.0,60198600000.0,5294800000.0,-15495800000.0,6006295603.125,27961895603.125,42.03163008970973,1.0384552301026475,0.288551982384042,1.0301113147584537,0.009910457335464716,42.03163008970973,-0.02649085268450169,0.4742773353909871,-2.3827887503967156,0.25248842306018904,0.0,2.2825035884263807,0.0,0.14912450101856975,0.6563153506553859,-0.0074205456707841224,4.695628342128408,0.04569610157847774,0.0,-1.3330784063424328,-0.26505707799238415,-0.35253290675192933,0.0,0.0,0.0,-3.001589079057905,-0.0470433339242734,-0.31655162862672576,Gold,Basic Materials,SBSW
2018Q3,2018,Q3,2018-09-30,2018-09-30,-630175000.0,12664100000.0,272825000.0,-1.1,578700000.0,0.0456961016,21230750000.0,6181100000.0,3798825000.0,3658150000.0,15049650000.0,1323700000.0,-3873950000.0,5385059284.469999,10873959284.47,10.921361199051,1.0384552301026475,0.21568361927864066,0.7408268754752391,0.0444792471483943,10.921361199051,-0.10195191794340813,0.4252224227911971,-2.136334861137779,0.8712137458494442,0.0,9.130014353705523,0.0,0.596498004074279,0.6563153506553859,-0.02968218268313649,4.209955465236001,0.04569610157847774,0.0,-1.3330784063424328,-0.26505707799238415,-0.32730775541903767,0.0,0.0,0.0,-3.001589079057905,-0.0470433339242734,-0.29486501085165856,Gold,Basic Materials,SBSW
2018Q2,2018,Q2,2018-06-30,2018-06-30,-630175000.0,12664100000.0,272825000.0,-1.1,578700000.0,0.0456961016,81084000000.0,25512800000.0,14150600000.0,7649500000.0,55571200000.0,4235200000.0,0.0,5130099181.415999,31722799181.416,45.078465645135715,1.8498725406889338,0.3538589610774012,1.1246237182904268,0.008829551225757928,45.078465645135715,-0.024700346492740898,0.40508991412070333,-2.035188313332011,0.2010794260691104,0.0,2.8535606346807705,0.0,0.15618494400868235,1.1301915157853455,-0.0077718785457056875,4.010631628195837,0.04569610157847774,0.0,-1.3330784063424328,-0.26505707799238415,-0.05009004722888279,0.0,0.0,0.0,-3.001589079057905,-0.0470433339242734,-0.25134133564775135,Gold,Basic Materials,SBSW
2018Q1,2018,Q1,2018-03-31,2018-03-31,-630175000.0,12664100000.0,272825000.0,-1.1,578700000.0,0.0456961016,21230750000.0,6181100000.0,3798825000.0,3658150000.0,15049650000.0,1323700000.0,-3873950000.0,8459433120.930751,13948333120.930752,10.921361199051,1.0384552301026475,0.21568361927864066,0.7408268754752391,0.0444792471483943,10.921361199051,-0.10195191794340813,0.6679853381551591,-3.355985686884894,1.3685967094741633,0.0,9.130014353705523,0.0,0.596498004074279,0.6563153506553859,-0.02968218268313649,6.613453040891821,0.04569610157847774,0.5,-1.3330784063424328,-0.26505707799238415,-0.32730775541903767,-0.3050109586573393,0.4313911258487289,-0.3324565696109616,-3.001589079057905,-0.0470433339242734,-0.29486501085165856,Gold,Basic Materials,SBSW
2017Q4,2017,Q4,2017-12-31,2017-12-31,-1108275000.0,11477900000.0,408700000.0,-2.2,832675000.0,0.0725459361,76071800000.0,23978400000.0,12004500000.0,8437800000.0,52073600000.0,3526500000.0,-13257600000.0,9880039650.000002,33467139650.0,47.68964262203138,1.4227049704899382,0.337174879521715,1.069691889367097,0.004947064355711743,47.68964262203138,-0.04621972275047543,0.8607880927695835,-2.2286976720579283,0.4120391539885898,0.0,3.018637459237204,0.0,0.1508824557851924,0.9757282704022375,-0.014568802105379391,-11.76860683124386,0.07254593610329416,0.0,-1.871087857228231,0.5662134111953265,2.713822034177558,0.0,0.0,0.0,-2.297100152759887,-0.07059501405403965,-0.2786496115372222,Gold,Basic Materials,SBSW
2017Q3,2017,Q3,2017-09-30,2017-09-30,-1108275000.0,11477900000.0,408700000.0,-2.2,832675000.0,0.0725459361,19017950000.0,5999550000.0,3001125000.0,2109450000.0,13018400000.0,881625000.0,-3314400000.0,8235883300.72073,14132658300.72073,11.932255504662878,1.4227049704899382,0.3153862535131284,0.9997416472902134,0.0204635459021906,11.932255504662878,-0.18472635447658575,0.7175426951551006,-1.857815817536426,1.372750173049767,0.0,12.074549836948815,0.0,0.6035298231407696,0.9757282704022375,-0.058275208421517566,-9.81017039483128,0.07254593610329416,0.0,-1.871087857228231,0.5662134111953265,2.714348671224702,0.0,0.0,0.0,-2.297100152759887,-0.07059501405403965,-0.2939324481143707,Gold,Basic Materials,SBSW
2017Q2,2017,Q2,2017-06-30,2017-06-30,-1108275000.0,11477900000.0,408700000.0,-2.2,832675000.0,0.0725459361,82591000000.0,24275100000.0,15327900000.0,14845000000.0,58298200000.0,2962000000.0,0.0,8548894803.980731,32234194803.980732,48.27973691380884,1.032529471202425,0.36576019178845154,1.2444232979472793,0.004506170942060121,48.27973691380884,-0.045654806777315024,0.7448134941043859,-1.9284236322168982,0.352167233254682,0.0,3.5939314652261984,0.0,0.1389727694300832,0.833001010441226,-0.013418834982019833,-10.183013970972551,0.07254593610329416,0.0,-1.871087857228231,0.5662134111953265,7.936517810310233,0.0,0.0,0.0,-2.297100152759887,-0.07059501405403965,-0.25396461653742247,Gold,Basic Materials,SBSW
2017Q1,2017,Q1,2017-03-31,2017-03-31,-1108275000.0,11477900000.0,408700000.0,-2.2,832675000.0,0.0725459361,19017950000.0,5999550000.0,3001125000.0,2109450000.0,13018400000.0,881625000.0,-3314400000.0,16266468282.22073,22163243282.22073,11.932255504662878,1.4227049704899382,0.3153862535131284,0.9997416472902134,0.0204635459021906,11.932255504662878,-0.18472635447658575,1.4171989895556443,-3.66932130613357,2.711281393141274,0.0,12.074549836948815,0.0,0.6035298231407696,0.9757282704022375,-0.058275208421517566,-19.375799746548022,0.07254593610329416,-1.658682634730539,-1.871087857228231,0.5662134111953265,2.714348671224702,-0.43956857532264304,-2.3552736166309995,-0.6998659788136371,-2.297100152759887,-0.07059501405403965,-0.2939324481143707,Gold,Basic Materials,SBSW
2016Q4,2016,Q4,2016-12-31,2016-12-31,817750000.0,7810175000.0,1361725000.0,3.34,1485775000.0,0.1902358142,41721300000.0,16679700000.0,7703200000.0,6236600000.0,25023900000.0,676800000.0,-8033700000.0,6327830125.498072,14333730125.498072,68.23537431899626,1.235160183433281,0.21508917507364345,0.5380072783083628,0.03846294488709932,68.23537431899626,0.049026661150979936,0.8102033725874352,1.934524648577827,0.3793731377361746,0.0,9.344562647754136,0.0,0.18719874500554873,1.0788410351794246,0.019600300086526547,99.49418436317723,0.19023581417829946,0.0,0.45099777245462935,1.023020777233517,8.501757216516813,0.0,0.0,0.0,0.0007283496439448689,0.049422539852506144,0.051116965312055285,Gold,Basic Materials,SBSW
2016Q3,2016,Q3,2016-09-30,2016-09-30,817750000.0,7810175000.0,1361725000.0,3.34,1485775000.0,0.1902358142,10430325000.0,4174350000.0,1925800000.0,1559150000.0,6255975000.0,169200000.0,-2008425000.0,12714061774.991167,14715536774.991167,17.07694591560412,1.235160183433281,0.21508917507364345,0.5374369662342641,0.1537457004988006,17.07694591560412,0.1958987626816151,1.6278843655860677,3.8869036303855604,3.045758447420836,0.0,37.378250591016545,0.0,0.7487949800221949,1.0788410351794246,0.07840120034610619,199.90663168225106,0.19023581417829946,0.0,0.45099777245462935,1.023020777233517,2.8774294643648837,0.0,0.0,0.0,0.0007283496439448689,0.049422539852506144,0.05184041340502765,Gold,Basic Materials,SBSW
2016Q2,2016,Q2,2016-06-30,2016-06-30,817750000.0,7810175000.0,1361725000.0,3.34,1485775000.0,0.1902358142,32827200000.0,14352100000.0,3555600000.0,8168900000.0,18475100000.0,550800000.0,0.0,12230034705.093676,18388234705.093674,58.71334111306955,0.43526056139749536,0.21411817029780184,0.48974714501710553,0.04614887781961566,58.71334111306955,0.05697772451418259,1.5659104572040543,3.7389283720861135,0.852142523051935,0.0,11.482207697893973,0.0,0.23791779378076716,0.36783410251074194,0.02491074474825754,192.29614316185024,0.19023581417829946,0.0,0.45099777245462935,1.023020777233517,7.4549104448623735,0.0,0.0,0.0,0.0007283496439448689,0.049422539852506144,0.2372290468535197,Gold,Basic Materials,SBSW
2016Q1,2016,Q1,2016-03-31,2016-03-31,817750000.0,7810175000.0,1361725000.0,3.34,1485775000.0,0.1902358142,10430325000.0,4174350000.0,1925800000.0,1559150000.0,6255975000.0,169200000.0,-2008425000.0,13619307476.745956,15620782476.745956,17.07694591560412,1.235160183433281,0.21508917507364345,0.5374369662342641,0.1537457004988006,17.07694591560412,0.1958987626816151,1.7437903090194466,4.163652545627012,3.2626175276979543,0.0,37.378250591016545,0.0,0.7487949800221949,1.0788410351794246,0.07840120034610619,214.14005466581693,0.19023581417829946,5.072727272727272,0.45099777245462935,1.023020777233517,2.8774294643648837,1.5841812331507088,5.0776662950575995,2.0218585298196947,0.0007283496439448689,0.049422539852506144,0.05184041340502765,Gold,Basic Materials,SBSW
2015Q4,2015,Q4,2015-12-31,2015-12-31,134550000.0,5679350000.0,450625000.0,0.55,574950000.0,0.1012351766,28265700000.0,14875000000.0,2750700000.0,5347300000.0,13280900000.0,405900000.0,-9797800000.0,5420363441.148892,8506563441.148892,61.499349256263876,0.5144091410618443,0.13456592265537382,0.25570420168067226,0.014184164050473047,61.499349256263876,0.009045378151260504,0.9543985563750944,10.071281012911358,0.3643941809175726,0.0,12.57551120965755,0.0,0.20092727227700005,0.4153685037308548,0.004760186374298178,127.16395169850774,0.10123517656069797,0.0,-0.4612990465724947,0.9849714124402035,0.0,0.0,0.0,0.0,-0.7801594489604943,0.6110047249852693,3.210101272477867,Gold,Basic Materials,SBSW
2015Q3,2015,Q3,2015-09-30,2015-09-30,134550000.0,5679350000.0,450625000.0,0.55,574950000.0,0.1012351766,7066425000.0,3746200000.0,687675000.0,1336825000.0,3320225000.0,101475000.0,-2449450000.0,4121109002.188927,4892659002.188927,15.488326869500217,0.5144091410618443,0.06397506518501223,0.12067561795953233,0.06310694907626724,15.488326869500217,0.03591639528055096,0.7256303982302424,7.657207361926658,1.1000771454244107,0.0,50.3020448386302,0.0,0.8037090891080002,0.4153685037308548,0.019040745497192712,96.68290914226222,0.10123517656069797,0.0,-0.4612990465724947,0.9849714124402035,0.0,0.0,0.0,0.0,-0.7801594489604943,0.6110047249852693,3.2252618189281494,Gold,Basic Materials,SBSW
2015Q2,2015,Q2,2015-06-30,2015-06-30,134550000.0,5679350000.0,450625000.0,0.55,574950000.0,0.1012351766,28085000000.0,14563700000.0,2284800000.0,3959800000.0,13521300000.0,386500000.0,0.0,5729613606.752887,8591413606.752888,60.21230741266892,0.576998838325168,0.13232330425494035,0.25517553918303726,0.014493453316912793,60.21230741266892,0.00923872367598893,1.008850239332474,10.645881840863781,0.39341744245987537,0.0,13.20672703751617,0.0,0.20222004628805412,0.479392898631244,0.004790813601566673,134.41908754845483,0.10123517656069797,0.0,-0.4612990465724947,0.9849714124402035,0.0,0.0,0.0,0.0,-0.7801594489604943,0.6110047249852693,9.650911737847391,Gold,Basic Materials,SBSW
2015Q1,2015,Q1,2015-03-31,2015-03-31,134550000.0,5679350000.0,450625000.0,0.55,574950000.0,0.1012351766,7066425000.0,3746200000.0,687675000.0,1336825000.0,3320225000.0,101475000.0,-2449450000.0,7578719262.98111,8350269262.98111,15.488326869500217,0.5144091410618443,0.06397506518501223,0.12067561795953233,0.06310694907626724,15.488326869500217,0.03591639528055096,1.3344342685309252,14.081603981756057,2.0230418191717234,0.0,50.3020448386302,0.0,0.8037090891080002,0.4153685037308548,0.019040745497192712,177.79986540718147,0.10123517656069797,-0.6686746987951807,-0.4612990465724947,0.9849714124402035,0.0,-0.392214381986839,-0.6428429225562413,-0.43463396273759486,-0.7801594489604943,0.6110047249852693,3.2252618189281494,Gold,Basic Materials,SBSW
2014Q4,2014,Q4,2014-12-31,2014-12-31,376725000.0,5445125000.0,797050000.0,1.66,945975000.0,0.1737287941,27921900000.0,14656300000.0,1940500000.0,3570600000.0,12936000000.0,327700000.0,-9897400000.0,6167037944.31039,8774137944.31039,66.11161979639274,0.5434660841315185,0.11353095598795211,0.21628924080429576,0.02885505477609106,66.11161979639274,0.025703963483280228,1.1325796826170915,4.092532977842186,0.42077727286630257,0.0,13.729478181263351,0.0,0.19501269612741254,0.432392315017084,0.013492097600807967,30.765966297382842,0.17372879410481853,0.0,0.6456155767364323,1.0763634846828767,0.0,0.0,0.0,0.0,-0.2629401689627669,0.5551759836675322,8.268272884159074,Gold,Basic Materials,SBSW
2014Q3,2014,Q3,2014-09-30,2014-09-30,376725000.0,5445125000.0,797050000.0,1.66,945975000.0,0.1737287941,6980475000.0,3746475000.0,485125000.0,892650000.0,3234000000.0,81925000.0,-2474350000.0,6907279369.6062355,7559054369.6062355,16.899594766529784,0.5434660841315185,0.11353095598795211,0.21153217357649523,0.11332489448719855,16.899594766529784,0.10055452124997498,1.2685254001710218,4.5837675821927375,1.8436742189941842,0.0,54.917912725053405,0.0,0.7800507845096502,0.432392315017084,0.05396839040323187,34.458864403124146,0.17372879410481853,0.0,0.6456155767364323,1.0763634846828767,0.0,0.0,0.0,0.0,-0.2629401689627669,0.5551759836675322,2.8579315825740372,Gold,Basic Materials,SBSW
2014Q2,2014,Q2,2014-06-30,2014-06-30,376725000.0,5445125000.0,797050000.0,1.66,945975000.0,0.1737287941,26771600000.0,14346700000.0,2356400000.0,4393900000.0,12424900000.0,285300000.0,0.0,8982912150.636005,9599812150.636005,64.7150765017711,0.5362889460388266,0.06800490071568378,0.12690026277819985,0.0318160028548386,64.7150765017711,0.026258651815400057,1.6497164253595658,5.961186641871396,0.6261308977420595,0.0,15.769891342446547,0.0,0.20339184060721063,0.46719315414551993,0.014071814908335699,44.813729860992794,0.17372879410481853,0.0,0.6456155767364323,1.0763634846828767,0.0,0.0,0.0,0.0,-0.2629401689627669,0.5551759836675322,8.114737729656527,Gold,Basic Materials,SBSW
2014Q1,2014,Q1,2014-03-31,2014-03-31,376725000.0,5445125000.0,797050000.0,1.66,945975000.0,0.1737287941,6980475000.0,3746475000.0,485125000.0,892650000.0,3234000000.0,81925000.0,-2474350000.0,6783651021.178488,7435426021.178488,16.899594766529784,0.5434660841315185,0.11353095598795211,0.21153217357649523,0.11332489448719855,16.899594766529784,0.10055452124997498,1.2458209905518216,4.501726074177774,1.8106756407499018,0.0,54.917912725053405,0.0,0.7800507845096502,0.432392315017084,0.05396839040323187,33.84211035758786,0.17372879410481853,-0.4923547400611621,0.6456155767364323,1.0763634846828767,0.0,-0.030711085079824417,-0.34687396788972114,-0.137422144820426,-0.2629401689627669,0.5551759836675322,2.8579315825740372,Gold,Basic Materials,SBSW
2013Q4,2013,Q4,2013-12-31,2013-12-31,576802916.25,5253315388.75,924032532.5,3.27,975947403.75,0.1857774246,22506531520.0,11201090010.0,3015758350.0,3722218005.0,11301267450.0,188876215.0,-12990718235.0,3048565666.9989667,3964771836.9989667,64.91701358729242,0.8102046537706756,0.08925259643916914,0.17933668716228807,0.05923399664577565,64.91701358729242,0.05149524874231414,0.5803127056729708,1.3213203249815255,0.27216687521279603,0.12256897331524197,22.646408839779006,0.023190624369786278,0.2334129265578635,0.5402298850574713,0.025628245548961426,2.978021649881909,0.18577742464120772,0.0,2.2372496226910483,1.573794076807288,0.0,0.0,0.0,0.0,2.2372496226910483,1.573794076807288,0.0,Gold,Basic Materials,SBSW
2013Q3,2013,Q3,2013-09-30,2013-09-30,576802916.25,5253315388.75,924032532.5,3.27,975947403.75,0.1857774246,5626632880.0,2801316017.5,753939587.5,930554501.25,2825316862.5,47219053.75,-3247679558.75,3301908478.574345,3530960021.074345,16.235301190151528,0.8102046537706756,0.08925259643916914,0.17926988265971316,0.23686114302736286,16.235301190151528,0.20590426522629912,0.6285380248909855,1.4311250799671842,1.1786990321502866,0.12256897331524197,90.58563535911603,0.021411296439241438,0.933651706231454,0.5402298850574713,0.1025129821958457,3.225502091546834,0.18577742464120772,0.0,2.2372496226910483,1.573794076807288,0.0,0.0,0.0,0.0,2.2372496226910483,1.573794076807288,0.0,Gold,Basic Materials,SBSW
2013Q2,2013,Q2,2013-06-30,2013-06-30,576802916.25,5253315388.75,924032532.5,3.27,975947403.75,0.1857774246,20970100000.0,8188200000.0,3386400000.0,3413800000.0,12781900000.0,0.0,0.0,1913863818.1291595,3823163818.1291595,47.45551461339143,0.9919737535883766,0.19074777898054848,0.48850785276373315,0.06419919174285522,47.45551461339143,0.07044318852128673,0.36431542302366005,0.82951375773716,0.2337343760691189,0.12256897331524197,0.0,0.036940006169879344,0.2505145606720998,0.6124260355029586,0.027505968796047706,1.8695768790589813,0.18577742464120772,0.0,2.2372496226910483,1.573794076807288,0.0,0.0,0.0,0.0,2.2372496226910483,1.573794076807288,0.0,Gold,Basic Materials,SBSW
2013Q1,2013,Q1,2013-03-31,2013-03-31,576802916.25,5253315388.75,924032532.5,3.27,975947403.75,0.1857774246,5626632880.0,2801316017.5,753939587.5,930554501.25,2825316862.5,47219053.75,-3247679558.75,3555572240.1597943,3784623782.6597943,16.235301190151528,0.8102046537706756,0.08925259643916914,0.17926988265971316,0.23686114302736286,16.235301190151528,0.20590426522629912,0.676824438862755,1.541068942263602,1.2692506728794277,0.12256897331524197,90.58563535911603,0.019883758921130142,0.933651706231454,0.5402298850574713,0.1025129821958457,3.4732960564167423,0.18577742464120772,0.2924901185770752,2.2372496226910483,1.573794076807288,0.0,0.2976335177271877,-0.2243322764711197,0.3137467370586579,2.2372496226910483,1.573794076807288,0.0,Gold,Basic Materials,SBSW
2012Q4,2012,Q4,2012-12-31,2012-12-31,743621139.25,4283291669.0,703356671.75,2.53,752097869.25,0.1755887592,20873947625.0,-8177501431.0,1840298083.0,18804777832.0,29055687421.0,345002911.0,-12237855101.0,6746694580.7309675,10633275285.730968,-27.826484705523722,0.09786332491886043,0.2,-0.5105214056183269,-0.21757290010542402,-27.826484705523722,-0.09093500570125428,1.5751191144790957,2.268189480040715,-0.8250312931961096,0.27215730977486463,10.235257985257986,0.0299971973428317,0.2051979695431472,0.06950955643707177,0.0356243654822335,105.76846359419096,0.17558875915297842,0.0,1.450416681000312,0.23213258263929276,0.0,0.0,0.0,0.0,1.450416681000312,0.23213258263929276,0.0,Gold,Basic Materials,SBSW
2012Q3,2012,Q3,2012-09-30,2012-09-30,743621139.25,4283291669.0,703356671.75,2.53,752097869.25,0.1755887592,5218486906.25,-2045434949.0,460074520.75,4701194458.0,7263921855.25,86250727.75,-3059463775.25,6745974299.461505,7717619475.711505,-6.960226764219834,0.09786332491886043,0.2,-0.5102569415665147,-0.8693710465816055,-6.960226764219834,-0.36355159552424365,1.5749509537921464,2.2679473267346015,-3.29806347679723,0.27215730977486463,40.941031941031945,0.030000400204037995,0.8207918781725888,0.06950955643707177,0.142497461928934,105.75717168786333,0.17558875915297842,0.0,1.450416681000312,0.23213258263929276,0.0,0.0,0.0,0.0,1.450416681000312,0.23213258263929276,0.0,Gold,Basic Materials,SBSW
2012Q2,2012,Q2,2012-06-30,2012-06-30,743621139.25,4283291669.0,703356671.75,2.53,752097869.25,0.1755887592,5218486906.25,-2045434949.0,460074520.75,4701194458.0,7263921855.25,86250727.75,-3059463775.25,6745794229.144139,7717439405.394139,-6.960226764219834,0.09786332491886043,0.2,-0.5102569415665147,-0.8693710465816055,-6.960226764219834,-0.36355159552424365,1.574908913620409,2.267886788408073,-3.297975441576431,0.27215730977486463,40.941031941031945,0.030001201026209904,0.8207918781725888,0.06950955643707177,0.142497461928934,105.75434871128142,0.17558875915297842,0.0,1.450416681000312,0.23213258263929276,0.0,0.0,0.0,0.0,1.450416681000312,0.23213258263929276,0.0,Gold,Basic Materials,SBSW
2012Q1,2012,Q1,2012-03-31,2012-03-31,743621139.25,4283291669.0,703356671.75,2.53,752097869.25,0.1755887592,5218486906.25,-2045434949.0,460074520.75,4701194458.0,7263921855.25,86250727.75,-3059463775.25,6745974299.461505,7717619475.711505,-6.960226764219834,0.09786332491886043,0.2,-0.5102569415665147,-0.8693710465816055,-6.960226764219834,-0.36355159552424365,1.5749509537921464,2.2679473267346015,-3.29806347679723,0.27215730977486463,40.941031941031945,0.030000400204037995,0.8207918781725888,0.06950955643707177,0.142497461928934,105.75717168786333,0.17558875915297842,0.09523809523809512,1.450416681000312,0.23213258263929276,0.0,-0.3525595184871381,0.09752467733123532,-0.3719434857276482,1.450416681000312,0.23213258263929276,0.0,Gold,Basic Materials,SBSW
2011Q4,2011,Q4,2011-12-31,2011-12-31,677543890.0,4641347100.0,1119893920.0,2.31,1161647890.0,0.2502824859,5005433650.0,-2673060920.0,456873150.0,5957908270.0,7678494570.0,62530100.0,-3450047840.0,6752816971.521392,6662854311.521392,-9.095918776038324,0.07668348173477334,0.0,0.0,-0.2795534284762798,-9.095918776038324,-0.25347117416239057,1.4549260863341575,2.491652965655624,-2.5262488112397348,0.9991068770467401,55.648387096774194,0.1002453883845585,0.9272617368527101,0.059924840031147376,0.13536167640539995,7.1918043494197565,0.25028248587570623,0.0,1.2326757034373006,0.33513088324977935,0.0,0.0,0.0,0.0,1.2326757034373006,0.33513088324977935,0.0,Gold,Basic Materials,SBSW
2011Q3,2011,Q3,2011-09-30,2011-09-30,677543890.0,4641347100.0,1119893920.0,2.31,1161647890.0,0.2502824859,5005433650.0,-2673060920.0,456873150.0,5957908270.0,7678494570.0,62530100.0,-3450047840.0,6752456830.88666,6662494170.88666,-9.095918776038324,0.07668348173477334,0.0,0.0,-0.2795534284762798,-9.095918776038324,-0.25347117416239057,1.4548484923453926,2.4915200810410454,-2.526114081562593,0.9991068770467401,55.648387096774194,0.10025073494784738,0.9272617368527101,0.059924840031147376,0.13536167640539995,7.19142079674919,0.25028248587570623,0.0,1.2326757034373006,0.33513088324977935,0.0,0.0,0.0,0.0,1.2326757034373006,0.33513088324977935,0.0,Gold,Basic Materials,SBSW
2011Q2,2011,Q2,2011-06-30,2011-06-30,677543890.0,4641347100.0,1119893920.0,2.31,1161647890.0,0.2502824859,5005433650.0,-2673060920.0,456873150.0,5957908270.0,7678494570.0,62530100.0,-3450047840.0,6748855424.539351,6658892764.539351,-9.095918776038324,0.07668348173477334,0.0,0.0,-0.2795534284762798,-9.095918776038324,-0.25347117416239057,1.4540725524577447,2.4901912348952595,-2.524766784791179,0.9991068770467401,55.648387096774194,0.10030423196481572,0.9272617368527101,0.059924840031147376,0.13536167640539995,7.187585270043546,0.25028248587570623,0.0,1.2326757034373006,0.33513088324977935,0.0,0.0,0.0,0.0,1.2326757034373006,0.33513088324977935,0.0,Gold,Basic Materials,SBSW
2011Q1,2011,Q1,2011-03-31,2011-03-31,677543890.0,4641347100.0,1119893920.0,2.31,1161647890.0,0.2502824859,5005433650.0,-2673060920.0,456873150.0,5957908270.0,7678494570.0,62530100.0,-3450047840.0,6751916619.934564,6661953959.934564,-9.095918776038324,0.07668348173477334,0.0,0.0,-0.2795534284762798,-9.095918776038324,-0.25347117416239057,1.4547321013622454,2.4913207541191777,-2.525911987046881,0.9991068770467401,55.648387096774194,0.1002587558622074,0.9272617368527101,0.059924840031147376,0.13536167640539995,7.190845467743344,0.25028248587570623,1.2427184466019416,1.2326757034373006,0.33513088324977935,0.0,1.0720890794827034,1.2326757034373008,1.19804967047874,1.2326757034373006,0.33513088324977935,0.0,Gold,Basic Materials,SBSW
2010Q4,2010,Q4,2010-12-31,2010-12-31,303467220.5,3476323676.0,509494364.5,1.03,560616771.5,0.1612671384,,,,,,,,6752636901.204026,,,0.0,0.0,0.0,0.0,,0.0,1.9424649516450914,5.5629046936916415,0.0,0.766307789740342,0.0,0.034438294017931775,0.0,0.0,0.0,49.76672244384761,0.16126713843432108,0.0,0.0,0.0,0.0,0.0,0.0,0.0,0.0,0.0,0.0,Gold,Basic Materials,SBSW
2010Q3,2010,Q3,2010-09-30,2010-09-30,303467220.5,3476323676.0,509494364.5,1.03,560616771.5,0.1612671384,,,,,,,,6752276760.569295,,,0.0,0.0,0.0,0.0,,0.0,1.942361353514337,5.5626080054413105,0.0,0.766307789740342,0.0,0.03444013082490911,0.0,0.0,0.0,49.7640682186506,0.16126713843432108,0.0,0.0,0.0,0.0,0.0,0.0,0.0,0.0,0.0,0.0,Gold,Basic Materials,SBSW
2010Q2,2010,Q2,2010-06-30,2010-06-30,303467220.5,3476323676.0,509494364.5,1.03,560616771.5,0.1612671384,,,,,,,,6752456830.88666,,,0.0,0.0,0.0,0.0,,0.0,1.942413152579714,5.562756349566476,0.0,0.766307789740342,0.0,0.034439212396929035,0.0,0.0,0.0,49.765395331249096,0.16126713843432108,0.0,0.0,0.0,0.0,0.0,0.0,0.0,0.0,0.0,0.0,Gold,Basic Materials,SBSW
2010Q1,2010,Q1,2010-03-31,2010-03-31,303467220.5,3476323676.0,509494364.5,1.03,560616771.5,0.1612671384,,,,,,,,6751916619.934564,,,0.0,0.0,0.0,0.0,,0.0,1.9422577553835823,5.56231131719098,0.0,0.766307789740342,0.0,0.03444196782783342,0.0,0.0,0.0,49.761413993453594,0.16126713843432108,0.0,0.0,0.0,0.0,0.0,0.0,0.0,0.0,0.0,0.0,Gold,Basic Materials,SBSW
2023Q1,2023,Q1,2023-02-22,2023-02-22,,,,,,,0.0,0.0,0.0,0.0,0.0,0.0,0.0,0.0,0.0,0.0,0.0,0.0,0.0,0.0,0.0,0.0,0.0,0.0,0.0,0.0,0.0,,0.0,0.0,0.0,0.0,0.0,0.0,1.0,-1.0,-1.0,0.0,0.0,0.0,-1.0,-1.0,-1.0,Gold,Basic Materials,SBSW
