Quarters,Year,Quarter,FillingDate,Date,NetIncome,Revenue,OperatingIncome,EPSDiluted,GrossProfit,GrossProfitRatio,TotalAssets,CommonStockEquity,CurrentAssets,CurrentLiability,TotalLiability,Inventory,RetainedEarnings,MarketCap,EnterpriseValue,bookValuePerShare,currentRatio,debtToAssets,debtToEquity,roic,shareholdersEquityPerShare,roe,priceToSalesRatio,peRatio,pbRatio,payoutRatio,inventoryTurnover,dividendYield,assetTurnover,quickRatio,returnOnAssets,priceToFreeCashFlowsRatio,grossProfitMargin,epsdilutedGrowth,fiveYNetIncomeGrowthPerShare,fiveYRevenueGrowthPerShare,fiveYShareholdersEquityGrowthPerShare,grossProfitGrowth,netIncomeGrowth,operatingIncomeGrowth,threeYNetIncomeGrowthPerShare,threeYRevenueGrowthPerShare,threeYShareholdersEquityGrowthPerShare,Industry,Sector,Symbol
2023Q1,2023,Q1,2023-04-06,2023-03-31,58566000000.0,820325000000.0,212096000000.0,149.6,173809000000.0,0.211878219,5490081000000.0,2260988915820.0,1072053000000.0,1045617000000.0,3211807000000.0,389389000000.0,3.0,896512364731.7213,2335361364731.721,5775.431854593214,1.0252826799870316,0.3006793524539984,0.7301026504153895,0.040393619423718385,5775.431854593214,0.02590282490560538,1.0928746103455598,3.8269318577831903,0.3965133833513643,0.0,1.6603345240877374,0.0,0.14941947122455934,0.6528815044131838,0.010667602171989813,18.489365713820355,0.21187821899856765,-0.24364224682744326,8.6710335669129,9.838927366100425,12.198106062387485,0.19137837671106114,-0.24402679712408515,-0.10599680496368702,8.449595001171208,3.707243954945813,2.8296320086149467,Oil & Gas Integrated,Energy,YPF
2022Q4,2022,Q4,2022-12-31,2022-12-31,77471000000.0,786493000000.0,237243000000.0,197.79,145889000000.0,0.1854930686,4588159000000.0,1851030000000.0,910709000000.0,846905000000.0,2719855000000.0,307766000000.0,1048922404270.0,641308011112.5125,1859723011112.5125,4725.835782681641,1.0753378478105573,0.2953884117791036,0.732181001928656,0.05338721953633341,4725.835782681641,0.04185291432337671,0.8154020583940511,2.069509916977038,0.34646008498647374,0.0,2.0814644892548233,0.0,0.17141799139916467,0.66662966920729,0.016884985895214182,285.78788373997884,0.1854930685969233,-0.1537309601232244,5.465838518238174,10.324706943145225,11.183063612764384,-0.24056095491434193,-0.15697092365282495,0.025596354864647546,8.407865181266748,2.8077004790515145,2.417620907591208,Oil & Gas Integrated,Energy,YPF
2022Q3,2022,Q3,2022-09-30,2022-09-30,91896000000.0,719440000000.0,231322000000.0,233.72,192101000000.0,0.2670146225,3722803000000.0,1474775000000.0,827859000000.0,793633000000.0,2233221000000.0,294515000000.0,9953000000.0,359066396953.8178,1342030396953.8179,3750.809748519788,1.0431257268787966,0.29702270036851264,0.749780135952942,0.06116852939981032,3750.809748519788,0.06231187808309742,0.49909151138916075,0.9768281452778624,0.24347198518676935,0.0,1.7905335891210974,0.0,0.19325223494232704,0.6146430402969635,0.024684626073418335,4.942414273280355,0.26701462248415436,-0.013173450430670515,972.8333323444097,9.737370796850023,10.127059588365038,0.1476595871792574,-0.012794482580811499,0.3100569732803244,8.204685568654126,2.9778686945722193,1.8124510738227884,Oil & Gas Integrated,Energy,YPF
2022Q2,2022,Q2,2022-06-30,2022-06-30,93087000000.0,578011000000.0,176574000000.0,236.84,167385000000.0,0.2895879144,3052090000000.0,1164335000000.0,642444000000.0,559111000000.0,1875747000000.0,215577000000.0,0.0,160807086756.78564,1032062086756.7856,2962.4018516665997,1.1490455383635807,0.3128203952045975,0.8200011165171536,0.06568075233963956,2962.4018516665997,0.07994864021093585,0.27820765825699795,0.43187310461392475,0.13811066983023412,0.0,1.9047764835766339,0.0,0.18938203001877402,0.6952268869687772,0.030499428260634516,2.65200684010795,0.28958791441685366,2.5233561440047607,437.5925926757046,8.596700861015727,8.364443209902102,1.045896229297806,2.5237536434871486,1.995419691931872,35.57518249493429,2.5940323187398433,1.9309312539697006,Oil & Gas Integrated,Energy,YPF
2022Q1,2022,Q1,2022-03-31,2022-03-31,26417000000.0,384957000000.0,58948000000.0,67.22,81815000000.0,0.2125302306,2615296000000.0,941191000000.0,527593000000.0,421057000000.0,1664761000000.0,167500000000.0,0.0,211084173023.3675,983681173023.3674,2394.813320099412,1.2530203749136102,0.32914324038273296,0.9145933184656462,0.01741510365167452,2394.813320099412,0.028067629205974134,0.5483318215368664,1.9976168094727589,0.2242734716156099,0.0,1.809802985074627,0.0,0.147194428470047,0.7993929562980784,0.010100959891346907,3.0591022437518838,0.21253023064913742,1.3405292479108635,1049.0609371462308,5.710973498036118,7.12149181903302,0.6973009978632035,1.3421402606614061,0.760587778507855,4.222266540871615,1.9359320520589332,1.3088855970807087,Oil & Gas Integrated,Energy,YPF
2021Q4,2021,Q4,2021-12-31,2021-12-31,11279000000.0,353558000000.0,33482000000.0,28.72,48203000000.0,0.1363368952,2390068000000.0,839892000000.0,466243000000.0,391078000000.0,1541950000000.0,153927000000.0,0.0,154045849017.23083,904204849017.2308,2138.61388740374,1.1921995100721594,0.34008948699367547,0.9677875250627461,-0.014468995341141275,2138.61388740374,0.013429107551923343,0.4357017774091686,3.4144394232030946,0.18341149697488587,0.0,1.9837650314759594,0.0,0.14792800874284748,0.7259830519742865,0.004719112594286021,4.943863699644752,0.1363368952194548,-0.49904064189778474,5.6022243477372005,5.52834020908123,6.124790392036307,-0.3836248785228377,-0.4987111111111111,-0.19584013834181957,-0.35286895160808485,1.4143417141390775,1.327599398093352,Oil & Gas Integrated,Energy,YPF
2021Q3,2021,Q3,2021-09-30,2021-09-30,22500000000.0,353558000000.0,41636000000.0,57.33,78204000000.0,0.2211914311088987,2273351000000.0,777800000000.0,446065000000.0,383008000000.0,1488079000000.0,137999000000.0,0.0,180518013677.4954,906035013677.4954,1981.8344009037164,1.1646362478068344,0.34619159117971665,1.0118475186423246,0.01558602671685415,1981.8344009037164,0.02892774492157367,0.5105753898299441,2.005755707527727,0.2320879579294104,0.0,1.9953332995166633,0.0,0.15552283831225358,0.8040745885203442,0.009897283789436826,4.830818178053291,0.2211914311088987,1.4999563966163774,1.7431941923242662,5.317280446854269,5.92137335993622,0.1683922728698848,1.4998111824421885,0.4287773240451597,0.711343284427271,1.9297346695638942,1.153650192675674,Oil & Gas Integrated,Energy,YPF
2021Q2,2021,Q2,2021-06-30,2021-06-30,-45017000000.0,315873000000.0,29141000000.0,-114.67,66933000000.0,0.21189845285921874,2162705000000.0,729347000000.0,399753000000.0,386093000000.0,1427054000000.0,124197000000.0,0.0,175934537520.05212,883960537520.0521,1857.8363843190027,1.0353800768208696,0.3512707465881847,1.0416098235819164,-0.04447947131993098,1857.8363843190027,-0.06172233518476116,0.5569787146101507,-0.9770449914479649,0.24122199381097356,0.0,2.0043962414551078,0.0,0.1460545936685771,0.6602165799431743,-0.02081513659976742,3.73724482793891,0.21189845285921874,-20.80038022813688,-59.671957669780674,4.995373201229272,4.235675465393165,0.8408922137572541,-20.78944820909971,3.251677852348993,-23.572834672233803,2.3930296996972844,2.0011143434973904,Oil & Gas Integrated,Energy,YPF
2021Q1,2021,Q1,2021-03-31,2021-03-31,-2066000000.0,234890000000.0,6854000000.0,-5.26,36359000000.0,0.15479160458086763,2085311000000.0,740116000000.0,369894000000.0,361962000000.0,1338423000000.0,111343000000.0,0.0,147878249051.20477,853919249051.2048,1885.3237072856045,1.0219139025643575,0.36556513632738713,1.0299966491739132,-0.001291567754134431,1885.3237072856045,-0.002791454312567219,0.6295638343531218,-17.894270214327783,0.19980415104011368,0.0,1.783057758458098,0.0,0.11264027284179674,0.650551715373437,-0.0009907395107971904,2.9808153406814104,0.15479160458086763,-1.046668441132109,-3.0718355269647715,3.9987481456941607,4.401572974858397,1.2237920489296636,-1.0467050977732564,-0.8432941606840734,-1.3402183623486692,2.0950309178326916,3.308370850380602,Oil & Gas Integrated,Energy,YPF
2020Q4,2020,Q4,2020-12-31,2020-12-31,44235000000.0,187473000000.0,43738000000.0,112.71,16350000000.0,0.08721255860843961,1923225000000.0,677230000000.0,327569000000.0,370669000000.0,1239830000000.0,100137000000.0,0.0,156882086780.11667,826840086780.1167,1725.5700992067636,0.8837237535375227,0.37675051021071376,1.0699112561463608,0.025819694133580165,1725.5700992067636,0.06531754352287997,0.8368249656223385,0.88664002927612,0.23165259480548214,0.0,1.7088888223134306,0.0,0.09747845415902975,0.57327426895694,0.023000428966969542,4.465376904338276,0.08721255860843961,2.2483109978956692,27.090277783518566,3.577302568258501,4.622703538929734,0.4687387711103126,2.2472508881745896,2.862063093362851,2.6845374352554705,1.6940279020235245,3.4484682188831703,Oil & Gas Integrated,Energy,YPF
2020Q3,2020,Q3,2020-09-30,2020-09-30,-35466000000.0,173485000000.0,-23489000000.0,-90.29,11132000000.0,0.06416693085857567,1742686000000.0,572822000000.0,322091000000.0,336435000000.0,1163224000000.0,104272000000.0,0.0,106837691689.64062,739183691689.6406,1458.300860887629,0.9573647212685957,0.397080713335621,1.2080314652719344,-0.023585505633539783,1458.300860887629,-0.06191452143946985,0.6158324448202475,-0.753099388778271,0.1865111530102556,0.0,1.5570143470922204,0.0,0.09955034928839733,0.607734034806129,-0.020351342697422257,3.0742005492947553,0.06416693085857567,0.5813511383131635,-20.129237292805957,3.2292830169021114,5.600228490116362,1.839264173703257,0.5809287486706841,0.7486301956251873,-377.20833298593516,1.5917521934956178,3.3261593268665024,Oil & Gas Integrated,Energy,YPF
2020Q2,2020,Q2,2020-06-30,2020-06-30,-84630000000.0,133558000000.0,-93444000000.0,-215.67,-13264000000.0,-0.0993126581709819,1677091000000.0,562697000000.0,326907000000.0,375817000000.0,1108382000000.0,101284000000.0,0.0,159087447983.23322,753382447983.2332,1433.9697752574614,0.8698568718285762,0.4041736554545937,1.2046198931218755,-0.07076122121089869,1433.9697752574614,-0.1504006596800765,1.1911487741897393,-0.4699499231455548,0.28272311383077076,0.0,1.4496070455353265,0.0,0.07963670426947614,0.5578991902974054,-0.05046237801049555,11.125774388644885,-0.0993126581709819,-14.624131396083387,-37.803754276213276,2.372681546523968,5.889838286237983,-1.4612602587286132,-14.623631680618159,-7.314637113123395,-400.3888895996699,1.2210336630929435,3.5329192991018483,Oil & Gas Integrated,Energy,YPF
2020Q1,2020,Q1,2020-03-31,2020-03-31,6212000000.0,174670000000.0,14798000000.0,15.83,28756000000.0,0.16463044598385526,1660977000000.0,591753000000.0,323778000000.0,375162000000.0,1063109000000.0,97839000000.0,0.0,105435560826.46126,666526560826.4613,1508.0905532440438,0.8630351688070753,0.3794290950446635,1.0650102323097643,0.013058819238649903,1508.0905532440438,0.010497623163718646,0.6036271874189114,4.243221218064281,0.1781749493901362,0.0,1.4913684726949377,0.0,0.10516099861707899,0.5494879545369734,0.0037399675010551018,10.123433588714475,0.16463044598385526,1.5928838951310862,1.9202971582490849,4.032999688076041,6.663053916936222,0.4474982381959126,1.5929744177166858,2.8077204984119226,246.3178744912571,2.0498935015968,4.114363189705347,Oil & Gas Integrated,Energy,YPF
2019Q4,2019,Q4,2019-12-31,2019-12-31,-10476000000.0,206910000000.0,-8186000000.0,-26.7,19866000000.0,0.09601275917065391,1573289000000.0,542549000000.0,309421000000.0,314872000000.0,1025190000000.0,80479000000.0,0.0,272406139638.5258,794846139638.5258,1382.785250460234,0.9826882034604538,0.3740825747844166,1.0847683803674875,-0.0038602660842201437,1382.785250460234,-0.01930885505272335,1.3165440995530704,-6.500719254451265,0.5020857832905891,0.0,2.324134246200872,0.0,0.1315142990257988,0.6810386442744989,-0.006658662203829048,10.144346614476065,0.09601275917065391,0.17694204685573361,-8.585227258990566,4.490177429281164,6.480286132933385,-0.3560453808752026,0.1768033946251768,0.7327020408163265,-7.137931029054277,2.824110419423836,3.6067479149725847,Oil & Gas Integrated,Energy,YPF
2019Q3,2019,Q3,2019-09-30,2019-09-30,-12726000000.0,180449000000.0,-30625000000.0,-32.44,30850000000.0,0.1709624325986844,1500466000000.0,523180000000.0,305861000000.0,287314000000.0,972382000000.0,95545000000.0,0.0,209184507735.90872,710717507735.9087,1333.644443962379,1.064553067375763,0.36912665798491934,1.0586452081501587,-0.09752160896710665,1333.644443962379,-0.024324324324324326,1.1592444831276911,-4.109392341189469,0.39983276833194836,-0.18073235895018072,1.5657438903134648,0.01099507810063881,0.12026197194738168,0.6813068628747642,-0.008481365122568588,10.587332105269194,0.1709624325986844,-3.735766423357664,-4.960927957621814,3.7213844923500963,6.451931039107773,0.18117773183245273,-3.741430700447094,-5.2724609375,0.5794659065185636,2.2256219886852686,3.657629881618256,Oil & Gas Integrated,Energy,YPF
2019Q2,2019,Q2,2019-06-30,2019-06-30,-2684000000.0,160329000000.0,7168000000.0,-6.85,26118000000.0,0.16290253166925509,1173765000000.0,396032000000.0,255654000000.0,227584000000.0,773344000000.0,69555000000.0,0.0,307010319939.51544,672669319939.5154,1010.7374056127297,1.1233390748031495,0.3595557884244291,1.0656563106011636,0.003715614856746714,1010.7374056127297,-0.006777230122818358,1.9148770337213818,-28.596341276035343,0.7752159419933629,0.0,1.929566530084106,0.0,0.13659378154911758,0.7561076349831272,-0.002286658743445238,-101.02346822623082,0.16290253166925509,0.6716203259827421,-2.7609254488834205,3.5434048617262244,5.139862995022133,-0.0013382785913661913,0.6720830788026878,-0.32574546138651117,-2.624338618760535,2.0489520713539027,1.8484171594375753,Oil & Gas Integrated,Energy,YPF
2019Q1,2019,Q1,2019-03-31,2019-03-31,-8185000000.0,130907000000.0,10631000000.0,-20.86,26153000000.0,0.19978305209041533,1162562000000.0,406979000000.0,240135000000.0,211785000000.0,751919000000.0,65860000000.0,0.0,242175760757.2094,595534760757.2095,1037.2161024900272,1.133862171541894,0.35263323590483775,1.0073197879988893,-0.005082969700870572,1037.2161024900272,-0.020111602809972998,1.849983276350458,-7.3969383248994935,0.5950571424009824,0.0,1.5905557242635895,0.0,0.11260216659412574,0.7608329201784829,-0.007040484722535228,19.99799841099995,0.19978305209041533,-1.470031545741325,-3.841162667616181,3.2692809745427973,5.548646406429259,-0.052496195927831314,-1.471757925072046,-0.11371404751979991,-9.212109978398933,1.7872165546042005,1.9716904564704338,Oil & Gas Integrated,Energy,YPF
2018Q4,2018,Q4,2018-12-31,2018-12-31,17350000000.0,145775000000.0,11995000000.0,44.38,27602000000.0,0.1893465957811696,994016000000.0,359200000000.0,208415000000.0,178969000000.0,631659000000.0,53324000000.0,0.0,197018839952.4964,486068839952.4964,918.806685186283,1.1645312875414178,0.3370951775424138,0.9328452115812917,0.02485686038414098,918.806685186283,0.048301781737193766,1.3515269418795843,2.8388881837535505,0.5484934297118497,0.069164265129683,2.2161315730252795,0.006090788070264419,0.14665256897273282,0.806486039481698,0.017454447413321316,15.339367794495203,0.1893465957811696,0.3247761194029852,8.07566461819444,4.782199851106085,6.505470325670429,0.09553482833895614,0.31409528137544496,-0.05439495467087111,11.27314813749411,2.5731014077791228,1.9938961058516709,Oil & Gas Integrated,Energy,YPF
2018Q3,2018,Q3,2018-09-30,2018-09-30,13203000000.0,121188000000.0,12685000000.0,33.5,25195000000.0,0.20790012212430273,1068528000000.0,362677000000.0,224471000000.0,191073000000.0,706175000000.0,63483000000.0,0.0,236467542958.2088,553354542958.2087,920.2211239521237,1.1747918334877245,0.350764790440681,1.0334319518469604,0.006210308332111945,920.2211239521237,0.03640429362766318,1.9512455272651483,4.477534328527774,0.6520058976946672,0.0,1.512105603074839,0.0,0.11341583936031625,0.80539375003271,0.01235625084228022,26.920257622746902,0.20790012212430273,5.594488188976378,8.305555560467965,3.981664039086101,7.926487573400946,1.2763823635706542,5.62468640240843,6.265177548682703,6.097457635136624,1.9444838530643667,3.1648948049161993,Oil & Gas Integrated,Energy,YPF
2018Q2,2018,Q2,2018-06-30,2018-06-30,1993000000.0,93034000000.0,1746000000.0,5.08,11068000000.0,0.11896725928155298,761752000000.0,242867000000.0,168228000000.0,137430000000.0,519213000000.0,40903000000.0,0.0,149469860705.8615,380475860705.8615,619.0488504193237,1.2240995415848068,0.3639727890442034,1.141600135053342,0.00021601915429300214,619.0488504193237,0.008206137515594956,1.6066154385048639,18.749355331894314,0.615439152729113,0.0,2.0039116935188126,0.0,0.12213161238828385,0.8661282107254602,0.0026163370755836546,15.725393025340507,0.11896725928155298,-0.671622495151907,2.7352941148320356,3.2516407737782917,5.710283359507828,-0.10633831247476787,-0.6715015658480303,-0.8993891898121471,-0.13310580323832163,1.349839169116647,1.9743628800717805,Oil & Gas Integrated,Energy,YPF
2018Q1,2018,Q1,2018-03-31,2018-03-31,6067000000.0,75823000000.0,17354000000.0,15.47,12385000000.0,0.1633409387652823,552259000000.0,171628000000.0,124217000000.0,102725000000.0,380474000000.0,29230000000.0,0.0,170667194581.28183,339722194581.28186,437.59550251321906,1.2092187880262837,0.3667952898911561,1.1802619619176358,0.015696754482509075,437.59550251321906,0.03534970983755564,2.2508631230798284,7.032602380965956,0.9944018142801981,0.0,2.1703044816968866,0.0,0.13729608752415082,0.8633341445607203,0.010985787465663756,30.303124037869644,0.1633409387652823,-0.49427917620137296,3.8340231375192646,3.0785918158822048,4.074174318659388,0.3199403175956517,-0.4948376353039134,2.439159730479588,1.8534308393817165,1.1857843084212616,1.223552108561583,Oil & Gas Integrated,Energy,YPF
2017Q4,2017,Q4,2017-12-31,2017-12-31,12010000000.0,69614000000.0,5046000000.0,30.59,9383000000.0,0.1347861062429971,505718000000.0,152295000000.0,122298000000.0,102734000000.0,353185000000.0,27291000000.0,141893000000.0,171502709832.76605,333827709832.76605,387.9020854598764,1.1904335468296767,0.3778054172483479,1.2545585869529532,0.030267549822345266,387.9020854598764,0.07886010702912111,2.463623837629874,3.5699981230800595,1.1261217363194198,0.05961698584512906,2.2069913158184016,0.004174861147664538,0.13765379124334115,0.8920707847450698,0.02374841314724807,33.48354350503047,0.1347861062429971,126.45833333333334,10.810810788518516,2.6984498748760095,3.882109998410204,-0.05470481563570421,128.13978494623655,0.6544262295081967,7.690340896292982,0.8459595760405384,1.098386998151524,Oil & Gas Integrated,Energy,YPF
2017Q3,2017,Q3,2017-09-30,2017-09-30,93000000.0,66034000000.0,3050000000.0,0.24,9926000000.0,0.15031650361934762,461284000000.0,130622000000.0,102044000000.0,79809000000.0,330376000000.0,25040000000.0,120266000000.0,151289137250.0,308070137250.0,337.0890322580645,1.2786026638599657,0.37430736812896176,1.3218447122230559,0.0024112269348452358,337.0890322580645,0.0007119780741375878,2.2910794022776146,406.6912291666667,1.158220952442927,0.0,2.2407348242811502,0.0,0.14315259146209278,0.9141826109837237,0.0002016111549500958,-55.600564957736125,0.15031650361934762,-0.5555555555555556,-0.8751387958730159,2.8568626959503116,3.54061538981083,-0.05349480308953943,-0.5613207547169812,-0.12002308136180034,-0.970695970709838,0.7491290859274331,0.8835336763098551,Oil & Gas Integrated,Energy,YPF
2017Q2,2017,Q2,2017-06-30,2017-06-30,212000000.0,60162000000.0,3466000000.0,0.54,10487000000.0,0.17431268907283667,434335000000.0,124195000000.0,89143000000.0,72172000000.0,310007000000.0,24031000000.0,113823000000.0,141760168744.8874,288863168744.8874,316.3457543886978,1.2351465942470765,0.3696639690561433,1.2927895647972947,0.0007362177205537141,316.3457543886978,0.0017069930351463424,2.3563074489692397,167.1700103123672,1.141432173154212,0.0,2.067121634555366,0.0,0.13851520139984114,0.8412819375935265,0.0004881025015253203,-1171.5716425197304,0.17431268907283667,8.000000000000002,-0.7450313229296562,2.7473492592755133,3.571175730640756,-0.06407853636769299,7.48,-0.23165595211704723,-0.8611825193314739,0.7015372414594033,0.921685672477959,Oil & Gas Integrated,Energy,YPF
2017Q1,2017,Q1,2017-03-31,2017-03-31,25000000.0,57003000000.0,4511000000.0,0.06,11205000000.0,0.1965686016525446,403009000000.0,115163000000.0,82068000000.0,72236000000.0,287773000000.0,21032000000.0,-28206000000.0,146192694480.34778,281056694480.3478,294.8735741489116,1.1361094191261976,0.36298941214712327,1.270269096845341,-0.0012605450973823308,294.8735741489116,0.00021708361192396863,2.5646491321570406,1461.9269448034777,1.269441526187645,0.0,2.177538988208444,0.0,0.14144349133642176,0.784761060966831,6.203335409382918e-05,14.50900104012979,0.1965686016525446,-0.9862068965517242,-0.9805434117112761,2.8657362140752265,3.5692833122055396,0.36115160349854225,-0.9854735618826264,0.3283274440518257,-0.9912814741724286,0.8677348161296731,0.8617362062403848,Oil & Gas Integrated,Energy,YPF
2016Q4,2016,Q4,2016-12-31,2016-12-31,1721000000.0,54558000000.0,3396000000.0,4.35,8232000000.0,0.15088529638183218,421139000000.0,118755000000.0,87226000000.0,82466000000.0,302478000000.0,21820000000.0,-28231000000.0,103862646748.278,247450646748.278,300.16516553162927,1.0577207576455752,0.36649419787766035,1.2996926445202308,0.015788365342758317,300.16516553162927,0.014492021388573112,1.9037106702642692,15.087543106954971,0.874595989628041,0.0,2.1230980751604034,0.0,0.12954867632776826,0.7574515557926903,0.004086536749149331,-1403.549280382135,0.15088529638183218,1.0563909774436089,1.1657096824713227,2.5542695998948175,5.301510521299837,0.05255082470272344,1.0569660057594916,1.0982127364220025,-0.11042944773021873,1.138400550969276,1.4519638124322491,Oil & Gas Integrated,Energy,YPF
2016Q3,2016,Q3,2016-09-30,2016-09-30,-30211000000.0,55849000000.0,-34578000000.0,-77.14,7821000000.0,0.14003831760640298,403930000000.0,112140000000.0,91026000000.0,83761000000.0,291938000000.0,22703000000.0,-29952000000.0,109525167204.07361,243230167204.0736,286.33542764437414,1.086734876613221,0.37466640259450895,1.3495541287676118,-0.10515862308946328,286.33542764437414,-0.2694043160335295,1.9610945084795361,-0.9063351693429016,0.9766824255758303,-0.02942636787924928,2.1154913447561996,0.008116855903479827,0.13826405565320724,0.782774799727797,-0.07479266209491743,46.54703238592163,0.14003831760640298,-39.81481481481482,-20.663090646810208,2.7349502989227563,4.424042131756403,-0.21317907444668008,-39.66083445491252,-7.502068446784506,-22.427777801206766,1.3103222929888927,1.7775602734641536,Oil & Gas Integrated,Energy,YPF
2016Q2,2016,Q2,2016-06-30,2016-06-30,-743000000.0,52759000000.0,5318000000.0,-1.89,9940000000.0,0.18840387422051214,423678000000.0,139496000000.0,90598000000.0,85372000000.0,284285000000.0,22225000000.0,259000000.0,113634184091.808,236825184091.80798,354.84177669127,1.0612144497024785,0.3282776070506375,0.997046510294202,-0.017444806776669753,354.84177669127,-0.005326317600504674,2.153835063056692,-38.23492062308479,0.8146053226745426,0.0,1.9266141732283464,0.0,0.12452617317868758,0.7465913882771869,-0.0017536903025410808,-13.083959020357858,0.18840387422051214,-1.7440944881889762,-1.9641519831389258,2.862479630152352,6.330802093892515,0.4611200940761429,-1.7459839357429718,2.2867737948084055,-2.3897058829909392,1.4061793876177444,2.846366676517934,Oil & Gas Integrated,Energy,YPF
2016Q1,2016,Q1,2016-03-31,2016-03-31,996000000.0,46934000000.0,1618000000.0,2.54,6803000000.0,0.14494822516725614,418253000000.0,136856000000.0,93496000000.0,82173000000.0,281490000000.0,20555000000.0,5581000000.0,103626180950.57748,212461180950.57748,349.03234966200347,1.1377946527448188,0.32276636389936236,0.9864236862103233,0.0008876197618263999,349.03234966200347,0.007277722569708307,2.207912833991935,26.01058758799636,0.7571913613621433,0.0,1.9523716857212357,0.0,0.1122143774222779,0.8347510739537317,0.0023813337860099032,-15.996631823182693,0.14494822516725614,1.587962962962963,-0.43682206106323884,2.7552067620299168,5.596458041079966,-0.16680955296999386,1.5876106194690265,0.778021978021978,-0.20619980978328636,1.525305817267142,3.0472330608168923,Oil & Gas Integrated,Energy,YPF
2015Q4,2015,Q4,2015-12-31,2015-12-31,-1695000000.0,40946000000.0,910000000.0,-4.32,8165000000.0,0.19940897767791727,363453000000.0,120413000000.0,76973000000.0,79791000000.0,242992000000.0,19258000000.0,4585000000.0,79738826644.08577,170102826644.08575,306.8933098214211,0.9646827336416388,0.29096196757214826,0.8782357386660908,-0.0004891192702759073,306.8933098214211,-0.01407655319608348,1.9474143174934246,-11.760888885558373,0.6622111121231576,0.0,1.7022016824176966,0.0,0.11265830795178469,0.6605506886741612,-0.004663601621117448,-10.78571982200538,0.19940897767791727,-1.9152542372881356,-2.5954096396630653,2.3334943214206394,5.33955172473096,-0.2042685898060618,-1.9162162162162162,-0.8383946013141538,-2.667953666576364,1.1767683059112746,2.8625389047549716,Oil & Gas Integrated,Energy,YPF
2015Q3,2015,Q3,2015-09-30,2015-09-30,1850000000.0,40931000000.0,5631000000.0,4.72,10261000000.0,0.2506901859226503,256671000000.0,86600000000.0,51884000000.0,55884000000.0,169853000000.0,14431000000.0,6274000000.0,56253102141.95049,120642102141.9505,220.94702676905644,0.9284231622646911,0.2931612842900055,0.8688914549653579,0.013199507898721999,220.94702676905644,0.021362586605080832,1.3743397948242284,7.60177055972304,0.6495739277361489,0.2718918918918919,2.1252858429769246,0.008941729093103474,0.15946873624211538,0.6392169493951757,0.007207670519848366,-9.308803928835097,0.2506901859226503,-0.19453924914675777,0.20861743541177408,2.614025873757373,3.289727130199593,0.07478789148423588,-0.19460165433173704,0.0095016134815346,1.4556036782969377,1.363528832734063,1.9761735745602023,Oil & Gas Integrated,Energy,YPF
2015Q2,2015,Q2,2015-06-30,2015-06-30,2297000000.0,39557000000.0,5578000000.0,5.86,9547000000.0,0.24134792830598883,241214000000.0,81582000000.0,50892000000.0,53755000000.0,159448000000.0,12972000000.0,4424000000.0,97770070836.62447,152473070836.62445,208.1282195144878,0.9467398381545903,0.2858084522457237,0.845051604520605,0.018084103268749204,208.1282195144878,0.028155720624647593,2.471625017989849,10.641061257795435,1.1984269916969976,0.0,2.3134443416589576,0.0,0.16399131062044492,0.6322574644219142,0.009522664521959753,-18.66909888039421,0.24134792830598883,0.08118081180811816,0.3934782152742888,2.7551133734839337,3.371668428270243,0.10677022953860422,0.07992477668077104,0.24815394942940255,1.7668823146022492,1.4677660008533433,2.00743933720417,Oil & Gas Integrated,Energy,YPF
2015Q1,2015,Q1,2015-03-31,2015-03-31,2127000000.0,34702000000.0,4469000000.0,5.42,8626000000.0,0.2485735692467293,221374000000.0,77215000000.0,43569000000.0,54280000000.0,144026000000.0,13103000000.0,11160000000.0,95000624771.48135,140677624771.48135,196.80020127628123,0.8026713338246131,0.2561999150758445,0.734520494722528,0.01739321816699108,196.80020127628123,0.027546461179822575,2.737612378868116,11.166034881462313,1.2303389855789855,0.0,1.9900786079523773,0.0,0.15675734277738126,0.4943625644804716,0.009608174401691255,-25.696679678518084,0.2485735692467293,0.5397727272727273,0.38906012743632473,2.5088720007780765,2.79134192921906,0.07088764742396027,0.5379609544468547,2.276392961876833,0.6477645252046046,1.3425560279941984,2.0495641331233285,Oil & Gas Integrated,Energy,YPF
2014Q4,2014,Q4,2014-12-31,2014-12-31,1383000000.0,37739000000.0,1364000000.0,3.52,8055000000.0,0.21343967778690479,208554000000.0,72630000000.0,42100000000.0,53366000000.0,135773000000.0,13001000000.0,9033000000.0,88320984064.82895,127867984064.82895,184.85726693959722,0.7888918037701907,0.2364135907247044,0.6788517141676993,0.07860634653598117,184.85726693959722,0.019041718298223875,2.3403106617777087,15.965470727554042,1.2160399843704937,0.0,2.2832089839243137,0.0,0.18095553190061087,0.4813926470037102,0.006631376046491556,-17.35868397500569,0.21343967778690479,-0.5702075702075702,-0.022273282259170888,2.906003756081823,2.850787986142659,-0.31990881458966564,-0.5694271481942715,-0.8304326205867727,0.7524823193936888,1.4756794448770245,2.8807967956423557,Oil & Gas Integrated,Energy,YPF
2014Q3,2014,Q3,2014-09-30,2014-09-30,3212000000.0,38209000000.0,8044000000.0,8.19,11844000000.0,0.3099793242429794,205012000000.0,70188000000.0,50524000000.0,51373000000.0,134670000000.0,12361000000.0,0.0,122519855098.06447,155764855098.06445,178.9662890012543,0.9834738091993849,0.2395859754550953,0.6998062346839916,0.027031447076297864,178.9662890012543,0.04576280845728615,3.2065705749447635,9.536103292190573,1.7455954735576518,0.1444582814445828,2.1329180487015615,0.0037871412729684997,0.1863744561293973,0.7110544449418955,0.01566737556825942,24.32880363345204,0.3099793242429794,1.1053984575835472,2.14880916539039,3.314696371288764,2.5403747600809026,0.19600121175401394,1.1048492791612057,0.3519327731092437,1.087642110300952,1.5516959761214302,2.3901522410021916,Oil & Gas Integrated,Energy,YPF
2014Q2,2014,Q2,2014-06-30,2014-06-30,1526000000.0,35330000000.0,5950000000.0,3.89,9903000000.0,0.280300028304557,186598000000.0,64578000000.0,44739000000.0,42897000000.0,121873000000.0,11977000000.0,54003000000.0,104203273328.26276,138946273328.26276,164.6188858663753,1.0429400657388628,0.24754284611839356,0.7152745517049149,0.016935604062874445,164.6188858663753,0.023630338505373348,2.9494274930162114,17.071309522978826,1.6136032910319733,0.0,2.1229857226350504,0.0,0.18933750629695925,0.7637363918222719,0.008178008338781765,95.1628066924774,0.280300028304557,-0.4700272479564032,1.8491373626579797,3.3308841765107102,2.4315621041261553,0.29484832635983266,-0.47032280458174247,0.3572080291970803,0.984418630022484,1.5920021717899235,2.400919938052962,Oil & Gas Integrated,Energy,YPF
2014Q1,2014,Q1,2014-03-31,2014-03-31,2881000000.0,30664000000.0,4384000000.0,7.34,7648000000.0,0.2494129924341247,170640000000.0,62150000000.0,37098000000.0,39682000000.0,108360000000.0,11590000000.0,0.0,97781980700.90819,133342980700.90819,158.38633484191794,0.9348823143994758,0.22661744022503516,0.6222043443282381,0.013519448421205817,158.38633484191794,0.04635559131134352,3.1888201376502803,8.485072952178772,1.573322296072537,0.0,1.9858498705780845,0.0,0.17969995311767464,0.5124237689632579,0.016883497421472105,-19.16542154075033,0.2494129924341247,0.5010224948875256,4.662232926452089,3.0505699152359482,1.9920927824067225,0.49696613818751223,0.5020855057351408,0.14764397905759163,0.6278121716406795,1.4516012217285137,1.9933867536258691,Oil & Gas Integrated,Energy,YPF
2013Q4,2013,Q4,2013-12-31,2013-12-31,1918000000.0,25294000000.0,3820000000.0,4.89,5109000000.0,0.20198466039376928,135595000000.0,48016000000.0,34514000000.0,32808000000.0,87355000000.0,9881000000.0,5131000000.0,84221188991.50397,105398188991.50397,122.41826898492337,1.0519995123140697,0.23518566318817066,0.6641536154615129,0.015051130174350504,122.41826898492337,0.03994501832722426,3.329690400549694,10.977735791384772,1.7540234295131616,0.0,2.0428094322437,0.0,0.1865408016519783,0.6907461594732992,0.014145064346030458,-17.361613892291068,0.20198466039376928,0.3583333333333332,6.693357942343036,1.9284295986390056,1.3653306783594759,-0.19783325482807348,0.3564356435643564,0.1091753774680604,0.8059150770498013,1.0599276329774983,1.5288167693637336,Oil & Gas Integrated,Energy,YPF
2013Q3,2013,Q3,2013-09-30,2013-09-30,1414000000.0,24244000000.0,3444000000.0,3.6,6369000000.0,0.26270417422867515,111270000000.0,40491000000.0,26659000000.0,29184000000.0,70607000000.0,8402000000.0,0.0,45827540887.59455,65000540887.59455,103.08882596713504,0.9134799890350878,0.23434888110002697,0.6439949618433726,0.018663905593852625,103.08882596713504,0.034921340544812426,1.8902631945056323,8.102464796250805,1.1317957296089143,0.23055162659123055,2.1274696500833135,0.007113626297330908,0.21788442527186125,0.6255825109649122,0.01270782780623708,24.247376131002408,0.26270417422867515,1.647058823529412,0.24726097316110984,1.4860059379734851,0.7897701468999762,0.1864754098360656,1.6429906542056074,1.5267791636096846,-0.07817314192779279,1.1361217348947568,1.0014885017388098,Oil & Gas Integrated,Energy,YPF
2013Q2,2013,Q2,2013-06-30,2013-06-30,535000000.0,21941000000.0,1363000000.0,1.36,5368000000.0,0.2446561232395971,98492000000.0,36291000000.0,24039000000.0,24388000000.0,62032000000.0,8336000000.0,25593000000.0,31492333629.70913,50425333629.70913,92.25375699555084,0.9856896834508775,0.2444157901149332,0.6633325066820975,0.006877193625991892,92.25375699555084,0.014741947039210824,1.435318974965094,14.716043752200529,0.867772550486598,0.0,1.9881238003838773,0.0,0.22276936197863786,0.6438822371658193,0.005431913251837713,-11.493552419601873,0.2446561232395971,-0.575,-0.4766648202223222,1.6283922840794294,0.6887979819785608,0.14310051107325383,-0.5747217806041336,-0.4619028819581524,-0.6765989126964848,1.0754134601180754,0.9377614327724108,Oil & Gas Integrated,Energy,YPF
2013Q1,2013,Q1,2013-03-31,2013-03-31,1258000000.0,18634000000.0,2533000000.0,3.2,4696000000.0,0.25201245035955777,85635000000.0,33903000000.0,19554000000.0,20921000000.0,51732000000.0,7264000000.0,23229000000.0,27269415972.5,41492415972.5,86.23974562798092,0.9346589551168683,0.21647690780638756,0.5467952688552635,0.022274117188309545,86.23974562798092,0.0371058608382739,1.4634225594343673,5.419200312499999,0.8043363706014217,0.0,1.9187775330396475,0.0,0.2175979447655748,0.587448018737154,0.014690255152682899,-27.997346994353183,0.25201245035955777,0.23552123552123566,0.021948265373215384,1.3055952528840287,0.47205470413140654,-0.0059271803556308214,0.23454367026496564,0.4490846681922197,-0.18006453576547227,0.8804621069687709,0.661402587213495,Oil & Gas Integrated,Energy,YPF
2012Q4,2012,Q4,2012-12-31,2012-12-31,1019000000.0,18862000000.0,1748000000.0,2.59,4724000000.0,0.2504506415014314,79949000000.0,31260000000.0,18348000000.0,20930000000.0,48689000000.0,6922000000.0,6741000000.0,28123314084.64332,40480314084.64332,79.45377830204393,0.8766364070711897,0.21393638444508373,0.5471529110684581,0.014904611297686193,79.45377830204393,0.03259756877799104,1.4910038216861052,6.899733583082267,0.8996581600973551,0.29735034347399414,2.042473273620341,0.01077397916504629,0.23592540244405807,0.6888676540850454,0.012745625336151797,-99.02575381916661,0.2504506415014314,0.3489583333333333,-0.09191242702306547,1.258097660842334,0.1986436401148048,0.2513907284768212,0.3478835978835979,-0.02564102564102564,-0.2805931250002505,0.9495532673215634,0.6551129420253003,Oil & Gas Integrated,Energy,YPF
2012Q3,2012,Q3,2012-09-30,2012-09-30,756000000.0,17378000000.0,1794000000.0,1.92,3775000000.0,0.2172286799401542,70367000000.0,29199000000.0,15056000000.0,24306000000.0,41168000000.0,7060000000.0,18525000000.0,23892505373.19619,35194505373.19619,74.23862259166333,0.6194355303217313,0.1717282248781389,0.41384978937634853,0.01796218971937118,74.23862259166333,0.0258912976471797,1.3748708351476688,7.900960771559586,0.8182645081405592,0.0,1.926770538243626,0.0,0.24696235451276877,0.3289722702213445,0.010743672460102037,-40.70273487767664,0.2172286799401542,-0.09433962264150951,-0.08980308563977754,1.2474502180659122,0.1758116516205743,-0.04959718026183283,-0.09243697478991597,-0.03496503496503497,-0.26099706744868034,0.9567616259430244,0.4686148274821447,Oil & Gas Integrated,Energy,YPF
2012Q2,2012,Q2,2012-06-30,2012-06-30,833000000.0,16084000000.0,1859000000.0,2.12,3972000000.0,0.24695349415568266,66151000000.0,27219000000.0,14466000000.0,24588000000.0,38932000000.0,6920000000.0,16545000000.0,21950163576.553097,32235163576.553097,69.20446139670824,0.5883357735480722,0.16076854469320193,0.390719717844153,0.021328681576815108,69.20446139670824,0.030603622469598444,1.364720441218173,6.587684146624579,0.8064279942890297,0.0,1.7502890173410404,0.0,0.24314069326238455,0.3068976736619489,0.012592402231258787,51.16588246282773,0.24695349415568266,-0.35562310030395133,-0.09318212299455002,1.447278859163925,0.15455566098886347,-0.10459873760144274,-0.3562596599690881,-0.25699440447641886,0.5512104283054005,0.9664995720748261,0.44260122959508164,Oil & Gas Integrated,Energy,YPF
2012Q1,2012,Q1,2012-03-31,2012-03-31,1294000000.0,14850000000.0,2502000000.0,3.29,4436000000.0,0.2987205387205387,61989000000.0,25382000000.0,12996000000.0,19492000000.0,36607000000.0,6105000000.0,14708000000.0,48831569284.34301,58967569284.34301,64.5338785102777,0.6667350707982762,0.1769184855377567,0.43207785044519736,0.0379503708913481,64.5338785102777,0.050981010164683635,3.2883211639288223,9.434228996202283,1.9238660974053663,0.0,1.705814905814906,0.0,0.2395586313700818,0.35352965319105273,0.020874671312652245,36.44146961518135,0.2987205387205387,0.6368159203980102,0.07717823920149634,1.3339935313015645,0.09672984860984356,0.34099153567110035,0.6379746835443038,0.7148732008224812,1.5372549019607842,0.9570374275171323,0.21911623439000974,Oil & Gas Integrated,Energy,YPF
2011Q4,2011,Q4,2011-12-31,2011-12-31,790000000.0,15260000000.0,1459000000.0,2.01,3308000000.0,0.21677588466579292,55399000000.0,18735000000.0,14098000000.0,21805000000.0,36664000000.0,6074000000.0,7303000000.0,58641464873.203,70509464873.203,47.63384342802193,0.6465489566613162,0.23045542338309355,0.68145182812917,0.02979517147662617,47.63384342802193,0.04216706698692287,3.842822075570315,18.557425592785762,3.130048832303336,3.559493670886076,1.9677313137965098,0.04795241739066755,0.2754562356721241,0.36798899335014906,0.01426018520189895,2255.440956661654,0.21677588466579292,-0.48724489795918374,0.06644448623226908,1.3644299618891387,-0.22936570845802787,-0.22109724511419826,-0.4880103694102398,-0.44013814274750573,2.160065602961917,0.761868448974637,-0.07963254077421882,Oil & Gas Integrated,Energy,YPF
2011Q3,2011,Q3,2011-09-30,2011-09-30,1543000000.0,15017000000.0,2606000000.0,3.92,4247000000.0,0.28281281214623427,52861000000.0,20763000000.0,15957000000.0,18712000000.0,32098000000.0,5842000000.0,0.0,56736669417.17441,66618669417.17441,52.79004489436986,0.8527682770414707,0.1994097728003632,0.5076819342098926,0.050711366416156214,52.79004489436986,0.0743148870587102,3.778162710073544,9.19259063790901,2.732585340132659,0.0,1.843546730571722,0.0,0.28408467490210176,0.5405622060709705,0.029189761828190917,38.30970250990845,0.28281281214623427,1.0,0.6817233402709416,1.232563311835291,-0.12610695801822114,0.19364811691961775,1.0012970168612192,0.7596218771100608,0.359197873471063,0.5377647570462859,-0.08348896673269142,Oil & Gas Integrated,Energy,YPF
2011Q2,2011,Q2,2011-06-30,2011-06-30,771000000.0,13666000000.0,1481000000.0,1.96,3558000000.0,0.26035416361773744,49502000000.0,19038000000.0,14461000000.0,18730000000.0,30464000000.0,5056000000.0,0.0,72691134670.8109,82641134670.8109,48.4042226411893,0.7720768820074746,0.20898145529473558,0.5433869103897468,0.0279977953885586,48.4042226411893,0.040497951465490074,5.31912298191211,23.570406832299252,3.818212767665243,0.0,1.9992088607594938,0.0,0.2760696537513636,0.50213561131874,0.015575128277645348,-52.4088930575421,0.26035416361773744,-0.565410199556541,-0.45108163793679457,1.4745478332857545,-0.16850848682768357,-0.10692771084337349,-0.5653889515219842,-0.4535055350553506,-0.24567703968683866,0.6373894342779965,-0.11391192968299603,Oil & Gas Integrated,Energy,YPF
2011Q1,2011,Q1,2011-03-31,2011-03-31,1774000000.0,12537000000.0,2710000000.0,4.51,3984000000.0,0.317779373055755,48755000000.0,20811000000.0,14816000000.0,16903000000.0,27944000000.0,4772000000.0,0.0,70864429253.27885,78395429253.27885,52.91208516576271,0.8765307933502928,0.16564454927699723,0.3880640046129451,0.06138905490079336,52.91208516576271,0.08524338090432944,5.652423167685958,9.986531743697697,3.4051429173648,0.0,1.7923302598491198,0.0,0.2571428571428571,0.5942140448441106,0.036386011691108604,196.3003580423237,0.317779373055755,0.6642066420664207,0.27428295580893014,1.0874193647481873,-0.12668474607589786,0.2146341463414634,0.6657276995305165,0.4515265131226567,0.44043768649110837,0.5504693811384758,-0.09682614081840502,Oil & Gas Integrated,Energy,YPF
2010Q4,2010,Q4,2010-12-31,2010-12-31,1065000000.0,12313000000.0,1867000000.0,2.71,3280000000.0,0.2663851214163892,46589000000.0,19040000000.0,12803000000.0,17102000000.0,27549000000.0,3865000000.0,6853000000.0,78501741273.26018,91336741273.26018,48.40930765249733,0.7486258917085721,0.28772886303633904,0.7040441176470589,0.036241197517629574,48.40930765249733,0.055934873949579834,6.375517036730299,18.42763879653995,4.122990613091396,2.1417840375586854,2.337128072445019,0.02905668031056746,0.26428985382815684,0.5226289322886212,0.02285947326622164,85.60713334052365,0.2663851214163892,-0.3069053708439898,-0.2054322293116319,0.950367813503058,-0.15511778350333397,-0.07942744877911873,-0.306640625,-0.21323219553308048,-0.05062125784874364,0.47453541114154235,-0.2696947838094921,Oil & Gas Integrated,Energy,YPF
2010Q3,2010,Q3,2010-09-30,2010-09-30,1536000000.0,11365000000.0,2373000000.0,3.91,3563000000.0,0.31350637923449187,44841000000.0,20258000000.0,14365000000.0,15450000000.0,24583000000.0,3958000000.0,0.0,60604973546.668945,67612973546.668945,51.50607953909091,0.9297734627831715,0.16502754175865836,0.36528778754072466,0.05475100448672691,51.50607953909091,0.07582189752196664,5.332597760375622,9.864090746528149,2.9916563109225467,0.0,1.9711975745325923,0.0,0.25345108271448,0.6735922330097087,0.0342543654244999,130.8962711591122,0.31350637923449187,-0.07125890736342039,0.04982842481815727,0.9477517720839285,-0.11155407626721722,-0.03598484848484849,-0.07134220072551391,-0.05908009516256939,0.8492889688588647,0.4698050252226431,-0.18423259568719508,Oil & Gas Integrated,Energy,YPF
2010Q2,2010,Q2,2010-06-30,2010-06-30,1654000000.0,10570000000.0,2522000000.0,4.21,3696000000.0,0.34966887417218545,42698000000.0,18725000000.0,13065000000.0,14746000000.0,23973000000.0,3860000000.0,0.0,59822557231.93767,66624557231.93767,47.608418371481754,0.8860029838600298,0.17260761628179305,0.39359145527369827,0.06448322645226609,47.608418371481754,0.08833110814419226,5.659655367259949,9.042103571937375,3.194796113855149,0.0,1.7808290155440414,0.0,0.2475525785751089,0.6242370812423708,0.038737177385357625,76.69558619479189,0.34966887417218545,0.0794871794871795,0.25115323195875605,0.9945401604831544,-0.12676337405309632,-0.007518796992481203,0.07752442996742671,-0.07040176925912274,0.8005723512209054,0.6082900734495578,-0.20573662691441752,Oil & Gas Integrated,Energy,YPF
2010Q1,2010,Q1,2010-03-31,2010-03-31,1535000000.0,9914000000.0,2713000000.0,3.9,3724000000.0,0.3756304216259835,42113000000.0,20416000000.0,12404000000.0,12518000000.0,21697000000.0,3232000000.0,5315000000.0,66306342223.31025,71876342223.31024,51.907795432425715,0.990893113915961,0.14798280815900078,0.30525078369905956,0.06396907737176155,51.907795432425715,0.07518612852664577,6.688152332389575,10.799078537998412,3.247763627709162,0.0,1.9152227722772277,0.0,0.23541424263291622,0.7327049049368909,0.03644955239474747,36.094905946276675,0.3756304216259835,0.08333333333333329,0.2777371343607439,0.8309115474405653,-0.12773640509981696,0.16703227828267,0.08403954802259887,0.3331695331695332,0.27779644294767913,0.558196085476344,-0.11784585181551631,Oil & Gas Integrated,Energy,YPF
2009Q4,2009,Q4,2009-12-31,2009-12-31,1416000000.0,9672000000.0,2035000000.0,3.6,3191000000.0,0.32992142266335817,40283000000.0,18881000000.0,10532000000.0,12612000000.0,21402000000.0,3066000000.0,6279000000.0,64706837422.3775,70856837422.3775,48.00504925350852,0.8350777037741833,0.16927736265918625,0.36115671839415286,0.049677872041844734,48.00504925350852,0.07499602775276733,6.690119667326044,11.424229770899982,3.4270874118096235,1.7083333333333333,2.113829093281148,0.037383993660667456,0.24010128341980488,0.5919758959720901,0.03515130452051734,42.909043383539455,0.32992142266335817,0.3846153846153846,0.4114777804539814,0.4743684183053198,-0.1516532883866985,0.09393212204319507,0.3841642228739003,0.0298582995951417,0.9115004968416369,0.498608557758306,-0.22336023172650254,Oil & Gas Integrated,Energy,YPF
2009Q3,2009,Q3,2009-09-30,2009-09-30,1023000000.0,8881000000.0,1976000000.0,2.6,2917000000.0,0.32845400292759824,39026000000.0,19882000000.0,10004000000.0,10664000000.0,19144000000.0,2997000000.0,0.0,56780484320.13202,61698484320.13202,50.550097413180254,0.9381095273818455,0.14505714139291753,0.28472990644804347,0.04680013038159491,50.550097413180254,0.051453576098984,6.3934786983596466,13.875973685271754,2.8558738718505188,0.0,1.98998998998999,0.0,0.22756623789268693,0.6570705176294074,0.026213293701634808,58.53658177333198,0.32845400292759824,0.8978102189781021,-0.31901581049579963,1.0778043465027851,-0.130552412030577,0.15616329766151407,0.9050279329608939,0.33603786342123054,0.11497276545507018,0.3203299442238278,-0.16318733031441857,Oil & Gas Integrated,Energy,YPF
2009Q2,2009,Q2,2009-06-30,2009-06-30,537000000.0,8179000000.0,1479000000.0,1.37,2523000000.0,0.3084729184496882,38993000000.0,18868000000.0,9616000000.0,12230000000.0,20125000000.0,2963000000.0,0.0,45522701602.847046,51460701602.847046,47.971996680006285,0.7862632869991824,0.16669658656681968,0.34449862200551196,0.029732255725633212,47.971996680006285,0.028460886156455374,5.565802861333543,21.193064060915756,2.4126935341767566,4.614525139664805,1.9088761390482618,0.05443437917236931,0.20975559715846434,0.3761242845461979,0.013771702613289565,47.96912708413809,0.3084729184496882,0.05384615384615389,-0.5721092898850079,1.6316936810232165,-0.1161174130890217,0.004378980891719745,0.052941176470588235,-0.019880715705765408,-0.6176794287575339,0.48099858981737037,-0.17593329811244537,Oil & Gas Integrated,Energy,YPF
2009Q1,2009,Q1,2009-03-31,2009-03-31,510000000.0,7588000000.0,1509000000.0,1.3,2512000000.0,0.33104902477596204,39562000000.0,20820000000.0,9661000000.0,11628000000.0,18742000000.0,3310000000.0,0.0,36415128459.47631,40612128459.47631,52.93496771664887,0.8308393532851737,0.11748647692229917,0.22324687800192122,0.033838656805958635,52.93496771664887,0.024495677233429394,4.79904170525518,17.850553166409952,1.7490455552101973,0.0,1.533534743202417,0.0,0.19180021232495828,0.5461816305469557,0.012891158182093928,103.74680472785273,0.33104902477596204,1.03125,-0.5413281049773698,0.292434188707771,-0.11977382753382346,-0.09760058893919271,1.0400423512792125,0.4790956442642651,-0.6336616079692479,0.2634073653752291,-0.12630706901639488,Oil & Gas Integrated,Energy,YPF
2008Q4,2008,Q4,2008-12-31,2008-12-31,249994810.0,8661259590.0,1020218000.0,0.64,2783689760.0,0.3213954888517549,39079000000.0,20356000000.0,9228000000.0,11986000000.0,18723000000.0,3449000000.0,7189000000.0,61438132793.59239,65526132793.59239,51.75524509318465,0.7698982145836809,0.11461398705186929,0.2200334053841619,0.019926057548000954,51.75524509318465,0.012281136274317154,7.093440873718507,61.439408275708196,3.018182982589526,9.977989783067896,1.7041373818498116,0.04060093538943219,0.22163462703753933,0.4821458368096112,0.006397164973515187,27.02081463924935,0.3213954888517549,-0.7778575330940211,-0.7885910361330367,0.6046676197673116,-0.09558317607431849,0.012153938443194035,-0.7797845663442629,-0.4486005851908145,-0.8134856160888618,0.37193550952088766,-0.09672151265724088,Oil & Gas Integrated,Energy,YPF
2008Q3,2008,Q3,2008-09-30,2008-09-30,1135228380.0,9765472860.0,1850234100.0,2.881034,2750263230.0,0.28163134232498394,38967811740.0,22654391760.0,10712541840.0,10358174970.0,16313419980.0,3386869200.0,0.0,59559719665.01072,63053212525.01072,57.59891913813238,1.034211323039661,0.09343312409464027,0.16071428571428573,0.044687150195106135,57.59891913813238,0.05011074197120709,6.099010311008199,13.116241787623984,2.6290584314063583,0.011247745585782483,2.071296296296296,0.00021438583109217028,0.25060357315306614,0.6945201332122313,0.029132464187992917,6183.2239981033645,0.28163134232498394,0.10936876083701103,-0.01728113626884681,0.8464464297094481,0.0,0.06247849169876538,0.11067293415449328,0.06594411866464402,-0.22409178256232518,0.67362226733854,-0.006456609052347586,Oil & Gas Integrated,Energy,YPF
2008Q2,2008,Q2,2008-06-30,2008-06-30,1022108620.0,8346212400.0,1735770260.0,2.597003,2588535440.0,0.3101449275362319,36720310570.0,21485448950.0,8700019230.0,9643504110.0,15234861620.0,2851622570.0,0.0,56616392483.74191,59758318093.74191,54.62687543448403,0.9021636876763875,0.08844601828213786,0.15116115411681913,0.039337890974681954,54.62687543448403,0.04757213230119634,6.783483306001404,13.847939293316477,2.6351040006423467,2.494864919542504,2.0190880169671264,0.045040364250199624,0.22729144363007495,0.5926622765757291,0.027834966647451206,173.41971244230612,0.3101449275362319,-0.17021844924647167,-0.0732632323312113,0.6528983925940519,0.0,-0.12273931984228245,-0.170076789213405,-0.15523092402651484,-0.22683524587309312,0.5749154039472558,0.001969610042854214,Oil & Gas Integrated,Energy,YPF
2008Q1,2008,Q1,2008-03-31,2008-03-31,1231570110.0,8085938460.0,2054727510.0,3.129743,2950702680.0,0.36491777603758807,36367727130.0,23042075220.0,8959751700.0,8313889740.0,13325651910.0,2459974230.0,0.0,54763943640.94096,56780679270.94096,58.584606527151536,1.0776846915460776,0.0578915295551493,0.09137125583951634,0.048748599106053954,58.584606527151536,0.05344874965649904,6.772738119619694,11.116692260609703,2.376693206582673,3.4344473007712084,2.0875160875160876,0.07723626822298227,0.22233829546443806,0.7616146230007617,0.033864368416470794,13.99480028924652,0.36491777603758807,0.09815543859649117,0.04185667730949606,0.4940896350181386,0.0,-0.02463795604972444,0.0978652412233657,-0.06114525512811067,0.025161474342505617,0.49330624352509417,-0.015538628264222858,Oil & Gas Integrated,Energy,YPF
2007Q4,2007,Q4,2007-12-31,2007-12-31,1121786230.0,8350426790.0,2188546760.0,2.85,3025238370.0,0.3622854790635198,38117526030.0,26071291260.0,11025314010.0,6941630970.0,12046234770.0,2574358830.0,7738831440.0,52945825715.934456,53746177175.934456,66.28640543609269,1.5882886972310486,0.026122179052657683,0.03819192651679961,0.04441435453841272,66.28640543609269,0.043027643656496056,6.340493372068047,11.799446342805986,2.030809490328806,0.011143665045701264,2.0685494026487365,0.0002361056765281079,0.21907053420591577,1.2010894235133909,0.02942967046489612,98.56548218588536,0.3622854790635198,0.3445127603696136,-0.35742836421169094,0.4776565209337201,0.2834812389739063,0.4872169981457217,0.3505904300499826,0.6989220207184101,0.1182036285764403,0.2729120697422115,0.17141540214679352,Oil & Gas Integrated,Energy,YPF
2007Q3,2007,Q3,2007-09-30,2007-09-30,830589500.0,7732318100.0,1288197300.0,2.119727,2034160700.0,0.2630725577624645,35969226800.0,24833058900.0,10054834400.0,5930095600.0,11136167900.0,2482365600.0,0.0,47875257603.83296,48837487703.83296,63.13819265980499,1.6955602536997887,0.029714186127570583,0.04303925280827969,0.030272738751630963,63.13819265980499,0.03344692666919096,6.191578901006797,14.410023725267704,1.9278840273613236,0.05060694843842837,2.2954545454545454,0.0008779816987686502,0.21497037295224816,1.0872093023255813,0.023091669571279193,142.16706761424294,0.2630725577624645,-0.09237747230538412,-0.65179141020706,0.38864495179408837,0.0,-0.1223152530032763,-0.09580623402999008,-0.1541360744582441,-0.44709841889716617,0.809058006612111,0.08595931810218352,Oil & Gas Integrated,Energy,YPF
2007Q2,2007,Q2,2007-06-30,2007-06-30,918596800.0,6572197500.0,1522936800.0,2.335472,2317643900.0,0.3526436781609195,34746528300.0,23575303400.0,9790308000.0,6300244500.0,11171224900.0,2109146600.0,0.0,54782101609.64677,56295973309.64677,59.94034218968311,1.5539568345323742,0.04530828767718932,0.06677774929505255,0.03674400568081667,59.94034218968311,0.03896436811074083,8.335431430605482,14.909180396025429,2.323707172720703,0.0550567996753309,2.017191977077364,0.0009232029899176791,0.18914688233759458,1.219664268585132,0.026437081485346552,-113.66057583667774,0.3526436781609195,-0.23535025830770548,-0.4037280185681471,0.22242888633499108,0.0,-0.043973419697495256,-0.23532265567223415,-0.07190799380596283,-0.2680464859192561,1.1146852465077128,0.10439899069340589,Oil & Gas Integrated,Energy,YPF
2007Q1,2007,Q1,2007-03-31,2007-03-31,1201286800.0,6362485500.0,1640933000.0,3.054303,2424246300.0,0.381021897810219,34252154300.0,23143347500.0,8805308400.0,6006434000.0,11108806800.0,1870044400.0,0.0,51358016332.69056,52726492532.69056,58.8420918716468,1.4659793814432989,0.04221278134321613,0.062474916387959864,0.042170557387968315,58.8420918716468,0.051906354515050164,8.07200524585723,10.688125502729774,2.2191265257841613,1.961340206185567,2.1059602649006623,0.045876618067514176,0.1857543161890988,1.1329896907216495,0.035071861158817684,23.3304792970979,0.381021897810219,0.624629255319149,1.6531753430854719,1.395019423149445,0.0,0.5552978269166601,0.621652764865325,0.17192808395718495,0.08038528043464965,0.08369712511300156,-0.0215475414034747,Oil & Gas Integrated,Energy,YPF
