Quarters,Year,Quarter,FillingDate,Date,NetIncome,Revenue,OperatingIncome,EPSDiluted,GrossProfit,GrossProfitRatio,TotalAssets,CommonStockEquity,CurrentAssets,CurrentLiability,TotalLiability,Inventory,RetainedEarnings,MarketCap,EnterpriseValue,bookValuePerShare,currentRatio,debtToAssets,debtToEquity,roic,shareholdersEquityPerShare,roe,priceToSalesRatio,peRatio,pbRatio,payoutRatio,inventoryTurnover,dividendYield,assetTurnover,quickRatio,returnOnAssets,priceToFreeCashFlowsRatio,grossProfitMargin,epsdilutedGrowth,fiveYNetIncomeGrowthPerShare,fiveYRevenueGrowthPerShare,fiveYShareholdersEquityGrowthPerShare,grossProfitGrowth,netIncomeGrowth,operatingIncomeGrowth,threeYNetIncomeGrowthPerShare,threeYRevenueGrowthPerShare,threeYShareholdersEquityGrowthPerShare,Industry,Sector,Symbol
2023Q1,2023,Q1,2023-05-03,2023-03-31,27986000.0,199988000.0,35515000.0,1.04,66945000.0,0.3347450847,959811000.0,159270000.0,413100000.0,73722000.0,221662000.0,0.0,72076000.0,1821484724.85,1858633724.85,6.3122688558076385,5.603483356392935,0.1361622236044388,0.8205562880642934,0.08093810429513053,6.3122688558076385,0.17571419601933824,9.107970102456147,16.27139216795898,11.436458371633075,0.22257557350103624,0.0,0.0034197377090345684,0.2083618545734525,5.603483356392935,0.02915782377989,-72.46806146210463,0.3347450847050823,-0.391812865497076,6.176352862850351,1.0032060862258385,2.3440332583622068,-0.3286096819809249,-0.3925331018016063,-0.489858944525841,1.3391834218219025,0.5749541472706505,2.119998037881976,Capital Markets,Financial Services,PJT
2022Q4,2022,Q4,2023-02-24,2022-12-31,46070000.0,279953000.0,69618000.0,1.71,99711000.0,0.3561705,1050652000.0,185106000.0,490986000.0,71547000.0,291094000.0,0.0,60969000.0,1858018628.34,1820410628.34,7.341401712525738,6.862426097530295,0.12908841367074922,0.7326991021360734,0.11714711663332411,7.341401712525738,0.24888442297926594,6.636894865709601,10.082584264922943,10.037592667660691,0.13316691990449317,0.0,0.0033019044623256344,0.26645644799610146,6.862426097530295,0.043848962358611604,-51.07393354242832,0.35617050004822237,0.7448979591836735,2.6360159205486533,0.9535857714765362,2.5650047734188344,0.14594538684319405,0.18004149483875925,0.21794961511546537,3.293489311033011,0.763815099837094,8.238236321530305,Capital Markets,Financial Services,PJT
2022Q3,2022,Q3,2022-10-28,2022-09-30,39041000.0,266092000.0,57160000.0,0.98,87012000.0,0.3269996843,1066560000.0,148256000.0,476275000.0,70628000.0,356082000.0,0.0,42530000.0,2671836188.3199997,2617009188.3199997,3.707737009965794,6.743430367559608,0.12657703270327034,0.9106005827757393,0.11198937874388956,3.707737009965794,0.26333504208935893,10.041024113163868,17.109168491585766,18.021774419382687,0.1570400348351733,0.0,0.002294676607346597,0.249486198619862,6.743430367559608,0.03660459795979598,16.703987373211962,0.326999684319709,0.1264367816091954,8.829013716740514,1.854724842499684,1.909811351085993,0.05400101751580783,0.1093399255533771,0.10650818847032406,4.712184747219116,0.5251070438638685,26.03540045320474,Capital Markets,Financial Services,PJT
2022Q2,2022,Q2,2022-07-29,2022-06-30,35193000.0,233141000.0,51658000.0,0.87,82554000.0,0.3540947324,980610000.0,120746000.0,450431000.0,68102000.0,302959000.0,34167000.0,27573000.0,2830361842.0,2826881842.0,2.998213427723281,6.614064197820916,0.14668318699584953,1.1912527123051695,0.10188739522599666,2.998213427723281,0.2914630712404552,12.140129114999079,20.106000071036853,23.440626124260845,0.17327309408120933,4.407381391401059,0.0021544948456805827,0.23775099172963768,7.115767525182814,0.0358888854896442,17.826917357922515,0.3540947323722554,-0.47904191616766467,136.61166881765422,0.7930656575153642,1.6779965211196446,-0.05205139687898309,-0.20857695421426645,-0.10789900873830001,6.337835355174712,0.40725119211381056,5.540629385398589,Capital Markets,Financial Services,PJT
2022Q1,2022,Q1,2022-04-28,2022-03-31,44468000.0,246319000.0,57906000.0,1.67,87087000.0,0.353553725,963871000.0,129717000.0,428052000.0,95727000.0,308835000.0,0.0,14503000.0,1577315274.24,1676558274.24,5.1909324494084474,4.471591087154095,0.18161143970510576,1.349476167348921,0.11289659835749657,5.1909324494084474,0.34280780468250116,6.40354692183713,8.86769853737519,12.159665072735262,0.140955293694342,0.0,0.003973840932352678,0.25555183214351296,4.471591087154095,0.04613480434622475,-36.64340281658729,0.35355372504760085,0.0437499999999999,44.37037524525944,1.7693557326880347,3.843812977607237,-0.19432520445546386,-0.30646620293833243,0.26939518162088694,63.25377351344292,2.060105087670386,2.657480636808574,Capital Markets,Financial Services,PJT
2021Q4,2021,Q4,2022-02-25,2021-12-31,64118000.0,313266000.0,45617000.0,1.6,108092000.0,0.3450486168,987625000.0,637572000.0,289267000.0,12947000.0,350053000.0,0.0,-4933000.0,2976589088.35,2976589088.35,15.869744891857103,22.342395921835173,0.0,0.0,0.06129844756846102,15.869744891857103,0.10056589687125532,9.501794284569662,11.605902743184442,4.6686320734756235,1.158099129729561,0.0,0.024946338844896276,0.31719124161498546,22.342395921835173,0.0649214023541324,-313.85376300611557,0.34504861683042526,2.0168472061166574,7.097424152754007,0.5380578508480571,64.44601462187677,0.29997955477516264,1.9898810911634413,-0.1783089559766554,7.472290311120192,0.7556438747546401,8.246258513229357,Capital Markets,Financial Services,PJT
2021Q3,2021,Q3,2021-10-29,2021-09-30,21445000.0,231298000.0,55516000.0,0.530355,83149000.0,0.35948862506377055,1078066000.0,77871000.0,511545000.0,142327000.0,483346000.0,0.0,-38603000.0,3198828830.22,3100134830.22,1.9258219607756628,3.594152901417159,0.15064754848033424,2.085603112840467,0.1119046482107813,1.9258219607756628,0.27539135236480844,13.82990268061116,37.291079858008864,41.07856365296452,0.05684308696665889,0.0,0.0003810769705724339,0.21454901647951052,3.594152901417159,0.01989210308088744,17.936787972456948,0.35948862506377055,-0.0628346356513534,2.8848189952457552,0.6268741779736622,29.53736150370498,-0.04158742234056042,-0.073449989198531,-0.06262558041367666,1.715817169121025,0.5780541367640255,1.4833772737698536,Capital Markets,Financial Services,PJT
2021Q2,2021,Q2,2021-07-30,2021-06-30,23145000.0,240681000.0,59225000.0,0.565914,86757000.0,0.36046468146633925,1016168000.0,143077000.0,439409000.0,61963000.0,359411000.0,0.0,14200000.0,2919331932.04,2949291932.04,3.4983470525954794,7.091473944127947,0.1663760323096181,1.1816434507293276,0.10057049572637379,3.4983470525954794,0.1617660420612677,12.129465691267695,31.533073364009503,20.403921888493606,0.053143227478937134,0.0,0.000421329272804031,0.2368515835964132,7.091473944127947,0.022776745577502932,29.093818461262483,0.36046468146633925,-0.1260649806114459,61.14065532187042,1.2624639179678925,0.40588298061684613,0.17386715737345582,-0.1325612772655723,0.20361338048205505,2.1078348099315725,0.7176667463960343,1.8236725859419658,Capital Markets,Financial Services,PJT
2021Q1,2021,Q1,2021-04-30,2021-03-31,26682000.0,206700000.0,49206000.0,0.647547,73907000.0,0.3575568456700532,950257000.0,162306000.0,371243000.0,60138000.0,303681000.0,0.0,-7715000.0,2787499646.25,2855229646.25,3.9390142756686277,6.173185007815358,0.17609341472885756,1.0309785220509409,0.09880141289650345,3.9390142756686277,0.16439318324646038,13.485726396952105,26.117791453507987,17.174347505637503,0.04759763136196687,0.0,0.00045560543898490543,0.21752010245649334,6.173185007815358,0.028078719756865773,-18.609632589059203,0.3575568456700532,-0.446412801597635,86.16101481422764,0.49327633193937015,7.637567418497911,-0.40522291968453245,-0.42136537126995144,-0.5080974088291746,3.1896988414305603,0.2678376431017727,1.8387105037186788,Capital Markets,Financial Services,PJT
2020Q4,2020,Q4,2021-02-26,2020-12-31,46112000.0,322003000.0,100032000.0,1.169729,124260000.0,0.3858970258041074,1171607000.0,154259000.0,532679000.0,58014000.0,483761000.0,0.0,-33127000.0,2966438678.0,2839216678.0,3.9131062563633416,9.181904367911194,0.1470552838963919,1.116894314108091,0.17248034661493358,3.9131062563633416,0.29892583252841,9.21245664791943,16.082791236554474,19.230247039070655,0.025850104094378903,0.0,0.00040182863338461365,0.27483874712254197,9.181904367911194,0.03935790755773907,17.51578713730677,0.3858970258041074,0.5115277461905845,2.8791019710185073,0.4135268895464108,1.6342323083290635,0.2343667736199549,0.4919597502183971,0.27578818487909396,2.0473598201292402,0.4372089471675464,1.8341772061941588,Capital Markets,Financial Services,PJT
2020Q3,2020,Q3,2020-10-29,2020-09-30,30907000.0,297563000.0,78408000.0,0.773872,100667000.0,0.3383048295655038,1147291000.0,154992000.0,415786000.0,54803000.0,466020000.0,0.0,-78047000.0,2420649331.98,2456434331.98,3.8808037975149454,7.586920424064376,0.15187602796500627,1.1242257664911737,0.12909514818480505,3.8808037975149454,0.19941029214411066,8.134913722405003,19.580105898178406,15.617898549473521,0.03892322127673343,0.0,0.00049697409042556,0.25936140002841473,7.586920424064376,0.026939111350128258,13.737999965834474,0.3383048295655038,0.4325312423062754,-0.6680868887986375,-0.09136546574545394,-0.7278342314516023,0.293371706088677,0.42625749884633135,0.40531239918270784,6.7904334291032,2.1961497989550143,1.952278798853994,Capital Markets,Financial Services,PJT
2020Q2,2020,Q2,2020-07-31,2020-06-30,21670000.0,232563000.0,55794000.0,0.540213,77833000.0,0.33467490529447935,1010331000.0,125481000.0,372317000.0,59032000.0,361013000.0,0.0,-107751000.0,2059443364.7800002,2116052364.7800002,3.1281241573196588,6.307036861363328,0.16997597816953058,1.368589666961532,0.09799727774867732,3.1281241573196588,0.17269546783975262,8.855421390246944,23.75915280087679,16.412392033694346,0.05569912321181357,0.0,0.000586080695707278,0.2301849591866428,6.307036861363328,0.021448416410067592,14.144917200884642,0.33467490529447935,0.13929808947556022,2.3819991191049756,0.4373412048834176,-0.8020041872556821,0.1766671202019744,0.14899257688229056,0.3841917237272998,84.06954348840554,0.7957024600354117,1.7073736901723973,Capital Markets,Financial Services,PJT
2020Q1,2020,Q1,2020-05-01,2020-03-31,18860000.0,200171000.0,40308000.0,0.474163,66147000.0,0.3304524631440119,878711000.0,80472000.0,334090000.0,49571000.0,288398000.0,0.0,-128214000.0,1725850917.85,1813058917.85,2.023164367145804,6.7396259910028045,0.0,0.0,0.15016671027715128,2.023164367145804,0.234367233323392,8.621882879388123,22.87713305739661,21.446601524132618,0.06452810180275716,0.0,0.0007051594013207657,0.2278007217390018,6.7396259910028045,0.02146325697527401,-56.72849218847582,0.3304524631440119,0.11419642122824944,2.000069767779044,1.0766948619663343,-0.7861115519332162,-0.21106115000655987,0.12195121951219512,-0.29750078427271776,11.089389042282345,0.41390386901089116,2.1083752561213607,Capital Markets,Financial Services,PJT
2019Q4,2019,Q4,2020-02-27,2019-12-31,16810000.0,248652000.0,57378000.0,0.425565,83843000.0,0.3371901291765198,952777000.0,31390000.0,443466000.0,53086000.0,378260000.0,0.0,-144919000.0,1782652645.8300002,1771126645.8300002,0.7946756780205037,8.353727913197453,0.022565616088549578,0.684931506849315,0.18928838115154586,0.7946756780205037,0.5355208665179993,7.169267272453068,26.51178830800119,56.790463390570245,0.06876859012492564,0.0,0.000648471816819798,0.26097607310000137,8.353727913197453,0.01764316309062876,14.617778007806415,0.3371901291765198,1.4897179530682332,-0.6122420450164452,0.43911166902185417,-0.9187636618598375,0.6379744857092621,1.463003663003663,1.3138156302927655,1.1591983070332486,0.24167878777981402,4.177051996167191,Capital Markets,Financial Services,PJT
2019Q3,2019,Q3,2019-11-01,2019-09-30,6825000.0,174227000.0,24798000.0,0.170929,51187000.0,0.29379487679865923,856318000.0,5476000.0,363909000.0,41323000.0,322115000.0,0.0,-160573000.0,1625106148.6000001,1693650148.6000001,0.1371437799260075,8.806451612903226,0.030070604611838126,4.702337472607743,0.1017691550430804,0.1371437799260075,1.2463476990504017,9.327521845638163,59.527697750915756,296.76883648648646,0.1671794871794872,0.0,0.0007021079829049635,0.20346063027987266,8.806451612903226,0.007970169960225057,26.252037810157667,0.29379487679865923,0.4352805837552795,1.4090116194134144,0.863980451141905,0.0,0.0767369948884074,0.4142146705346042,0.22634884525987833,1.607461205819014,0.24099445190028548,3.0322343941683503,Capital Markets,Financial Services,PJT
2019Q2,2019,Q2,2019-08-02,2019-06-30,4826000.0,166704000.0,20221000.0,0.119091,47539000.0,0.285170121892696,801544000.0,18576000.0,230215000.0,36024000.0,282043000.0,0.0,-166257000.0,1678492068.2,1780257068.2,0.4583983055845578,6.390600710637353,0.03742776441467967,1.6149870801033592,0.07291835523641818,0.4583983055845578,0.2597975882859604,10.068697021067281,86.95048011811024,90.35810013996554,0.2403646912556983,0.0,0.000691096503806523,0.20797860129949197,6.390600710637353,0.0060208797021748025,27.873593746056,0.285170121892696,3.300090269001625,1.8980748448303617,0.33458064332592785,0.0,0.44473484272906855,3.3832879200726613,2.2746558704453443,13.655987110058895,0.5815524908360804,-0.8157831780335232,Capital Markets,Financial Services,PJT
2019Q1,2019,Q1,2019-05-07,2019-03-31,1101000.0,128056000.0,6175000.0,0.027695,32905000.0,0.25695789342162806,766346000.0,-124505000.0,189155000.0,40499000.0,258190000.0,0.0,-169923000.0,1673678258.8,1810532258.8,-3.131820869656385,4.670609150843231,0.03914680836071435,-0.24095417854704632,-0.997143153564156,-3.131820869656385,-0.008843018352676599,13.069893318548134,380.03593524069026,-13.442659000040159,1.0790190735694822,0.0,0.0007098138448973919,0.16709945638132123,4.670609150843231,0.0014366878668382167,-40.35001467730659,0.25695789342162806,-0.8529786488581227,1.0261227478978618,0.6037815515440597,0.0,-0.3245268300693846,-0.8519962360532329,-0.7334685773480663,2.7277635579403903,-0.041136519745002896,-4.277379240133475,Capital Markets,Financial Services,PJT
2018Q4,2018,Q4,2019-02-28,2018-12-31,7439000.0,175393000.0,23168000.0,0.188374,48714000.0,0.2777419851419384,671817000.0,-86487000.0,245978000.0,48009000.0,184068000.0,0.0,-169836000.0,1530659105.6399999,1454549105.6399999,-2.1900605481965636,5.123580995230061,0.04465501766105948,-0.34687294044191613,-0.30821325227978347,-2.1900605481965636,-0.08601292679824714,8.727025055960043,51.44035171528431,-17.698140826251343,0.15660707084285522,0.0,0.0007611100314285131,0.2610725837542069,5.123580995230061,0.01107295587935405,389.77822909090906,0.2777419851419384,-0.03538436328629073,-0.8283616839077945,0.015363337588593175,-1.223880639815096,0.20974471044005166,-0.014701986754966888,0.357871292931661,1.3026112764492828,-0.23141735629239207,0.6450371991293691,Capital Markets,Financial Services,PJT
2018Q3,2018,Q3,2018-11-02,2018-09-30,7550000.0,140143000.0,17062000.0,0.195284,40268000.0,0.28733507916913437,581682000.0,-154032000.0,298349000.0,34258000.0,152299000.0,0.0,-176110000.0,1993011098.9499998,1826637098.9499998,-3.9840970299579874,8.708885515791932,0.0,0.0,-0.11257530988644184,-3.9840970299579874,-0.049015788926976216,14.221267554926039,65.99374499834437,-12.93894190135816,0.14198675496688742,0.0,0.0005378795936283414,0.24092717326649268,8.708885515791932,0.012979600537750867,20.417476145083132,0.28733507916913437,0.07244100542030725,1.4672897107014569,0.548472800989761,0.0,0.10635491936148583,0.0871130309575234,0.17945527443660997,-0.9162430111057948,-0.55793282467281,-1.2794098559747475,Capital Markets,Financial Services,PJT
2018Q2,2018,Q2,2018-08-03,2018-06-30,6945000.0,130670000.0,14466000.0,0.182093,36397000.0,0.2785413637407209,533744000.0,-161990000.0,241721000.0,30590000.0,115868000.0,0.0,-182588000.0,2036291022.8700001,1940757022.8700001,-4.247254445884842,7.901961425302386,0.0,0.0,-0.09707101326346093,-4.247254445884842,-0.04287301685289215,15.583462331598685,73.30061277429805,-12.570473627199211,0.1605471562275018,0.0,0.0005475641681258756,0.24481774033993825,7.901961425302386,0.013011855870979345,28.966969043771428,0.2785413637407209,0.1781608079866975,3.4312250037063166,0.11148591848702163,0.0,0.1968760276224926,0.32639419404125286,0.9414843645148302,1.465838274122338,-0.15060596061845571,-1.2688315916032717,Capital Markets,Financial Services,PJT
2018Q1,2018,Q1,2018-05-04,2018-03-31,5236000.0,134042000.0,7451000.0,0.154557,30410000.0,0.22686919025380103,501587000.0,-159106000.0,215461000.0,32518000.0,89581000.0,0.0,-188418000.0,1697261697.9,1640921697.9,-4.696512393971228,6.62589950181438,0.0,0.0,-0.12032144412172198,-4.696512393971228,-0.03290887835782434,12.66216333611853,81.03808718009931,-10.66749021344261,0.1846829640947288,0.0,0.0005697412492112775,0.2672357935911417,6.62589950181438,0.010438867036027649,-30.25260142773114,0.22686919025380103,1.1383883921975941,1.1457840369323598,0.9699943235556748,0.0,-0.3953913752311271,1.1398317532380826,-0.7506275310418689,1.3259798767092486,0.6327322525420861,-1.4965141555404469,Capital Markets,Financial Services,PJT
2017Q4,2017,Q4,2018-02-27,2017-12-31,-37445000.0,190553000.0,29879000.0,-1.116835,50297000.0,0.26395281102895257,558965000.0,-157278000.0,258308000.0,22525000.0,136511000.0,0.0,-185991000.0,1528866266.4,1383247266.4,-4.690977201614578,11.467613762486126,0.0,0.0,0.2099704278302834,-4.690977201614578,0.23808161344879766,8.02331249783525,-10.207412647883562,-9.720789089383132,-0.02529042595807184,0.0,0.0006194132350306137,0.3409032765915576,11.467613762486126,-0.06698988308749206,38.35878933186141,0.26395281102895257,-12.243003543529035,-2.0176151797053383,0.29931684046512086,-1.4795387863227427,3.8214148773006134,-12.201017050553395,3.805276499859168,-2.0176151797053383,0.29931684046512086,-1.4795387863227427,Capital Markets,Financial Services,PJT
2017Q3,2017,Q3,2017-11-07,2017-09-30,3343000.0,78450000.0,-10651000.0,0.099336,10432000.0,0.13297641810070107,562019000.0,-137147000.0,205398000.0,28135000.0,699166000.0,0.0,-147599000.0,1289261141.04,1186980141.04,-4.0752811069460355,7.30044428647592,0.0,0.0,0.011718315419152971,-4.0752811069460355,-0.024375305329318177,16.434176431357553,96.41498212982351,-9.400578510940816,0.28387675740352974,0.0,0.0007360805113807093,0.1395860282303623,7.30044428647592,0.005948197480868085,17.115297645497026,0.13297641810070107,14.643464566929135,1.237699325810227,-0.004187838582770414,0.0,-0.5202795916490389,14.548837209302325,-5.561456102783726,1.237699325810227,-0.004187838582770414,0.0,Capital Markets,Financial Services,PJT
2017Q2,2017,Q2,2017-08-04,2017-06-30,215000.0,109310000.0,2335000.0,0.00635,21746000.0,0.198938797914189,539592000.0,-149721000.0,204278000.0,23302000.0,689313000.0,0.0,-149992000.0,1361725925.7,1300845925.7,-4.422166389249352,8.766543644322375,0.0,0.0,-0.004230223793147556,-4.422166389249352,-0.0014360043013338143,12.45746890220474,1583.4022391860465,-9.095089704851024,4.4186046511627906,0.0,0.000697644057493911,0.20257898560393778,8.766543644322375,0.00039844919865379767,43.88700289093722,0.198938797914189,-0.8380969378649192,-0.8454666218275632,0.04741853340433823,0.0,-0.14023642905151623,-0.8387096774193549,-0.689081225033289,-0.8454666218275632,0.04741853340433823,0.0,Capital Markets,Financial Services,PJT
2017Q1,2017,Q1,2017-05-09,2017-03-31,1333000.0,120969000.0,7510000.0,0.039221,25293000.0,0.20908662549909482,510596000.0,-62037000.0,208123000.0,22617000.0,572633000.0,0.0,-62284000.0,1192586285.0,1119121285.0,-1.825342415370809,9.20206039704647,0.0,0.0,-0.17155509470093147,-1.825342415370809,-0.021487177007269855,9.858610759781431,223.6658448987247,-19.223790399277853,0.7126781695423856,0.0,0.0007965880640661568,0.2369172496455123,9.20206039704647,0.0026106745842113923,-33.07227634498059,0.20908662549909482,-0.801003582047145,1.0369951784155313,0.7721595053547909,0.0,-0.4781935963030203,-0.8023721275018533,-0.7529361450143106,1.0369951784155313,0.7721595053547909,0.0,Capital Markets,Financial Services,PJT
2016Q4,2016,Q4,2017-02-28,2016-12-31,6745000.0,173496000.0,30397000.0,0.197094,48472000.0,0.27938396274265687,590476000.0,-8560000.0,306891000.0,20631000.0,599036000.0,0.0,-17946000.0,1056782122.7199999,904351122.7199999,-0.2501298936810614,14.87523629489603,0.0,0.0,-2.773231661479755,-0.2501298936810614,-0.7879672897196262,6.091103672246046,39.169092762045956,-123.45585545794393,0.13817642698295032,0.0,0.000881922564701578,0.29382396574966635,14.87523629489603,0.011422987555802438,54.12456454391805,0.27938396274265687,1.7004499221698615,-0.8204157748176745,0.15900479510893506,-1.0255697225724245,0.900490099980396,1.6945731644526825,4.188086704215737,-0.8204157748176745,0.15900479510893506,-1.0255697225724245,Capital Markets,Financial Services,PJT
2016Q3,2016,Q3,2016-11-10,2016-09-30,-9711000.0,121346000.0,5859000.0,-0.281382,25505000.0,0.21018410165971685,559799000.0,-2329000.0,277881000.0,30070000.0,562128000.0,0.0,-23759000.0,941135831.55,784236831.55,-0.06748423327523237,9.241137346192218,0.0,0.0,-13.266319082377478,-0.06748423327523237,4.169600686990124,7.755804324411187,-24.228602398053756,-404.0943888149421,-0.09617959015549377,0.0,0.0009924178515887045,0.21676708961609434,9.241137346192218,-0.017347297869413844,15.047098640200812,0.21018410165971685,-28.902444208289058,0.32668684766138884,0.5020054668960573,0.0,0.47257505773672054,-29.065015479876163,2.0717029449423814,0.32668684766138884,0.5020054668960573,0.0,Capital Markets,Financial Services,PJT
2016Q2,2016,Q2,2016-08-12,2016-06-30,-323000.0,89284000.0,-5467000.0,-0.00941,17320000.0,0.19398772456431163,515386000.0,85415000.0,222885000.0,35184000.0,429971000.0,0.0,-13114000.0,789492963.0,686292963.0,2.4883629013422883,6.334839699863575,0.0,0.0,-0.029434255838638856,2.4883629013422883,-0.003781537200725868,8.84249096142646,-611.062664860681,9.243024796581397,-2.873065015479876,0.0,0.001175437962706705,0.17323714652706904,6.334839699863575,-0.0006267147341992216,45.68825017361111,0.19398772456431163,-2.266657692825414,-1.2289884478885877,-0.15615785687871292,0.0,-0.36166291969188813,-2.2666666666666666,-1.6416666666666666,-1.2289884478885877,-0.15615785687871292,0.0,Capital Markets,Financial Services,PJT
2016Q1,2016,Q1,2016-05-12,2016-03-31,255000.0,115304000.0,8520000.0,0.007429,27133000.0,0.23531707486297093,491684000.0,-20369000.0,206322000.0,42089000.0,512053000.0,0.0,-20637000.0,825479285.15,739496285.15,-0.5934424507224111,4.902040913302764,0.0,0.0,-0.21901299724797574,-0.5934424507224111,-0.012519024007069567,7.159155668060085,809.2934168137256,-40.52625485541755,3.6627450980392156,0.0,0.0011314638862564316,0.23450834275672994,4.882986053363111,0.0005186257840401559,187.09865937216682,0.23531707486297093,1.0101207708079316,1.0070076193116428,0.6725859150643166,0.0,6.959367450032945,1.0228004291845494,1.3093906601786622,1.0070076193116428,0.6725859150643166,0.0,Capital Markets,Financial Services,PJT
2015Q4,2015,Q4,2016-02-29,2015-12-31,-11184000.0,103822000.0,-27538000.0,-0.734035,-4553000.0,-0.04385390379688313,467252000.0,-110850000.0,190139000.0,31682000.0,578102000.0,0.0,-110982000.0,508271040.24,425949040.24,-6.169831156461798,6.001483492203775,0.0,0.0,0.21606952941316593,-6.169831156461798,0.10089309878213802,4.895600549401861,-11.361566528969956,-4.585214616508796,0.0,0.0,0.0,0.2221970157431108,5.975380342150117,-0.02393569208906543,-8.945913831315123,-0.04385390379688313,-1.3148269113564317,-1.56719074750333,0.3210854368120081,-1.6307157799802554,-1.056726719992026,-1.2669849606111243,-1.5945677519647639,-1.56719074750333,0.3210854368120081,-1.6307157799802554,Capital Markets,Financial Services,PJT
2015Q3,2015,Q3,2015-11-12,2015-09-30,41890000.0,147322000.0,46316000.0,2.331551,80262000.0,0.5448066140834363,301595000.0,256185000.0,127133000.0,25578000.0,45410000.0,0.0,0.0,431198016.0,409507016.0,14.25897098747319,4.970404253655485,0.0,0.0,0.17266693461325902,14.25897098747319,0.16351464761793236,2.9269085133245545,2.5733947004058244,1.683150910474852,0.0,0.0,0.0,0.48847626784263665,4.970404253655485,0.13889487557817604,7.745330076160368,0.5448066140834363,6.964693572649223,6.579113061140457,2.502799772101786,0.0,5.502106286454958,6.964687455503346,9.056357627413464,6.579113061140457,2.502799772101786,0.0,Capital Markets,Financial Services,PJT
2015Q2,2015,Q2,2015-06-30,2015-06-30,-7023000.0,72469000.0,-5749000.0,-0.390892,12344000.0,0.1703349018200886,357791000.0,283853000.0,204649000.0,18633000.0,73938000.0,0.0,0.0,523905589.44,453124589.44,15.798940967297957,10.983148177963828,0.0,0.0,-0.02209037372815963,15.798940967297957,-0.02474167967222471,7.229375173384482,-18.649636531396837,1.8456933322529618,0.0,0.0,0.0,0.20254562020844571,10.90194815649654,-0.01962877769424049,6.802731833692575,0.1703349018200886,0.17555944572163748,-10.512367810598994,0.3085633604119828,0.0,3.5888475836431226,0.563978394486869,0.415217170175974,-10.512367810598994,0.3085633604119828,0.0,Capital Markets,Financial Services,PJT
2015Q1,2015,Q1,2015-03-31,2015-03-31,-16107000.0,82325000.0,-9831000.0,-0.47413,2690000.0,0.032675372001214696,358594000.0,321337000.0,207495000.0,5142000.0,37257000.0,0.0,0.0,990613897.2,957115897.2,9.458969782763107,40.352975495915985,0.0,0.0,-0.03354744033473394,9.458969782763107,-0.05012494670703965,12.03296565077437,-15.37551836468616,3.0827881544920133,0.0,0.0,0.0,0.2295771819941215,40.052508751458575,-0.044917092868257694,3258.5983460526318,0.032675372001214696,-1.4320080435870615,0.5527820968458463,0.20656299922322707,0.0,-0.9649378918418686,-1.4320083682008369,-1.149330133365738,0.5527820968458463,0.20656299922322707,0.0,Capital Markets,Financial Services,PJT
2014Q4,2014,Q4,2014-12-31,2014-12-31,37284000.0,148598000.0,65834000.0,1.0975027132902209,76721000.0,0.5162990080620197,347951000.0,332320000.0,185256000.0,6453000.0,15631000.0,0.0,0.0,990613897.2,952080897.2,9.782268578494964,28.708507670850768,0.0,0.0,0.1404484896725573,9.782268578494964,0.11219306692344728,6.666401278617478,6.642352598970068,2.980903638661531,0.0,0.0,0.0,0.42706587996585726,28.53494498682783,0.10715301867216935,22.352405280021664,0.5162990080620197,3.6261888728598013,0.0,0.0,0.0,25.437284631288765,3.6261886314010003,6.413089952310475,0.0,0.0,0.0,Capital Markets,Financial Services,PJT
2014Q3,2014,Q3,2014-09-30,2014-09-30,-14197000.0,79525000.0,-12162000.0,-0.417907,2902000.0,0.03649166928638793,,,,,,,,990613897.2,,,0.0,0.0,0.0,0.0,,0.0,12.456634985224772,-17.44407088117208,0.0,0.0,0.0,0.0,0.0,0.0,0.0,-81.45156201282684,0.03649166928638793,-11.16976983860315,0.0,0.0,0.0,-0.8629645369976862,-11.169770773638968,-2.508745813174544,0.0,0.0,0.0,Capital Markets,Financial Services,PJT
2014Q2,2014,Q2,2014-06-30,2014-06-30,1396000.0,104715000.0,8061000.0,0.04109306372044707,21177000.0,0.2022346368715084,,,,,,,,990613897.2,,,0.0,0.0,0.0,0.0,,0.0,9.460095470562957,177.40220222063036,0.0,0.0,0.0,0.0,0.0,0.0,0.0,37.31547433608318,0.2022346368715084,1.0387605689620196,0.0,0.0,0.0,2.2305770236504157,1.0387605508662816,1.2625561852648035,0.0,0.0,0.0,Capital Markets,Financial Services,PJT
2014Q1,2014,Q1,2014-03-31,2014-03-31,-36016000.0,68231000.0,-30702000.0,-1.060177,-17209000.0,-0.2522167343289707,,,,,,,,990613897.2,,,0.0,0.0,0.0,0.0,,0.0,14.518531125148394,-6.876207082963128,0.0,0.0,0.0,0.0,0.0,0.0,0.0,-112.9033390927741,-0.2522167343289707,0.0,0.0,0.0,0.0,0.0,0.0,0.0,0.0,0.0,0.0,Capital Markets,Financial Services,PJT
