Quarters,Year,Quarter,FillingDate,Date,NetIncome,Revenue,OperatingIncome,EPSDiluted,GrossProfit,GrossProfitRatio,TotalAssets,CommonStockEquity,CurrentAssets,CurrentLiability,TotalLiability,Inventory,RetainedEarnings,MarketCap,EnterpriseValue,bookValuePerShare,currentRatio,debtToAssets,debtToEquity,roic,shareholdersEquityPerShare,roe,priceToSalesRatio,peRatio,pbRatio,payoutRatio,inventoryTurnover,dividendYield,assetTurnover,quickRatio,returnOnAssets,priceToFreeCashFlowsRatio,grossProfitMargin,epsdilutedGrowth,fiveYNetIncomeGrowthPerShare,fiveYRevenueGrowthPerShare,fiveYShareholdersEquityGrowthPerShare,grossProfitGrowth,netIncomeGrowth,operatingIncomeGrowth,threeYNetIncomeGrowthPerShare,threeYRevenueGrowthPerShare,threeYShareholdersEquityGrowthPerShare,Industry,Sector,Symbol
2023Q1,2023,Q1,2023-03-31,2023-03-31,15836000.0,9167000.0,19319000.0,0.36,5596000.0,0.6104505291,149123000.0,78863000.0,79039000.0,14559000.0,63630000.0,6570000.0,-126180000.0,41399075.92,25620075.92,2.5907264260501397,5.42887560958857,0.3105959509934752,0.5873096382333921,0.1501846159994523,2.5907264260501397,0.20080392579536666,4.516098605868878,0.6535595466026775,0.5249492907954301,0.0,0.543531202435312,0.0,0.061472743976448974,4.5890514458410605,0.10619421551336816,-7.332461197307829,0.6104505290716701,1.31858407079646,10.299032364806772,0.0,-0.6524580249385287,-0.024237140366172624,2.1000277854959712,5.893363728470112,10.299032364806772,0.0,-0.6524580249385287,Software—Application,Technology,MVLA
2022Q4,2022,Q4,2022-12-31,2022-12-31,-14396000.0,12117000.0,-3948000.0,-1.13,5735000.0,0.4733019724,106928000.0,-142969000.0,29462000.0,21696000.0,243146000.0,5164000.0,-142016000.0,128308465.85000001,145957465.85000002,-11.220598893942741,1.3579461651917404,0.2991078108633847,-0.2237058383285887,0.0365292139447774,-11.220598893942741,0.1006931572578671,10.589128154658745,-2.2281964755834953,-0.8974565524694165,0.0,1.2358636715724245,0.0,0.11331924285500523,0.9690265486725663,-0.13463265000748167,-70.88865516574586,0.4733019724354213,-3.5111111111111106,-7.3968971347125825,0.0,-3.2141170766709855,0.0,-1.9761739244117529,-0.714853112493148,-7.3968971347125825,0.0,-3.2141170766709855,Software—Application,Technology,MVLA
2022Q3,2022,Q3,2022-11-14,2022-09-30,14747372.0,0.0,-2302238.0,0.45,0.0,0.0,326649796.0,-8216269.0,297362.0,3257301.0,8613631.0,0.0,-8217082.0,322887500.0,322845105.0,-0.25280827692307695,0.09129091846286236,0.0,0.0,0.6640803386194313,-0.25280827692307695,-1.7948988768503076,0.0,5.473644728023407,-39.29855509842728,0.0,0.0,0.0,0.0,0.013015376841133196,0.045147347956708966,-2574.5524857473188,0.0,3.6470588235294117,10.199034175063517,0.0,-1.0337940986991565,-1.0,3.0864985851726088,0.6622798885140091,10.199034175063517,0.0,-1.0337940986991565,Software—Application,Technology,MVLA
2022Q2,2022,Q2,2022-06-30,2022-06-30,-7068000.0,8577000.0,-6817000.0,-0.17,4965000.0,0.5788737321,105919000.0,-121466000.0,19323000.0,17570000.0,220425000.0,6549000.0,-122081000.0,398531250.0,409926250.0,-2.9899323076923077,1.0997723392145702,0.16588147546710222,-0.14464953155615562,0.06312523411547677,-2.9899323076923077,0.05818912288212339,46.46511017838405,-14.096323217317488,-3.281010735514465,0.0,0.5515345854328905,0.0,0.08097697296991097,0.6689243027888446,-0.06673023725677169,-61.077586206896555,0.5788737320741518,0.868217054263566,-2.1450867709427914,0.0,-1.4005621945439557,0.033083645443196,-0.21131105398457584,-0.23787906301071363,-2.1450867709427914,0.0,-1.4005621945439557,Software—Application,Technology,MVLA
2022Q1,2022,Q1,2022-05-13,2022-03-31,-5835000.0,9508000.0,-5507000.0,-1.29,4806000.0,0.5054690787,325710883.0,309312677.0,675217.0,1045706.0,16398206.0,0.0,-15688136.0,44344225.97,44768725.97,68.28783323174103,0.6457044331772027,0.0015351037564194623,0.0016164872544166692,-0.01782106966193986,68.28783323174103,-0.018864406259042527,4.6638857772402185,-1.8999239918594684,0.1433637521749553,0.0,0.0,0.0,0.029191533032072496,0.07220002562861837,-0.017914660837415126,-8.672839031879523,0.5054690786705932,-8.166666666666666,-28.97911490960752,0.0,8.160708052919032,0.0,-1.8132065297906053,-8.36939082796696,-28.97911490960752,0.0,8.160708052919032,Software—Application,Technology,MVLA
2021Q4,2021,Q4,2021-12-31,2021-12-31,7175299.0,0.0,-587765.0,0.18,0.0,0.0,110108000.0,-108169000.0,22778000.0,18236000.0,210894000.0,4535000.0,-109601000.0,394062500.0,392645500.0,-2.6626215384615386,1.249067778021496,0.08854034220946706,-0.09012748569368303,0.013009706222605995,-2.6626215384615386,-0.06633415303830117,0.0,13.729828540943032,-3.6430261904982015,0.0,0.0,0.0,0.0,0.8948234261899539,0.06516600973589566,-5334.540408826317,0.0,3.4444444444444438,0.0,0.0,0.0,0.0,3.3590908925223597,-0.9250029476111249,0.0,0.0,0.0,Software—Application,Technology,MVLA
2021Q3,2021,Q3,2021-12-01,2021-09-30,1646054.0,0.0,-305332.0,0.0405,0.0,0.0,325959496.0,303909163.0,942576.0,462833.0,22050333.0,0.0,-21091650.0,401375000.00000006,401556524.00000006,7.480840935384616,2.0365358563455933,0.0007669664576975539,0.000822614223053222,-0.002464942292674681,7.480840935384616,0.005416269729254593,0.0,60.96018113622033,1.320707135111948,0.0,0.0,0.0,0.0,0.1479496924376611,0.005049872822235558,-780.3235025370843,0.0,-0.73,0.0,0.0,0.0,0.0,-0.7333227702804944,-0.03879861734846629,0.0,0.0,0.0,Software—Application,Technology,MVLA
2021Q2,2021,Q2,2021-08-16,2021-06-30,6172458.0,0.0,-293928.0,0.15,0.0,0.0,326382788.0,303238802.0,1374061.0,588986.0,23143986.0,0.0,4001173.0,395687500.0,395354654.0,7.464339741538462,2.3329264193036847,0.0,0.0,-0.0020355210016980794,7.464339741538462,0.020355106138428815,0.0,16.026334241561464,1.3048709379876788,0.0,0.0,0.0,0.0,0.5651169976875512,0.018911714180222028,-3870.5236180806214,0.0,2.260869565217391,0.0,0.0,0.0,0.0,2.3278617109719635,-0.012511367707443438,0.0,0.0,0.0,Software—Application,Technology,MVLA
2021Q1,2021,Q1,2021-03-31,2021-03-31,1854782.0,0.0,-290296.0,0.046,0.0,0.0,326592520.0,300299536.0,1591986.0,512984.0,26292984.0,0.0,1061908.0,400748385.98380005,400363725.98380005,7.454427412953228,3.1033833413907645,0.0,0.0,-0.0016758410651300248,7.454427412953228,0.006176439779780413,0.0,54.01556436063646,1.3344955217772965,0.0,0.0,0.0,0.0,0.7498479484740265,0.0056791931425741165,-382.85892008395706,0.0,0.0,0.0,0.0,0.0,0.0,0.0,0.0,0.0,0.0,0.0,Software—Application,Technology,MVLA
