Quarters,Year,Quarter,FillingDate,Date,NetIncome,Revenue,OperatingIncome,EPSDiluted,GrossProfit,GrossProfitRatio,TotalAssets,CommonStockEquity,CurrentAssets,CurrentLiability,TotalLiability,Inventory,RetainedEarnings,MarketCap,EnterpriseValue,bookValuePerShare,currentRatio,debtToAssets,debtToEquity,roic,shareholdersEquityPerShare,roe,priceToSalesRatio,peRatio,pbRatio,payoutRatio,inventoryTurnover,dividendYield,assetTurnover,quickRatio,returnOnAssets,priceToFreeCashFlowsRatio,grossProfitMargin,epsdilutedGrowth,fiveYNetIncomeGrowthPerShare,fiveYRevenueGrowthPerShare,fiveYShareholdersEquityGrowthPerShare,grossProfitGrowth,netIncomeGrowth,operatingIncomeGrowth,threeYNetIncomeGrowthPerShare,threeYRevenueGrowthPerShare,threeYShareholdersEquityGrowthPerShare,Industry,Sector,Symbol
2023Q1,2023,Q1,2023-05-12,2023-03-31,-24009000.0,0.0,-28959000.0,-0.64,0.0,0.0,300961000.0,243061000.0,269859000.0,19273000.0,57900000.0,0.0,-291882000.0,624065718.6600001,401441718.6600001,6.438101324692303,14.001919784153998,0.12598974617973757,0.15600199126968128,-0.08505854891698168,6.438101324692303,-0.0987776730944084,0.0,-6.4982477264775715,2.5675271584499364,0.0,0.0,0.0,0.0,13.51849737975406,-0.07977445582650244,-32.95135533343894,0.0,-0.2549019607843137,-5.701366703355531,0.0,0.0,0.0,-0.24547388079057944,-0.2536906359582666,-5.701366703355531,0.0,0.0,Biotechnology,Healthcare,HLVX
2022Q4,2022,Q4,2023-03-17,2022-12-31,-19277000.0,0.0,-23099000.0,-0.51,0.0,0.0,317211000.0,267229000.0,290613000.0,13046000.0,49982000.0,0.0,-264993000.0,628273986.5500001,385270986.5500001,7.115910041970526,22.276023302161583,0.1147438140543676,0.13620527712186925,-0.0646171883368162,7.115910041970526,-0.07213663187752826,0.0,-8.1479740954246,2.3510696314771224,0.0,0.0,0.0,0.0,21.416602790127243,-0.0607702759362065,-28.115724807571826,0.0,-0.21428571428571436,0.0,0.0,0.0,0.0,-0.24263520917939793,-0.29102392130561144,0.0,0.0,0.0,Biotechnology,Healthcare,HLVX
2022Q3,2022,Q3,2022-11-10,2022-09-30,-15513000.0,0.0,-17892000.0,-0.42,0.0,0.0,322076000.0,287193000.0,300154000.0,8633000.0,34883000.0,0.0,-243805000.0,637860768.34,371705768.34000003,7.694670394564558,34.768214988995716,0.08043132676759522,0.09020066645078396,-0.049411036109006275,7.694670394564558,-0.054015940499942544,0.0,-10.279455429961967,2.221017811506548,0.0,0.0,0.0,0.0,33.830649832039846,-0.04816565034339721,-32.32620962598824,0.0,0.883008356545961,0.8905534286208998,0.0,0.0,0.0,0.8367911625460284,-0.39693941286695816,0.8905534286208998,0.0,0.0,Biotechnology,Healthcare,HLVX
2022Q2,2022,Q2,2022-08-10,2022-06-30,-95050000.0,0.0,-12808000.0,-3.59,0.0,0.0,341232000.0,303154000.0,319505000.0,12510000.0,38078000.0,0.0,-227000000.0,289785789.33,695789.3299999833,11.43421569311913,25.539968025579537,0.07479368875134805,0.08418823436273314,-0.06458960820111936,11.43421569311913,-0.3135370141908073,0.0,-0.7621930282219884,0.9559029052230879,0.0,0.0,0.0,0.0,25.148840927258192,-0.2785494912552164,-21.936850062831187,0.0,0.11358024691358025,-34.03610935229589,0.0,0.0,0.0,0.2234223340632047,-0.13204878911083615,-34.03610935229589,0.0,0.0,Biotechnology,Healthcare,HLVX
2022Q1,2022,Q1,2022-06-08,2022-03-31,-122396000.0,0.0,-11314000.0,-4.05,0.0,0.0,114696000.0,-168372000.0,111732000.0,282926000.0,283068000.0,0.0,-173071000.0,576354952.31,640627952.31,-5.576808990913622,0.394915985098577,1.5303497942386832,-1.0424833107642602,-2.783248992320421,-5.576808990913622,0.7269379706839617,0.0,-1.1772340442293865,-3.423104508528734,0.0,0.0,0.0,0.0,0.3932194284017729,-1.0671339889795635,-43.61369294816496,0.0,0.0,-41.71986867103745,0.0,0.0,0.0,0.0,0.0,-41.71986867103745,0.0,0.0,Biotechnology,Healthcare,HLVX
2021Q3,2021,Q3,2021-09-30,2021-09-30,-61868000.0,0.0,-39675000.0,-3.797605,0.0,0.0,,,,,,,,311001298.8,,,0.0,0.0,0.0,0.0,,0.0,0.0,-1.25671307784315,0.0,0.0,0.0,0.0,0.0,0.0,0.0,-71.70885376988703,0.0,-36.113531527305426,0.0,0.0,0.0,0.0,-36.113377324535094,-31.708161582852433,0.0,0.0,0.0,Biotechnology,Healthcare,HLVX
2021Q2,2021,Q2,2021-06-30,2021-06-30,-1667000.0,0.0,-1213000.0,-0.102324,0.0,0.0,,,,,,,,311001298.8,,,0.0,0.0,0.0,0.0,,0.0,0.0,-46.640866646670666,0.0,0.0,0.0,0.0,0.0,0.0,0.0,-276.4455989333334,0.0,-0.07826380180616883,0.0,0.0,0.0,0.0,-0.07826649417852523,0.1720136518771331,0.0,0.0,0.0,Biotechnology,Healthcare,HLVX
2021Q1,2021,Q1,2021-03-31,2021-03-31,-1546000.0,0.0,-1465000.0,-0.094897,0.0,0.0,,,,,,,,311001298.8,,,0.0,0.0,0.0,0.0,,0.0,0.0,-50.29128376455369,0.0,0.0,0.0,0.0,0.0,0.0,0.0,-745.806471942446,0.0,0.0,0.0,0.0,0.0,0.0,0.0,0.0,0.0,0.0,0.0,Biotechnology,Healthcare,HLVX
