Quarters,Year,Quarter,FillingDate,Date,NetIncome,Revenue,OperatingIncome,EPSDiluted,GrossProfit,GrossProfitRatio,TotalAssets,CommonStockEquity,CurrentAssets,CurrentLiability,TotalLiability,Inventory,RetainedEarnings,MarketCap,EnterpriseValue,bookValuePerShare,currentRatio,debtToAssets,debtToEquity,roic,shareholdersEquityPerShare,roe,priceToSalesRatio,peRatio,pbRatio,payoutRatio,inventoryTurnover,dividendYield,assetTurnover,quickRatio,returnOnAssets,priceToFreeCashFlowsRatio,grossProfitMargin,epsdilutedGrowth,fiveYNetIncomeGrowthPerShare,fiveYRevenueGrowthPerShare,fiveYShareholdersEquityGrowthPerShare,grossProfitGrowth,netIncomeGrowth,operatingIncomeGrowth,threeYNetIncomeGrowthPerShare,threeYRevenueGrowthPerShare,threeYShareholdersEquityGrowthPerShare,Industry,Sector,Symbol
2023Q1,2023,Q1,2023-03-31,2023-03-31,502200000.0,1277000000.0,654400000.0,2.05,847000000.0,0.6632732968,22079000000.0,20265300000.0,20086100000.0,1550900000.0,1813700000.0,424100000.0,19335200000.0,27714567614.690666,15780467614.690666,83.53080633185547,12.951254110516475,0.009502241949363648,0.010352671808460768,0.0226800899113786,83.53080633185547,0.024781276368965672,21.702872055356824,13.79657886035975,1.3675873347392176,0.0,1.0139118132515916,0.0,0.05783776439150324,12.567347991488813,0.02274559536210879,-37.8510893399217,0.66327329678935,-0.7786177105831533,12.553377366696363,44.65652370850565,0.0,-0.7637377963737796,-0.7796111818141923,-0.8012693977952564,9.647752746002867,41.43708632609622,40.57219504830836,Biotechnology,Healthcare,BNTX
2022Q4,2022,Q4,2022-12-31,2022-12-31,2278700000.0,4278300000.0,3292900000.0,9.26,3585000000.0,0.8379496529,23279100000.0,20055600000.0,21922000000.0,2950600000.0,3223500000.0,439600000.0,18833000000.0,34178811080.16225,20515911080.16225,82.55651370753195,7.429675320273843,0.009115472677208311,0.010580585971000618,0.11648581637562382,82.55651370753195,0.11361913879415225,7.988876675352886,3.7498147057710813,1.704202870029431,0.0,1.577115559599636,0.0,0.18378287820405428,7.188537924489935,0.09788608666142591,49.91793643955346,0.8379496528995162,0.32664756446991394,1574.9197068432086,61.64200378502503,69.36819414165518,0.5148314037015127,0.27665415429435825,0.37922513089005233,35.073647832238144,132.0838715986902,34.381936584874744,Biotechnology,Healthcare,BNTX
2022Q3,2022,Q3,2022-09-30,2022-09-30,1784900000.0,3461200000.0,2387500000.0,6.98,2366600000.0,0.6837513001,22660600000.0,18366300000.0,21268800000.0,3957700000.0,4294300000.0,294800000.0,16554300000.0,32963912548.270596,19814212548.270596,76.45336382271098,5.374030371175177,0.01209147154091242,0.014918628139581733,0.09353742307952767,76.45336382271098,0.09718342834430452,9.52383928934202,4.617053132986525,1.7948042092457706,0.0,3.7130257801899593,0.0,0.1527408806474674,5.23998787174369,0.07876666990282694,7.0191241079723605,0.6837513001271236,0.08217054263565896,72.93427688445523,159.24767993353194,0.0,0.16449343108792994,0.06752392344497608,0.08051230992034758,57.63572260468751,114.34706234428226,41.130059576175,Biotechnology,Healthcare,BNTX
2022Q2,2022,Q2,2022-06-30,2022-06-30,1672000000.0,3196500000.0,2209600000.0,6.45,2032300000.0,0.6357891444,21155400000.0,16830700000.0,20208100000.0,3923700000.0,4324700000.0,367700000.0,14769400000.0,34843183286.088234,25747283286.088234,69.05418791964009,5.15026633024951,0.011292625050814449,0.01419429970232967,0.09331891101266124,69.05418791964009,0.09934227334573131,10.900417108114574,5.209806113350513,2.0702159319629154,0.2896531100478469,3.166168071797661,0.013899418891309091,0.1510961740264897,5.025409689833576,0.07903419457916182,9.065011131484829,0.635789144376662,-0.5470505617977528,32.42943110991627,115.70966619376385,40.211306589569546,-0.576136150332659,-0.5479615010273602,-0.5350853199234119,32.42943110991627,115.70966619376385,40.211306589569546,Biotechnology,Healthcare,BNTX
2022Q1,2022,Q1,2022-03-31,2022-03-31,3698800000.0,6374600000.0,4752700000.0,14.24,4794700000.0,0.7521569981,20299600000.0,15910700000.0,19466100000.0,3854500000.0,4388900000.0,459300000.0,13581700000.0,37735289538.4192,31757189538.419197,65.08297055093652,5.050227007393955,0.009162742122997497,0.011690246186528563,0.21763317048857464,65.08297055093652,0.23247248706845078,5.919632531989333,2.550508917650265,2.3716926055056784,0.0,3.4397996951883303,0.0,0.3140258921358056,4.893293552990012,0.18221048690614594,9.458888438968065,0.7521569980861544,0.1681706316652995,85.44570055689687,225.1774616744932,0.0,0.02499038009320621,0.16821426315457014,0.007504292709812816,85.44570055689687,225.1774616744932,0.0,Biotechnology,Healthcare,BNTX
2021Q4,2021,Q4,2021-12-31,2021-12-31,3166200000.0,5532500000.0,4717300000.0,12.19,4677800000.0,0.8455128784,15830800000.0,11893700000.0,15072300000.0,3481600000.0,3937100000.0,502500000.0,9882900000.0,55543525600.0,54152325600.0,48.74467213114754,4.329130284926471,0.019045152487555905,0.025349554806326037,0.2598139996609679,48.74467213114754,0.26620816062285074,10.039498526886579,4.385661486955972,4.669995510228104,0.0,1.7008955223880597,0.0,0.3494769689466104,4.152228860294118,0.2000025267200647,-219.6264357453539,0.845512878445549,-0.07930513595166168,2178.350039101756,79.65110416630789,40.548200109896115,0.013497995883436248,-0.013952039862971038,-0.0013125860061395152,2178.350039101756,79.65110416630789,40.548200109896115,Biotechnology,Healthcare,BNTX
2021Q3,2021,Q3,2021-09-30,2021-09-30,3211000000.0,6087300000.0,4723500000.0,13.24,4615500000.0,0.7582179291311418,14232600000.0,8711500000.0,13551400000.0,4902600000.0,5521100000.0,393400000.0,6716700000.0,57088315867.24153,54982315867.24153,35.921199818792054,2.7641251580793864,0.020143895001616008,0.03291052057624978,0.36113831013478115,35.921199818792054,0.3685932388222465,9.378265547490928,4.444745863223414,6.553213093869199,0.0,3.7412302999491613,0.0,0.42770119303570675,2.651511442907845,0.225608813568849,39.11498175213534,0.7582179291311418,0.22934076137418763,129.18737880151178,278.17256054803386,0.0,0.09278814281655459,0.15205223880597016,0.12507145579268292,129.18737880151178,278.17256054803386,0.0,Biotechnology,Healthcare,BNTX
2021Q2,2021,Q2,2021-06-30,2021-06-30,2787200000.0,5308500000.0,4198400000.0,10.77,4223600000.0,0.795629650560422,9148800000.0,5482800000.0,8439500000.0,3163300000.0,3666000000.0,305400000.0,3505700000.0,46125060833.47619,45467760833.47619,22.46468716749242,2.6679417064458004,0.02806925498426023,0.04683738235937842,0.506806152314898,22.46468716749242,0.5083533960749982,8.688906627762304,4.137222017928044,8.412683452519914,0.0,3.552390307793058,0.0,0.5802400314795383,2.518730439730661,0.30465197621546,-353.7197916677622,0.795629650560422,1.4533029612756265,53.32129782335627,192.5593110258929,12.406849579864325,1.3266677684129344,1.4707029518659693,1.5258091685717723,53.32129782335627,192.5593110258929,12.406849579864325,Biotechnology,Healthcare,BNTX
2021Q1,2021,Q1,2021-03-31,2021-03-31,1128100000.0,2048400000.0,1662200000.0,4.39,1815300000.0,0.8862038664323374,4204700000.0,2519600000.0,3536000000.0,1311100000.0,1685100000.0,146900000.0,718500000.0,22535594436.875,21898694436.875,10.363393316195372,2.696972008237358,0.0605512878445549,0.10104778536275599,0.411567067999366,10.363393316195372,0.4477297983806953,11.00155947904462,4.994148221982758,8.944115906046594,0.0,1.586793737236215,0.0,0.48716912027017384,2.5078178628632446,0.2682950032106928,-66.18383094530103,0.8862038664323374,1.966216216216216,26.89742563204251,72.08082745083746,0.0,37.264370481229314,2.0745791906506192,5.807161812403761,26.89742563204251,72.08082745083746,0.0,Biotechnology,Healthcare,BNTX
2020Q4,2020,Q4,2020-12-31,2020-12-31,366912000.0,345442000.0,244184000.0,1.48,47441000.0,0.13733419792613522,2318620000.0,1371846000.0,1666896000.0,606014000.0,946774000.0,64120000.0,-409629000.0,15768265233.599998,14567198233.599998,5.827723024638913,2.750589920364876,0.0039428625648014765,0.006664013307616161,0.3155193306375658,5.827723024638913,0.2674585922909714,45.64663600141268,10.74390128532182,11.49419485394133,0.0,4.647551466001247,0.0,0.14898603479656003,2.4979769444270263,0.15824585313677964,75.18400046536243,0.13733419792613522,2.6818181818181817,262.5382373857918,4.219722347403349,3.9673408769945575,1.2839282294359857,2.7469338005637236,2.310126514362975,262.5382373857918,4.219722347403349,3.9673408769945575,Biotechnology,Healthcare,BNTX
2020Q3,2020,Q3,2020-09-30,2020-09-30,-210032000.0,67458000.0,-186382000.0,-0.88,-167088000.0,-2.4769189718046785,1449252000.0,927683000.0,1091839000.0,268480000.0,521569000.0,12368000.0,-776541000.0,14101986619.278627,13287146619.278627,3.886841247680553,4.0667424016686535,0.12118044342874808,0.18931143504839476,-0.1709583579946439,3.886841247680553,-0.22640492495820233,209.0483948424001,-16.78552151491038,15.2012989558703,0.0,18.96393919793014,0.0,0.04654677033393778,3.7850044696066747,-0.14492441618158886,-66.26873411315144,-2.4769189718046785,-1.3157894736842106,-7.5198066877825545,2.1435530714136974,0.0,-1.8277344344971145,-1.3787261031077285,-1.3026611647846607,-7.5198066877825545,2.1435530714136974,0.0,Biotechnology,Healthcare,BNTX
2020Q2,2020,Q2,2020-06-30,2020-06-30,-88296000.0,41762000.0,-80942000.0,-0.38,-59089000.0,-1.4148987117475216,973447000.0,601934000.0,621116000.0,208566000.0,371513000.0,8615000.0,-566509000.0,13802536620.367416,13299814620.367416,2.583730913465549,2.978030935051734,0.07220629371706934,0.11677193845172394,-0.11747444888445366,2.583730913465549,-0.14668717832852107,330.5046841714338,-39.08029984474783,22.930315649834395,0.0,11.706442251886244,0.0,0.04290115435149525,2.806190846063117,-0.09070447594989763,-422.0959211121534,-1.4148987117475216,-0.5833333333333334,-0.7364082462846827,0.595232431156248,0.5419619001774265,-0.3646105170781275,-0.6539167572022627,-0.365487457192503,-0.7364082462846827,0.595232431156248,0.5419619001774265,Biotechnology,Healthcare,BNTX
2020Q1,2020,Q1,2020-03-31,2020-03-31,-53386000.0,27663000.0,-59277000.0,-0.24,-43301000.0,-1.5653038354480715,732208000.0,448130000.0,492855000.0,142043000.0,284078000.0,9629000.0,-478213000.0,11903552115.888992,11518596115.888992,2.0092950645206424,3.4697591574382405,0.09101375565413107,0.1487090799544775,-0.11516943283432488,2.0092950645206424,-0.11913060942137327,430.30590015142946,-55.74285447443614,26.562720897706,0.0,7.36982033440648,0.0,0.03778024823547407,3.279295706229804,-0.0729109761160763,-188.63686537706593,-1.5653038354480715,0.14285714285714296,-0.3359976523422832,0.07586377061022866,0.0,-0.03405373134328358,0.08307713446576095,-0.11963810135428668,-0.3359976523422832,0.07586377061022866,0.0,Biotechnology,Healthcare,BNTX
2019Q4,2019,Q4,2019-12-31,2019-12-31,-58223000.0,27988000.0,-52943000.0,-0.28,-41875000.0,-1.4961769329712733,797647000.0,493492000.0,560151000.0,138142000.0,304155000.0,11722000.0,-424827000.0,6396892286.400001,5946647286.400001,2.3332955082742317,4.054892791475439,0.08638407716696735,0.13962536373436651,-0.09366212499096564,2.3332955082742317,-0.1179816491452749,228.55839239674148,-27.46720491214812,12.962504531785724,0.0,5.959989762839106,0.0,0.0350882031775961,3.916506203761347,-0.07299344196116829,-87.4501672804823,-1.4961769329712733,-1.153846153846154,-45.19169965576958,-0.5293043174012865,0.9888169199799127,-0.6128100446772454,-0.9341261668272265,-0.4357813093236427,-45.19169965576958,-0.5293043174012865,0.9888169199799127,Biotechnology,Healthcare,BNTX
2019Q3,2019,Q3,2019-09-30,2019-09-30,-30103000.0,28662000.0,-36874000.0,-0.13,-25964000.0,-0.9058683971809365,738408000.0,416405000.0,501295000.0,128123000.0,322003000.0,10869000.0,-366604000.0,2987057716.4673023,2591562716.4673023,1.8146986876312459,3.912607416310889,0.09183676233193573,0.1628534719804037,-0.07617189370679067,1.8146986876312459,-0.07229259975264465,104.21665328544073,-24.806977016138777,7.173443442003103,0.0,5.025853344373908,0.0,0.03881593915558878,3.692865449607018,-0.04076743480569008,-42.36600738188668,-0.9058683971809365,0.40909090909090906,-0.27012199326122,0.3892653759593158,0.0,0.21573128737993114,0.39894976439581503,0.22965717508930997,-0.27012199326122,0.3892653759593158,0.0,Biotechnology,Healthcare,BNTX
2019Q2,2019,Q2,2019-06-30,2019-06-30,-50084000.0,25785000.0,-47867000.0,-0.22,-33106000.0,-1.283924762458794,722369000.0,384490000.0,504322000.0,135993000.0,337879000.0,7279000.0,-336501000.0,2896514081.520128,2672957081.520128,1.6756126809412417,3.7084408756333045,0.08490536000299016,0.159517802803714,-0.10739559819157593,1.6756126809412417,-0.13026086504200368,112.33329771262858,-14.458280496366742,7.533392497906649,0.0,8.090534414067866,0.0,0.03569505335915578,3.565301155206518,-0.06933298632693263,-47.45427572201133,-1.283924762458794,-0.22222222222222227,0.0,0.0,0.0,0.034585326023562346,-0.2321999704767997,-0.09198129348693966,0.0,0.0,0.0,Biotechnology,Healthcare,BNTX
2019Q1,2019,Q1,2019-03-31,2019-03-31,-40646000.0,26154000.0,-43835000.0,-0.18,-34292000.0,-1.3111569931941576,,,,,,,,2883199147.9872,,,0.0,0.0,0.0,0.0,,0.0,110.2393189564579,-17.73359708204497,0.0,0.0,0.0,0.0,0.0,0.0,0.0,-44.40883414434107,-1.3111569931941576,-28.999999999999996,0.0,0.0,0.0,-5.567394778902504,-29.06360946745562,-17.28744263662912,0.0,0.0,0.0,Biotechnology,Healthcare,BNTX
2018Q4,2018,Q4,2018-12-31,2018-12-31,-1352000.0,63779000.0,-2397000.0,-0.006,7508000.0,0.11771899841640665,652986000.0,266153000.0,448961000.0,126121000.0,385986000.0,5789000.0,-245771000.0,2821884728.0109563,2464607728.0109563,1.1732077924486877,3.5597640361240397,0.08303087661910057,0.20370989618753124,-0.007569308553362976,1.1732077924486877,-0.005079784935732455,44.24473146350611,-521.7982115404875,10.60249077790202,0.0,9.72033166349974,0.0,0.09767284444076903,3.490861950032112,-0.002070488494393448,-117.97176956567543,0.11771899841640665,0.94,0.0,0.0,0.0,1.4948589506986554,0.9423011266643906,0.8891765684960007,0.0,0.0,0.0,Biotechnology,Healthcare,BNTX
2018Q3,2018,Q3,2018-09-30,2018-09-30,-23432000.0,20397000.0,-21629000.0,-0.1,-15172000.0,-0.7438348776780899,,,,,,,,2791841308.317645,,,0.0,0.0,0.0,0.0,,0.0,136.8750947844117,-29.7866305513576,0.0,0.0,0.0,0.0,0.0,0.0,0.0,369.8292897493238,-0.7438348776780899,0.0,0.0,0.0,0.0,0.0,0.0,0.0,0.0,0.0,0.0,Biotechnology,Healthcare,BNTX
