Quarters,Year,Quarter,FillingDate,Date,NetIncome,Revenue,OperatingIncome,EPSDiluted,GrossProfit,GrossProfitRatio,TotalAssets,CommonStockEquity,CurrentAssets,CurrentLiability,TotalLiability,Inventory,RetainedEarnings,MarketCap,EnterpriseValue,bookValuePerShare,currentRatio,debtToAssets,debtToEquity,roic,shareholdersEquityPerShare,roe,priceToSalesRatio,peRatio,pbRatio,payoutRatio,inventoryTurnover,dividendYield,assetTurnover,quickRatio,returnOnAssets,priceToFreeCashFlowsRatio,grossProfitMargin,epsdilutedGrowth,fiveYNetIncomeGrowthPerShare,fiveYRevenueGrowthPerShare,fiveYShareholdersEquityGrowthPerShare,grossProfitGrowth,netIncomeGrowth,operatingIncomeGrowth,threeYNetIncomeGrowthPerShare,threeYRevenueGrowthPerShare,threeYShareholdersEquityGrowthPerShare,Industry,Sector,Symbol
2023Q1,2023,Q1,2023-04-28,2023-03-31,-41137000.0,-33924000.0,-10999000.0,-0.76,-38100000.0,1.1230986912,3869858000.0,854828000.0,296262000.0,12806000.0,3015030000.0,0.0,-448001000.0,652346880.0,373318880.0,15.881911414982165,23.13462439481493,0.0,0.0,-0.012686504005124914,15.881911414982165,-0.04812313120300224,-19.229656880084896,-3.9644777207866393,0.7631323260351789,-0.557867613097698,0.0,0.03517913659677502,-0.008766213127200016,32.14001249414337,-0.010630105807499913,174.56432432432433,1.1230986911920764,-2.9487179487179485,-1.3212543790438278,-1.2436593778883296,-0.45591230747757683,-2.1431486093192116,-3.1687579080556727,-1.1626854412874026,0.8217860718982213,-1.199493284165039,-0.33764675744726197,REIT—Mortgage,Real Estate,DX
2022Q4,2022,Q4,2023-02-27,2022-12-31,18968000.0,51624000.0,67609000.0,0.39,33329000.0,0.6456105687,3605234000.0,901328000.0,357643000.0,16450000.0,2703906000.0,0.0,-383219000.0,617441520.0,285406520.0,18.568385488556068,21.741215805471125,0.0,0.0,0.03286818098157193,18.568385488556068,0.021044503221912557,11.960357973035798,8.137936524673135,0.6850353256528144,1.071014339940953,0.0,0.03290190138168875,0.014319181501117542,21.900303951367782,0.005261239631047527,20.53074150428942,0.6456105687277235,1.2954545454545454,-0.6832968750439997,-0.2675219503534432,-0.4066852542740504,1.7817836367048228,1.316365334578691,3.0247065165309057,-0.8373730817573845,-0.5876902595255011,-0.26916133193066144,REIT—Mortgage,Real Estate,DX
2022Q3,2022,Q3,2022-10-31,2022-09-30,-59956000.0,-36095000.0,-33392000.0,-1.32,-42632000.0,1.1811054163,4049565000.0,771267000.0,279548000.0,4909000.0,3278298000.0,0.0,-405241000.0,528302475.8,267917475.8,17.007795650387145,56.94601751884294,0.0,0.0,-0.05561543149468844,17.007795650387145,-0.07773702232819503,-14.636444820612274,-2.2028757580559075,0.6849800079609266,-0.32248649009273467,0.0,0.03659835205337874,-0.00891330303378264,128.7141984110817,-0.014805540842041059,20.688536802944864,1.1811054162626402,-2.9130434782608696,-3.1299125419147336,-1.9446545465739504,-0.46095958813105303,-2.1574717636837533,-3.0437687482956095,-1.993868682659682,0.12683583970713144,0.4144045170788903,-0.29652055352759304,REIT—Mortgage,Real Estate,DX
2022Q2,2022,Q2,2022-08-01,2022-06-30,29336000.0,36832000.0,33598000.0,0.69,36832000.0,1.0,3204337000.0,842366000.0,341292000.0,1811000.0,2361971000.0,0.0,-338689000.0,623908795.92,298229795.91999996,21.49427417548308,188.4549972390944,0.0,0.0,0.03409065306884926,21.49427417548308,0.03482571708734683,16.93931352953953,5.316921154213253,0.7406623675694413,0.5622102536133079,0.0,0.026434953486558627,0.011494421466905635,188.4549972390944,0.009155091989388133,17.239811990052498,1.0,-0.7781350482315113,2.6524160633966662,0.2455579877911316,-0.2908658253072959,-0.7044905687625863,-0.7459228657295537,-0.7175618080482864,1.15439132431889,1.2006285605694573,-0.11884814772779155,REIT—Mortgage,Real Estate,DX
2022Q1,2022,Q1,2022-05-02,2022-03-31,115461000.0,124639000.0,118957000.0,3.11,124639000.0,1.0,3849222000.0,785633000.0,474362000.0,1524000.0,3063589000.0,0.0,-350597000.0,594950913.0,137993913.0,21.39210869653712,311.26115485564304,0.0,0.0,0.14915734337614628,21.39210869653712,0.1469655678923874,4.773392862587151,1.2882075181230026,0.7572885978567601,0.14050631815071757,0.0,0.027267795788725853,0.03238030957944229,311.26115485564304,0.029995931645407824,17.21900072354712,1.0,8.147058823529411,4.693825117186515,3.161840020470076,-0.2880336673533595,5.0127840223841,8.15267538644471,6.674150054835172,2.3735320422831547,-0.10224920662810978,-0.1929715076179889,REIT—Mortgage,Real Estate,DX
2021Q4,2021,Q4,2022-02-28,2021-12-31,12615000.0,20729000.0,15501000.0,0.34,20729000.0,1.0,3639738000.0,771279000.0,382978000.0,1365000.0,2868459000.0,0.0,-451452000.0,611001150.0,244978150.0,21.093367974839328,280.5699633699634,0.0,0.0,0.018034824702993175,21.093367974839328,0.016355949014558935,29.475669352115393,12.108623662306778,0.7921921250286861,1.2759413396749901,0.0,0.02634364927136389,0.005695190148301883,280.5699633699634,0.003465908809919835,15.976392375274553,1.0,-0.02857142857142844,-0.9181536199129843,-0.8721573215071665,-0.2602778386653302,0.0,-0.10104753082020951,0.0,1.089148065161663,1.1545045722913827,-0.18812186737292116,REIT—Mortgage,Real Estate,DX
2021Q3,2021,Q3,2021-11-02,2021-09-30,14033000.0,20912000.0,0.0,0.35,0.0,0.0,3354110000.0,773511000.0,0.0,0.0,2580599000.0,0.0,-449223000.0,603486720.0,220690720.0,22.148407971595464,0.0,0.0,0.0,0.0,22.148407971595464,0.018141952732411044,28.858393267023718,10.751206441958242,0.7801915163455982,1.0967006342193402,0.0,0.02550180391707708,0.0062347388726070405,0.0,0.004183822236002993,14.765284791544333,0.0,1.2447552447552446,-0.5521995664287934,-0.4386873193884119,-0.2668654501290193,0.0,1.3206883155465161,0.0,-0.6978090545786805,-0.6152527136810862,-0.22051342966651669,REIT—Mortgage,Real Estate,DX
2021Q2,2021,Q2,2021-08-02,2021-06-30,-43759000.0,13947000.0,0.0,-1.43,0.0,0.0,3474295000.0,755629000.0,0.0,0.0,2718666000.0,0.0,-447602000.0,596634840.0,247253840.0,23.63260774379183,0.0,0.0,0.0,0.0,23.63260774379183,-0.05791069426927765,42.77872230587223,-3.4086407367627234,0.7895870063218855,-0.3219680522863868,0.0,0.02361410875704141,0.004014339599832484,0.0,-0.01259507324507562,15.840563918757468,0.0,-1.3404761904761904,-5.935236426108514,57.53987766212711,-0.21278572275978894,0.0,-1.3710622493195057,0.0,-2.640773782406597,-0.5901226738352979,-0.18215118326643745,REIT—Mortgage,Real Estate,DX
2021Q1,2021,Q1,2021-03-31,2021-03-31,117929000.0,123777000.0,0.0,4.2,0.0,0.0,2901108000.0,731276000.0,0.0,0.0,2169832000.0,0.0,-389307000.0,507115770.0,178179770.0,27.297622158348577,0.0,0.0,0.0,0.0,27.297622158348577,0.16126469349465866,4.097011318742577,1.0750446667062385,0.693466994677796,0.1129493169619008,0.0,0.02626619164298519,0.042665423003900575,0.0,0.040649641447336675,16.79803140216635,0.0,1.625,2.9225174694297014,0.8073334969706135,-0.0776463668528717,0.0,1.9157147802007615,0.0,0.8503612418163031,0.7862222567237217,-0.06482917179137757,REIT—Mortgage,Real Estate,DX
2020Q4,2020,Q4,2020-12-31,2020-12-31,40446000.0,47658000.0,0.0,1.6,0.0,0.0,3087754000.0,633453000.0,0.0,0.0,2454301000.0,0.0,-491104000.0,414063600.0,118572600.0,27.2312354913593,0.0,3.594845962469808e-05,0.00017523004863817835,0.0,27.2312354913593,0.06385004096594381,8.688228628981493,2.559360628986797,0.6536611240297228,0.3037630420807991,0.0,0.02967177023046701,0.015434519718863613,0.0,0.013098841423248096,9.415672184828088,0.0,-0.012345679012345689,-0.12169062491508759,-0.08101383849960594,-0.0905128196768375,0.0,-0.006850828729281768,0.0,0.4091851335026897,0.4110436319230835,-0.1298816167233886,REIT—Mortgage,Real Estate,DX
2020Q3,2020,Q3,2020-09-30,2020-09-30,40725000.0,45533000.0,0.0,1.62,0.0,0.0,3215039000.0,603553000.0,0.0,0.0,2611486000.0,0.0,-519205000.0,351974610.0,193722610.0,26.08154358065771,0.0,0.00020061965033705656,0.0010686716825200108,0.0,26.08154358065771,0.06747543297771695,7.730099268662289,2.160679005524862,0.5831710056946118,0.30096992019643953,0.0,0.03482353457256476,0.014162503160925885,0.0,0.012667031410816479,7.568207151611586,0.0,-0.8050541516245487,1.8372791761382283,0.2723846039026821,-0.13059964689033216,0.0,-0.7909801989344994,0.0,1.8350766896043567,1.3352148112928586,-0.17337870921705253,REIT—Mortgage,Real Estate,DX
2020Q2,2020,Q2,2020-06-30,2020-06-30,194838000.0,199539000.0,0.0,8.31,0.0,0.0,3897628000.0,567469000.0,0.0,0.0,3330159000.0,0.0,-547653000.0,329715100.0,183754100.0,24.611571323242398,0.0,0.00032891799833129276,0.0022591542445490414,0.0,24.611571323242398,0.3433456276906756,1.652384245686307,0.42306313450148325,0.5810275098727861,0.06603947895174453,0.0,0.03902460032919329,0.051194983205169915,0.0,0.04998886502252139,8.349754355753646,0.0,2.7948164146868253,4.046340414903287,3.5521216910068723,-0.22170445597664115,0.0,2.978472567755562,0.0,19.653804444353824,10.469426063068312,-0.18802067119319835,REIT—Mortgage,Real Estate,DX
2020Q1,2020,Q1,2020-03-31,2020-03-31,-98479000.0,72549000.0,0.0,-4.63,0.0,0.0,5374218000.0,550607000.0,0.0,0.0,4823611000.0,0.0,-729313000.0,239733720.0,190493720.0,23.978008099986937,0.0,0.0004039657490633986,0.003942921176083849,0.0,23.978008099986937,-0.17885533602006512,3.3044386552536906,-0.6085909686329064,0.4353989687744616,-0.15259090770621148,0.0,0.06268204572973715,0.013499452385444729,0.0,-0.018324340397058696,5.450847411382187,0.0,-3.0486725663716814,-7.270507783268561,1.5021204117323905,-0.27658786659485884,0.0,-2.78614310329192,0.0,-8.76693971358853,2.87436338496027,-0.2019704680220413,REIT—Mortgage,Real Estate,DX
2019Q4,2019,Q4,2019-12-31,2019-12-31,55135000.0,59187000.0,0.0,2.26,0.0,0.0,5370604000.0,582988000.0,0.0,0.0,4787616000.0,0.0,-612201000.0,388705240.0,328856240.0,25.406955460646735,0.0,0.0005088813101841059,0.004687918104660817,0.0,25.406955460646735,0.09457313015019177,6.567409059421832,1.7625158247936883,0.6667465539599443,0.24824521628729482,0.0,0.03521177126400457,0.011020548154360292,0.0,0.01026607063190658,7.306214803954738,0.0,2.3696969696969696,10.935780597785556,4.9997495111407835,-0.23669293766450658,0.0,2.5062561468691946,0.0,-0.4299693751907309,-0.4183222849035616,-0.10900487638098717,REIT—Mortgage,Real Estate,DX
2019Q3,2019,Q3,2019-09-30,2019-09-30,-36604000.0,-32858000.0,0.0,-1.65,0.0,0.0,5487401000.0,584447000.0,0.0,0.0,4902954000.0,0.0,-653649000.0,357291720.0,318460720.0,24.176677422023662,0.0,0.0005375951201670882,0.005047506446264589,0.0,24.176677422023662,-0.06263014439290475,-10.873812161421876,-2.440250519068954,0.6113329694565974,-0.4317014533930718,0.0,0.04422716540982254,-0.005987898460491588,0.0,-0.006670553145286812,9.60100284839039,0.0,0.6686746987951808,-1.8949759422699006,-1.7327589029358375,-0.2816986440827052,0.0,0.6923645837710636,0.0,-2.687477508201593,-2.2741655838498875,-0.19972769411225477,REIT—Mortgage,Real Estate,DX
2019Q2,2019,Q2,2019-06-30,2019-06-30,-118985000.0,-114960000.0,0.0,-4.98,0.0,0.0,5868885000.0,598638000.0,0.0,0.0,5270247000.0,0.0,-602127000.0,407871420.0,360993420.0,24.393382502750498,0.0,0.0005244607791769646,0.005141671594519559,0.0,24.393382502750498,-0.1987595174379174,-3.5479420668058457,-0.856980753876539,0.6813323243763344,-0.13666428541412784,0.0,0.03986795642607172,-0.019588047814874547,0.0,-0.020273868034558523,9.138747059218929,0.0,-1.0493810293160255,-13.739204454460678,-3.4176312411242846,-0.27418585114976446,0.0,-1.2787949592063432,0.0,-23.569188502767826,-629.6696287043228,-0.18744392559085105,REIT—Mortgage,Real Estate,DX
2019Q1,2019,Q1,2019-03-31,2019-03-31,-52214000.0,86236000.0,0.0,-2.430002,0.0,0.0,5035133000.0,604674000.0,0.0,0.0,4430459000.0,0.0,-466644000.0,415400019.03000003,362717019.03000003,26.507253335500646,0.0,0.0006393078395347253,0.005323529703608887,0.0,26.507253335500646,-0.08635066167885505,4.817013996822673,-1.988930263099935,0.6869817770071146,-0.4269353047075497,0.0,0.053663935914240006,0.017126856430604714,0.0,-0.010369934617417255,10.307948560262043,0.0,0.3955224920174209,-55.78217698893203,19.999105175460716,-0.1942418045742475,0.0,0.33503986144010595,0.0,0.0003762183371938357,0.4787231950166985,-0.10435197333578121,REIT—Mortgage,Real Estate,DX
2018Q4,2018,Q4,2018-12-31,2018-12-31,-78522000.0,-74448000.0,0.0,-4.020004,0.0,0.0,3886089000.0,527153000.0,0.0,0.0,3358936000.0,0.0,-399021000.0,348176039.64,317036039.64,25.980953454905006,0.0,0.0008898406598510739,0.006559765381208112,0.0,25.980953454905006,-0.14895485750816176,-4.676768209219858,-1.1085302196836555,0.6604838436658806,-0.17322533812180027,0.0,0.03906644470441998,-0.019157564327528267,0.0,-0.020205919113020828,8.289905705714286,0.0,-4.435897918035967,-4.255593651696521,-3.825722933768796,-0.19573637449136766,0.0,-4.068943953724693,0.0,-2.9549189099376676,-2.6458552901827286,-0.13227058290077692,REIT—Mortgage,Real Estate,DX
2018Q3,2018,Q3,2018-09-30,2018-09-30,25586000.0,29947000.0,0.0,1.170001,0.0,0.0,3448179000.0,546753000.0,0.0,0.0,2901426000.0,0.0,-306208000.0,368875159.38000005,317333159.38000005,28.414098221243037,0.0,0.0010756402147336318,0.00678368477173422,0.0,28.414098221243037,0.046796268150334795,12.317599738872008,3.6042675621433604,0.6746650852944566,0.5153208786054874,0.0,0.03574380021186885,0.008684873958109483,0.0,0.007420148431969454,8.092029382033564,0.0,0.6956511657229484,6.259299399584954,36.37862746078779,-0.10502810991322731,0.0,0.6346792742141579,0.0,1.6326105315822053,0.006399211365233925,-0.052846433323769926,REIT—Mortgage,Real Estate,DX
2018Q2,2018,Q2,2018-06-30,2018-06-30,15652000.0,19970000.0,0.0,0.690001,0.0,0.0,3082777000.0,542234000.0,0.0,0.0,2540543000.0,0.0,-318215000.0,367605977.79,206872977.79000002,28.896059100725974,0.0,0.001425013875476559,0.008101668283434827,0.0,28.896059100725974,0.028865766440319126,18.407910755633452,5.871549606919244,0.6779471183843138,0.8319064656273959,0.0,0.03542107796581705,0.006477925584627107,0.0,0.00507724042316392,7.196812345386559,0.0,-0.6891890187486317,-0.5152941203315837,-0.2032118319804239,-0.1280009096810635,0.0,-0.6467375358295528,0.0,-0.5018875571172878,-0.44021815721852353,-0.08621543327905652,REIT—Mortgage,Real Estate,DX
2018Q1,2018,Q1,2018-03-31,2018-03-31,44307000.0,48174000.0,0.0,2.220002,0.0,0.0,3205672000.0,543624000.0,0.0,0.0,2662048000.0,0.0,-320682000.0,370424358.72,347642358.72,29.189984690432293,0.0,0.001650200020463728,0.009730990537577443,0.0,29.189984690432293,0.08150302414904419,7.689300425955911,2.09010065407272,0.6813980963312878,0.2930011059200578,0.0,0.03504629135313685,0.015027738333803333,0.0,0.01382143899937361,8.841520878365477,0.0,1.055555504115274,1.1966616583567078,0.957579323249413,-0.16573529635793038,0.0,1.017439213186413,0.0,5.588014282761082,1.048582010833337,-0.1193434829567624,REIT—Mortgage,Real Estate,DX
2017Q4,2017,Q4,2017-12-31,2017-12-31,21962000.0,25844000.0,0.0,1.080001,0.0,0.0,3305778000.0,557058000.0,0.0,0.0,2748720000.0,0.0,-351970000.0,374326597.44,338979597.44,31.296012145858164,0.0,0.0016698035984267546,0.00990920155531381,0.0,31.296012145858164,0.039424979086558315,14.484081312490327,4.261071366906475,0.6719705981064809,0.5488115836444768,0.0,0.03219915464845361,0.007817826847416855,0.0,0.006643519316784128,7.740577709216485,0.0,1.4000022222222224,0.14253400119208837,0.14458275757728675,-0.08118077980140231,0.0,1.1299582969644069,0.0,5.129018195534203,2.377241359033381,-0.05976664024651953,REIT—Mortgage,Real Estate,DX
2017Q3,2017,Q3,2017-09-30,2017-09-30,10311000.0,13996000.0,0.0,0.45,0.0,0.0,3143278000.0,524099000.0,0.0,0.0,2619179000.0,0.0,-360973000.0,362278276.5,250282276.5,31.551986225704592,0.0,0.0018153023690554893,0.010887256033688291,0.0,31.551986225704592,0.019673763926281104,25.88441529722778,8.78378131364562,0.691240159778973,1.1189021433420618,0.0,0.03184568534293554,0.00445267647341406,0.0,0.003280333460801113,6.826551781642767,0.0,1.7499987500020833,-0.4130870507363918,-0.31731046799130175,-0.07466200391648953,0.0,2.38737890204521,0.0,-0.6331018754357376,-0.5457595528590802,-0.0625744765423443,REIT—Mortgage,Real Estate,DX
2017Q2,2017,Q2,2017-06-30,2017-06-30,-7432000.0,12379000.0,0.0,-0.600001,0.0,0.0,3060220000.0,497275000.0,0.0,0.0,2562945000.0,0.0,-359249000.0,349447437.90000004,254476437.90000004,30.310588521273,0.0,0.0019253517720948167,0.011848574732290985,0.0,30.310588521273,-0.014945452717309337,28.22905225785605,-11.754825010091496,0.7027247255542708,-1.522604951560818,0.0,0.032382552489162206,0.004045134009973139,0.0,-0.00242858356588742,6.249954176205466,0.0,-2.5384641025641024,-1.4354828065200542,-0.37493603134731096,0.04588631852569512,0.0,-1.8211247375980555,0.0,-0.3771382072220882,-0.6105794506165912,-0.09812204165466316,REIT—Mortgage,Real Estate,DX
2017Q1,2017,Q1,2017-03-31,2017-03-31,9051000.0,13367000.0,0.0,0.39,0.0,0.0,3339874000.0,492522000.0,0.0,0.0,2847352000.0,0.0,-340314000.0,348657478.40999997,288789478.40999997,30.046517251756544,0.0,0.0018189308938001852,0.012334474399113136,0.0,30.046517251756544,0.0183768440800614,26.08345016907309,9.630357927577062,0.7079023442810677,1.3949839796707546,0.0,0.036213191403720854,0.004002246791346021,0.0,0.002709982472392671,7.401237123418527,0.0,-0.9044118584197466,-0.44725952623420134,-0.31578404801024595,-0.052267074141423196,0.0,-0.8689419498704044,0.0,14.69767035687066,3.5297184030731468,-0.08665650064996326,REIT—Mortgage,Real Estate,DX
2016Q4,2016,Q4,2016-12-31,2016-12-31,69061000.0,72652000.0,0.0,4.080004,0.0,0.0,3397731000.0,467184000.0,0.0,0.0,2930547000.0,0.0,-338073000.0,335209479.0,267529479.0,28.51525758912086,0.0,0.0018953825361689904,0.01378471865474845,0.0,28.51525758912086,0.14782398369807184,4.613905728679183,1.213454333849785,0.717510614661461,0.1826646008601092,0.0,0.03763318399477599,0.02138250497170023,0.0,0.020325623187945133,6.339299500737547,0.0,4.439998080002559,3.825993919006878,3.11467258523571,0.26649366024620647,0.0,3.6980272108843537,0.0,2.546031903827356,2.4150341532493202,-0.11728472587640303,REIT—Mortgage,Real Estate,DX
2016Q3,2016,Q3,2016-09-30,2016-09-30,14700000.0,17476000.0,0.0,0.750001,0.0,0.0,3343556000.0,494919000.0,0.0,0.0,2848637000.0,0.0,-394509000.0,364670354.16,561289354.1600001,30.210563634592326,0.0,0.08075982576633979,0.5455943295771631,0.0,30.210563634592326,0.029701829996423658,20.866923447013047,6.201876771428572,0.7368283580949611,0.8581632653061224,0.0,0.03459288603006412,0.005226770540107598,0.0,0.004396516762393093,7.093925887250516,0.0,3.2727303030303028,6.8783884694817745,0.15652247156701893,0.09966029783730454,0.0,5.549675023212628,0.0,4.549153905769125,24.620881156994894,-0.048444014442665786,REIT—Mortgage,Real Estate,DX
2016Q2,2016,Q2,2016-06-30,2016-06-30,-3231000.0,122000.0,0.0,-0.33,0.0,0.0,3469073000.0,491526000.0,0.0,0.0,2977547000.0,0.0,-396594000.0,340885506.06,514508506.06,30.02055276060569,0.0,0.07798048642966003,0.5503676306034676,0.0,30.02055276060569,-0.006573406086351485,2794.143492295082,-26.37616110027855,0.6935248716446333,-3.900959455277004,0.0,0.03697429129703608,3.516789643803979e-05,0.0,-0.0009313727327156275,6.478619192656366,0.0,0.864197642635685,-1.1951644401803283,-0.9937580131217809,0.04328668735437497,0.0,0.9136811733589805,0.0,-1.1146742015231508,-0.9944211464582745,-0.09406695885868692,REIT—Mortgage,Real Estate,DX
2016Q1,2016,Q1,2016-03-31,2016-03-31,-37431000.0,41791000.0,0.0,-2.430002,0.0,0.0,3584088000.0,483799000.0,0.0,0.0,3100289000.0,0.0,-380748000.0,326122310.84999996,514322310.84999996,29.595614065298776,0.0,0.07565104428239486,0.5604393560135511,0.0,29.595614065298776,-0.07736890733548436,7.803649370677896,-2.178156547046566,0.6740863682024973,-0.37578477732360877,0.0,0.043131057066714024,0.011660148969556552,0.0,-0.0104436609815384,6.0828961417939675,0.0,-2.3278684941327934,-3.4615111734211554,1.2336977294177416,-0.14715320517389374,0.0,-2.150625557160862,0.0,-3.1142162079873907,0.9347130799884226,-0.1541422011987396,REIT—Mortgage,Real Estate,DX
2015Q4,2015,Q4,2015-12-31,2015-12-31,32531000.0,36635000.0,0.0,1.830002,0.0,0.0,3670048000.0,492025000.0,0.0,0.0,3178023000.0,0.0,-330713000.0,313048326.15000004,807555326.1500001,29.941307673719372,0.0,0.1439877625578739,1.0740145317819216,0.0,29.941307673719372,0.066116559117931,8.545061448068788,2.4057693135009686,0.6362447561607643,0.44062586455995817,0.0,0.045788457572303806,0.009982158271499446,0.0,0.008863916766211233,5.750231005124815,0.0,1.824324482590556,1.2679572154718848,1.2181153401862952,0.131770512786014,0.0,1.8797630959785814,0.0,0.833114816570848,0.757432569660844,-0.12095353106724849,REIT—Mortgage,Real Estate,DX
2015Q3,2015,Q3,2015-09-30,2015-09-30,-36977000.0,27205000.0,0.0,-2.220002,0.0,0.0,3928201000.0,527760000.0,0.0,0.0,3400441000.0,0.0,-349202000.0,346216759.2,597161759.2,29.999462833629345,0.0,0.06709967234365044,0.49943345460057603,0.0,29.999462833629345,-0.07006404426254358,12.726217945230657,-2.3407574924953347,0.6560117462482946,-0.4120128728669173,0.0,0.044004224507223105,0.006925562108456263,0.0,-0.00941321485331326,6.392362755488266,0.0,-2.4230763806713065,-2.7191816172316794,-0.03500951574275123,-0.2358283668880309,0.0,-2.2138730221259273,0.0,-2.9873218738805662,0.2529440404823038,-0.12019349198887325,REIT—Mortgage,Real Estate,DX
2015Q2,2015,Q2,2015-06-30,2015-06-30,30462000.0,34584000.0,0.0,1.560002,0.0,0.0,4169042000.0,575253000.0,0.0,0.0,3593789000.0,0.0,-297867000.0,415853460.9,476254460.9,31.622397831052897,0.0,0.02803137987096316,0.20315235209551274,0.0,31.622397831052897,0.05295409150408603,12.02444659090909,3.412887046976561,0.722905331914827,0.5078130129341475,0.0,0.03719819949681703,0.00829543094072931,0.0,0.0073067145881475885,7.2413014714076755,0.0,3.476189720333777,0.16151988763164193,0.0333121300314161,-0.16471753817004084,0.0,4.2160050675675675,0.0,0.6097628070656333,0.5748974785347502,0.0911511410364989,REIT—Mortgage,Real Estate,DX
2015Q1,2015,Q1,2015-03-31,2015-03-31,-9472000.0,23065000.0,0.0,-0.630001,0.0,0.0,4075511000.0,605461000.0,0.0,0.0,3470050000.0,0.0,-313094000.0,464155525.68,435847525.68,33.14570905400925,0.0,0.0025017721704100417,0.016840060714067462,0.0,33.14570905400925,-0.015644277666108965,20.123803411229137,-12.250726501266893,0.7666150679895154,-1.686866554054054,0.0,0.03442380649587616,0.00565941301593837,0.0,-0.0023241257353985795,9.108589930531025,0.0,-8.000011111111112,-1.4435767571991878,-0.25473618786739166,-0.14510840758748142,0.0,-3.578818404573918,0.0,-1.5190856534449273,0.05946189454544894,0.045488219423396314,REIT—Mortgage,Real Estate,DX
2014Q4,2014,Q4,2014-12-31,2014-12-31,3673000.0,7844000.0,0.0,0.09,0.0,0.0,3688311000.0,607302000.0,0.0,0.0,3081009000.0,0.0,-288154000.0,451571546.25,418413546.25,33.28536668180297,0.0,0.0029243737851824317,0.01776052112458052,0.0,33.28536668180297,0.006048061755107015,57.569039552524224,30.735879815545875,0.7435699968878746,4.350122515654778,0.0,0.035383097391070394,0.002126718706746801,0.0,0.000995848777394314,8.22519710478862,0.0,-0.9423077662720944,-0.7660646446343825,-0.7220036678152,-0.06575169377674117,0.0,-0.8810017494978293,0.0,-0.7695195294149751,-0.6010811212525465,0.4783561309141746,REIT—Mortgage,Real Estate,DX
2014Q3,2014,Q3,2014-09-30,2014-09-30,30866000.0,33841000.0,0.0,1.560002,0.0,0.0,3813511000.0,614047000.0,0.0,0.0,3199464000.0,0.0,-275848000.0,442226027.52,396781027.52,33.65812583097416,0.0,0.002935352749736398,0.018229874911855282,0.0,33.65812583097416,0.05026651054398116,13.06775885818977,3.581821644527959,0.7201827018452984,0.5175921726171192,0.0,0.03612632230082268,0.008873974665341204,0.0,0.008093853669230272,8.171816607288047,0.0,4.466671111111111,0.2733690858068236,0.35830831419266995,-0.07154454208399538,0.0,6.14519086514419,0.0,13.85470470793501,1.0110313560376334,0.22515108038413723,REIT—Mortgage,Real Estate,DX
2014Q2,2014,Q2,2014-06-30,2014-06-30,-5999000.0,35336000.0,0.0,-0.45,0.0,0.0,4115918000.0,612914000.0,0.0,0.0,3503004000.0,0.0,-290737000.0,484191845.55,459427845.55,33.6083039182856,0.0,0.0029332459976121974,0.01969770636663545,0.0,33.6083039182856,-0.009787670048326518,13.702508646988907,-20.17802323512252,0.789983334611381,-2.6619436572762125,0.0,0.03298072891306255,0.008585205050246385,0.0,-0.001457512030123049,8.703633685355287,0.0,-1.5000000000000002,-1.3258801046935549,0.4833553393058246,-0.059032478180619394,0.0,-7.1730245231607626,0.0,-1.325325015650792,0.6231373529415544,0.16796970202755912,REIT—Mortgage,Real Estate,DX
2014Q1,2014,Q1,2014-03-31,2014-03-31,-734000.0,3278000.0,0.0,-0.18,0.0,0.0,4144282000.0,599015000.0,0.0,0.0,3545267000.0,0.0,-268761000.0,488902198.8,440128198.8,32.89728045706634,0.0,0.002990626603112433,0.020690633790472694,0.0,32.89728045706634,-0.001225344941278599,149.14649139719342,-166.51982247956403,0.8161768883917765,-23.10217983651226,0.0,0.03468382846634888,0.0007909693404068546,0.0,-0.0001771114996518094,9.797050253491774,0.0,-1.1714284081634208,-1.0521770755255682,-0.8739368698064153,-0.07285445265381703,0.0,-1.0340461060346027,0.0,-1.043333757849054,-0.8427066003266647,-0.05201020210623249,REIT—Mortgage,Real Estate,DX
2013Q4,2013,Q4,2013-12-31,2013-12-31,21559000.0,23550000.0,0.0,1.050001,0.0,0.0,4217137000.0,585876000.0,0.0,0.0,3631261000.0,0.0,-252059000.0,435271560.0,378855560.0,32.304026479469506,0.0,0.003062267125777512,0.02204220688336781,0.0,32.304026479469506,0.03679788897309328,18.48286878980892,5.047446078203998,0.7429414415337033,0.7880235632450485,0.0,0.03903080642346585,0.005584357349547809,0.0,0.005112236097617886,8.575765623768618,0.0,3.6923102564102566,0.9594235114657327,0.21538345661970687,-0.0666982554667731,0.0,5.6593905338232116,0.0,0.3618629724090832,0.29195145895354097,0.2210804221424483,REIT—Mortgage,Real Estate,DX
2013Q3,2013,Q3,2013-09-30,2013-09-30,-4627000.0,762000.0,0.0,-0.39,0.0,0.0,4319644000.0,581041000.0,0.0,0.0,3738603000.0,0.0,-256660000.0,481507597.65,463047597.65,31.748592928978056,0.0,0.004895773818397998,0.03639674308697665,0.0,31.748592928978056,-0.00796329346810294,631.8997344488189,-26.016187467581585,0.828698142902136,-3.946185433326129,0.0,0.03792048160634045,0.00017640342583786998,0.0,-0.001071153085763549,8.596047445327144,0.0,-1.2407404435303167,-1.3368141067659793,-0.966077260661277,-0.07765442263623046,0.0,-1.1467305130969747,0.0,-1.2067903563066054,-0.9740181561414941,-0.19127304905115444,REIT—Mortgage,Real Estate,DX
2013Q2,2013,Q2,2013-06-30,2013-06-30,31534000.0,24475000.0,0.0,1.620002,0.0,0.0,4749271000.0,607237000.0,0.0,0.0,4142034000.0,0.0,-235045000.0,560734228.8000001,556025228.8000001,33.137717024632614,0.0,0.0051869013160125,0.04056735673221493,0.0,33.137717024632614,0.05193030068984598,22.910489430030648,4.445473368427729,0.9234190749246176,0.5430329168516522,0.0,0.030538531661686207,0.005153422493683768,0.0,0.006639755869900875,9.909766520571187,0.0,0.5882356978081394,0.6249481805548871,-0.07698379767171941,-0.05636236326604719,0.0,0.6086313319389889,0.0,0.19364656579128814,-0.274048747793118,-0.1246914922884559,REIT—Mortgage,Real Estate,DX
2013Q1,2013,Q1,2013-03-31,2013-03-31,19603000.0,23917000.0,0.0,1.020001,0.0,0.0,4628113000.0,633298000.0,0.0,0.0,3994815000.0,0.0,-248486000.0,581009390.1,565353390.1,34.98887650766042,0.0,0.00615218340606636,0.04495987670891113,0.0,34.98887650766042,0.030953832161162674,24.292736969519588,7.409699919655155,0.9174344307103449,0.8651736979033822,0.0,0.029190578136922954,0.005167764918445164,0.0,0.0042356355603244775,12.79615439048563,0.0,0.0,-0.18628626958372613,-0.40074549210905425,-0.003848743452465033,0.0,0.002557152355137319,0.0,-0.07353210732818277,-0.22009084345778118,-0.09756957361753259,REIT—Mortgage,Real Estate,DX
2012Q4,2012,Q4,2012-12-31,2012-12-31,19553000.0,22968000.0,0.0,1.020001,0.0,0.0,4280229000.0,616710000.0,0.0,0.0,3663519000.0,0.0,-250965000.0,512761381.92,487456381.92,34.061120466215,0.0,0.007126721490836121,0.04946247020479642,0.0,34.061120466215,0.03170533962478312,22.325034043887147,6.556044877000971,0.8314465176825413,0.8994527693960006,0.0,0.034298604809407995,0.005366068030472201,0.0,0.004568213523154952,9.664895802766992,0.0,0.0,1.7505884183690503,0.9903497007825416,-0.040989014554649414,0.0,0.02013878019512704,0.0,0.25492462204069927,-0.1797354062004612,-0.043977961612046666,REIT—Mortgage,Real Estate,DX
2012Q3,2012,Q3,2012-09-30,2012-09-30,19167000.0,22367000.0,0.0,1.020001,0.0,0.0,4405030000.0,617931000.0,0.0,0.0,3787099000.0,0.0,-253557000.0,588250344.9,584822344.9,34.097796004539155,0.0,0.007104378403779316,0.05064481309401859,,34.097796004539155,0.031018026284488073,26.299921531720837,7.672697147440915,0.9519676871689557,0.7799864350185214,0.0,0.025414349740060817,0.005077604465803865,0.0,0.004351162194128076,15.666205355668593,0.0,-0.02857140136057016,0.5778614549578786,0.47237510735241534,-0.03336652599675259,0.0,0.016978829521939832,0.0,-0.2039761091541457,-0.09622376341600887,-0.05941629185463657,REIT—Mortgage,Real Estate,DX
2012Q2,2012,Q2,2012-06-30,2012-06-30,18847000.0,21871000.0,0.0,1.050001,0.0,0.0,3729197000.0,525073000.0,0.0,0.0,3204124000.0,0.0,-256143000.0,564193928.34,541991928.34,28.98076777980946,0.0,0.008463216075739629,0.06010783262517783,,28.98076777980946,0.03589405663593443,25.796439501623155,7.483869161404998,1.0745056941415765,0.8073964026104951,0.0,0.026971222545361714,0.0058648014572574205,0.0,0.005053903025235728,16.371479552550635,0.0,0.06060599938787935,0.5573661639896851,0.3411637626675058,-0.1589256656408122,0.0,0.14390628793396457,0.0,0.030538832826139936,-0.07585610412259697,-0.18859454185805472,REIT—Mortgage,Real Estate,DX
2012Q1,2012,Q1,2012-03-31,2012-03-31,16476000.0,19657000.0,0.0,0.990001,0.0,0.0,3349056000.0,522897000.0,0.0,0.0,2826159000.0,0.0,-259222000.0,472533503.4,463046503.4,31.703570100760817,0.0,0.009625697509984904,0.06165076487338807,,31.703570100760817,0.03150907348866029,24.03894304319072,7.170027667516387,0.9036837147660055,0.6862709395484341,0.0,0.023928462042676825,0.005869415142655124,0.0,0.00491959525311013,19.427435077909795,0.0,0.137932183908046,1.0125583673103904,0.5090536668128025,-0.10420963959741245,0.0,0.14369012911286963,0.0,0.2930198070452935,-0.16542360766906228,-0.10649684577242387,REIT—Mortgage,Real Estate,DX
2011Q4,2011,Q4,2011-12-31,2011-12-31,14406000.0,17775000.0,0.0,0.87,0.0,0.0,2582193000.0,371349000.0,0.0,0.0,2210844000.0,0.0,-260483000.0,451751925.24,473870925.24,22.515120670700785,0.0,0.02745534512718453,0.19091205308214107,,22.515120670700785,0.038793695418595446,25.415016891139242,7.839648848396502,1.2165157984537458,0.7568374288490907,0.0,0.024134927580458272,0.006883683752531278,0.0,0.005578978798254042,26.51281913492576,0.0,6.25,0.487744460809039,-0.23168124714327681,-0.3548292814920818,0.0,8.403394255874673,0.0,0.4397403729420265,0.008725707251563875,-0.34951138633767487,REIT—Mortgage,Real Estate,DX
2011Q3,2011,Q3,2011-09-30,2011-09-30,1532000.0,12407000.0,0.0,0.12,0.0,0.0,2633686000.0,369534000.0,0.0,0.0,2264152000.0,0.0,-263582000.0,325244841.48,399101841.48,27.47263286126385,0.0,0.03189939878937732,0.22734849837903956,,27.47263286126385,0.0041457619596572985,26.214624121866688,53.075202591383814,0.8801486236178538,7.110313315926893,0.0,0.03349169182955307,0.0047108880861272,0.0,0.0005816942490486717,16.004568520814882,0.0,-0.8823530565166112,3.1507592055177738,3.501061438129746,-0.1739153203857193,0.0,-0.8873032220097101,0.0,-0.8482678142646544,-0.24849668338954037,-0.20187765565518212,REIT—Mortgage,Real Estate,DX
2011Q2,2011,Q2,2011-06-30,2011-06-30,13594000.0,16049000.0,0.0,1.020001,0.0,0.0,2656703000.0,386860000.0,0.0,0.0,2269843000.0,0.0,-254211000.0,390423023.76,462431023.76,28.77497923100456,0.0,0.039892679008530496,0.2739569870237295,,28.77497923100456,0.03513932688828,24.326937738176834,7.18006149330587,1.009210111564907,0.8007209062821833,0.0,0.027880015617857627,0.006040946240509383,0.0,0.005116868539689984,20.199866709437085,0.0,0.09677408949022633,1.7614207927233978,0.9339875203684138,-0.021023443120000207,0.0,0.32237354085603115,0.0,-0.04521727959533003,-0.17504276925069576,-0.18059673880280666,REIT—Mortgage,Real Estate,DX
2011Q1,2011,Q1,2011-03-31,2011-03-31,10280000.0,12648000.0,0.0,0.930001,0.0,0.0,2359816000.0,383493000.0,0.0,0.0,1976323000.0,0.0,-256913000.0,333518817.84,389901817.84,34.702146088657415,0.0,0.045013255270749924,0.2769881066929514,,34.702146088657415,0.02680622592850456,26.369292998102466,8.110866192607004,0.8696868465395717,0.796887159533074,0.0,0.024562332203785793,0.005359739911925337,0.0,0.004356271844923503,23.904731783256878,0.0,0.06896666666666663,2.104121164355627,0.9135218187508128,0.035363312148142576,0.0,0.0657267261040846,0.0,-0.30109325682365284,-0.4809568370019092,-0.012012105517483374,REIT—Mortgage,Real Estate,DX
2010Q4,2010,Q4,2010-12-31,2010-12-31,9646000.0,11107000.0,0.0,0.87,0.0,0.0,1649584000.0,292357000.0,0.0,0.0,1357227000.0,0.0,-256307000.0,362030366.88,450299366.88,26.455281645405822,0.0,0.06492849106198896,0.3663500446372073,,26.455281645405822,0.03299390813286496,32.59479309264428,9.38291433962264,1.2383160549602028,0.5943396226415094,0.0,0.01583568817557308,0.006733212737271943,0.0,0.005847534893645913,38.08841313834824,0.0,-0.12121300887574864,2.6995613795319664,0.13510260925231943,-0.2829306663328111,0.0,0.37368271147821136,0.0,1.2232096573970783,0.5769718218873918,-0.255135903524954,REIT—Mortgage,Real Estate,DX
2010Q3,2010,Q3,2010-09-30,2010-09-30,7022000.0,9204000.0,0.0,0.990001,0.0,0.0,1091835000.0,225474000.0,0.0,0.0,866361000.0,0.0,-257761000.0,185743625.76000002,276576625.76,39.257493387265946,0.0,0.09894077401805218,0.47911067351446285,,39.257493387265946,0.03114328037822543,20.180750299869626,6.612917465109656,0.8237917709358951,0.63970378809456,0.0,0.024183871622082628,0.008429845168912885,0.0,0.006431374704053268,24.57576419158508,0.0,-0.13157883194839304,3.610326727415917,1.5320890069335287,0.06442613306298836,0.0,-0.03371404981422871,0.0,0.8239600470135982,0.9117324431770357,0.11290498683670772,REIT—Mortgage,Real Estate,DX
2010Q2,2010,Q2,2010-06-30,2010-06-30,7267000.0,9274000.0,0.0,1.140001,0.0,0.0,983438000.0,190831000.0,0.0,0.0,792607000.0,0.0,-259050000.0,139575903.09,109296903.09,37.858328500964454,0.0,0.0,0.0,0.0,37.858328500964454,0.038080814961929665,15.050237555531593,4.801703009838998,0.7314110552792786,0.6138709233521398,0.0,0.03196110432560483,0.009430182685639563,0.0,0.007389382960593347,18.851418569692058,0.0,0.26666637037069957,-0.39075905162519736,-0.4450717426997425,0.004094307392514444,0.0,0.3124435614953946,0.0,1.1583703856202296,1.0441020353288752,0.09871721432045145,REIT—Mortgage,Real Estate,DX
2010Q1,2010,Q1,2010-03-31,2010-03-31,5537000.0,8025000.0,0.0,0.900001,0.0,0.0,994458000.0,183644000.0,0.0,0.0,810814000.0,0.0,-261826000.0,127886364.0,298678364.0,38.77182715117305,0.0,0.20262896975035646,1.0972642721787806,,38.77182715117305,0.030150726405436607,15.93599551401869,5.774172114863645,0.6963819346126201,0.7597977243994943,0.0,0.03289639230027683,0.008069722401549387,0.0,0.005567857063847844,22.820550321199143,0.0,0.3636378787878788,4.604401554343528,0.6725287535905148,0.19844433936788705,0.0,0.3584396467124632,0.0,1.3551508464683895,1.1452602833850853,0.09550529819929193,REIT—Mortgage,Real Estate,DX
2009Q4,2009,Q4,2009-12-31,2009-12-31,4076000.0,7325000.0,0.0,0.66,0.0,0.0,958062000.0,168753000.0,0.0,0.0,789309000.0,0.0,-262913000.0,124049773.08000001,236957773.08,35.627965777492896,0.0,0.14934419693088757,0.8478723341214675,,35.627965777492896,0.024153644675946502,16.935122604778158,7.608548397939156,0.7350966980142576,1.0120215897939155,0.0,0.03325278150520902,0.007645642975089295,0.0,0.004254421947640132,16.891308970588238,0.0,-0.35294181084136184,-0.743470729120091,-0.6931298519977307,0.07238174854053808,0.0,-0.3208930356547817,0.0,0.46577264005955527,0.10252122033933829,0.020919257588201373,REIT—Mortgage,Real Estate,DX
2009Q3,2009,Q3,2009-09-30,2009-09-30,6002000.0,6169000.0,0.0,1.020001,0.0,0.0,872546000.0,163761000.0,0.0,0.0,708785000.0,0.0,-262782000.0,114243225.11999999,249773225.12,36.25173996663514,0.0,0.18025296087541517,0.9604179261240466,,36.25173996663514,0.03665097306440483,18.518921238450314,4.758548197267578,0.6976216872149047,0.6717760746417861,0.0,0.03529312128368948,0.007070114355002487,0.0,0.006878720434223525,18.883177705785123,0.0,0.35999952000063984,97.18859491084743,0.7050931053102921,0.10321441794319615,0.0,0.3734553775743707,0.0,26.090049108264783,5.664006686074667,0.09006687298700809,REIT—Mortgage,Real Estate,DX
2009Q2,2009,Q2,2009-06-30,2009-06-30,4370000.0,5655000.0,0.0,0.750001,0.0,0.0,818532000.0,154627000.0,0.0,0.0,663905000.0,0.0,-264660000.0,106499722.2,237322722.2,35.71675232031732,0.0,0.19916509067452465,1.0542984084280236,,35.71675232031732,0.028261558460036088,18.832842122015915,6.092661453089245,0.6887524313347605,0.8695652173913043,0.0,0.03568084424543222,0.006908709738898418,0.0,0.005338826093543075,28.51398184738956,0.0,0.38888816872561366,1.2979117877866968,-0.1323113879833026,0.008714798278534908,0.0,0.39438417358008937,0.0,1.7567171167320712,1.116234257060635,0.21514816496565378,REIT—Mortgage,Real Estate,DX
2009Q1,2009,Q1,2009-03-31,2009-03-31,3134000.0,5793000.0,0.0,0.540001,0.0,0.0,734556000.0,143937000.0,0.0,0.0,590619000.0,0.0,-264998000.0,85431637.97999999,245898637.98,35.482325888561874,0.0,0.24818802106306395,1.2665819073622488,,35.482325888561874,0.021773414757845447,14.747391330916622,6.814904114550096,0.5935349352841868,1.2131461391193363,0.0,0.04450341922380171,0.007886396680443697,0.0,0.0042665229063543145,34.1453389208633,0.0,-0.1147524590163935,1.5240981237808233,-0.18470216383245663,-0.10449611874030934,0.0,0.27346607070296625,0.0,1.5780140706505321,1.3875684489051026,0.058640533667424354,REIT—Mortgage,Real Estate,DX
2008Q4,2008,Q4,2008-12-31,2008-12-31,2461000.0,4334000.0,0.0,0.61,0.0,0.0,607191000.0,140409000.0,0.0,0.0,466782000.0,0.0,-264330000.0,79590158.46000001,233420158.46,34.61262841164596,0.0,0.29342496842015114,1.2689001417288066,,34.61262841164596,0.017527366479356737,18.364134393170282,8.085144093864283,0.5668451342862637,0.407557903291345,0.0,0.012602060599038541,0.00713778695665779,0.0,0.004053090378480577,36.6268561711919,0.0,0.1960760861253212,1.1900585707220301,-0.6060582414752682,-0.15586796854581464,0.0,-0.19178981937602627,0.0,1.5713153013920869,0.20661299452290624,-0.06182611380668803,REIT—Mortgage,Real Estate,DX
2008Q3,2008,Q3,2008-09-30,2008-09-30,3045000.0,4979000.0,0.0,0.510001,0.0,0.0,603093000.0,139634000.0,0.0,0.0,463459000.0,0.0,-262989000.0,95532529.65,264305529.65,34.42158092167718,0.0,0.30705712054359774,1.326209948866322,,34.42158092167718,0.02180700975407136,19.187091715203856,7.843393238916256,0.6841638114642566,1.2486042692939245,0.0,0.03979796215937426,0.008255774814166306,0.0,0.005048972546522676,47.90999480942829,0.0,-0.34615340236743286,6.430663399799117,-0.5428192159950787,-0.22711366766522062,0.0,-0.29120111731843573,0.0,2.6026359442659652,0.9393581561052845,-0.06669460749981708,REIT—Mortgage,Real Estate,DX
2008Q2,2008,Q2,2008-06-30,2008-06-30,4296000.0,5870000.0,0.0,0.780001,0.0,0.0,478191000.0,142455000.0,0.0,0.0,335736000.0,0.0,-262232000.0,107093791.19999999,253896791.2,35.11699378516352,0.0,0.39587528832621277,1.328868765575094,,35.11699378516352,0.030156891649994737,18.24425744463373,6.232180586592178,0.7517727787722438,0.6580540037243948,0.0,0.026397422001061814,0.012275429692319597,0.0,0.00898385791451533,-361.80334864864864,0.0,-0.1874998046877034,1.3494040964133198,-0.4423231512229815,-0.2272061078416039,0.0,-0.19232938522278623,0.0,-0.5524667343430729,-0.5635495213887627,-0.06861251015023759,REIT—Mortgage,Real Estate,DX
2008Q1,2008,Q1,2008-03-31,2008-03-31,5319000.0,8812000.0,0.0,0.960001,0.0,0.0,388451000.0,140366000.0,0.0,0.0,248085000.0,0.0,-263320000.0,114493765.8,276871765.8,35.124060003623356,0.0,0.5156712172191602,1.427076357522477,,35.124060003623356,0.037893791943918044,12.99293756241489,5.3813576706147765,0.8156801917843353,0.4173716864072194,0.0,0.01938970200244737,0.02268497184973137,0.0,0.013692846716831724,39.210193767123286,0.0,1.74286,1.3602367371559307,-0.333238599426183,-0.26850000798121537,0.0,2.390057361376673,0.0,5.38098867409189,1.1767387184057188,0.08569118300340015,REIT—Mortgage,Real Estate,DX
2007Q4,2007,Q4,2007-12-31,2007-12-31,1569000.0,2547000.0,0.0,0.35,0.0,0.0,374758000.0,141936000.0,0.0,0.0,232822000.0,0.0,-267743000.0,106341330.12,275374330.12,35.516924188722946,0.0,0.545378617667935,1.439979990981851,,35.516924188722946,0.011054277984443693,41.751601931684334,16.944125258126196,0.7492202832262428,0.638623326959847,0.0,0.009422488874920986,0.00679638593438966,0.0,0.0041867018182400375,77.22681925925926,0.0,-0.16666666666666669,1.1106422261662343,0.10691166173428965,-0.42379763351622785,0.0,-0.4158600148920328,0.0,-0.8829614433946357,-0.8735324163380336,0.06903945911908972,REIT—Mortgage,Real Estate,DX
2007Q3,2007,Q3,2007-09-30,2007-09-30,2686000.0,3359000.0,0.0,0.42,0.0,0.0,384388000.0,141351000.0,0.0,0.0,243037000.0,0.0,-268310000.0,93646838.43,241269838.43,35.274793312635275,0.0,0.47626356702082273,1.2951447106847493,,35.274793312635275,0.019002341688421024,27.87938030068473,8.716198662509308,0.6625127408366407,0.37341772151898733,0.0,0.010710452342176309,0.008738566240361302,0.0,0.006987731146653902,46.33688195447799,0.0,0.0,1.8489178236835728,-0.3063104271910981,-0.45392935020296576,0.0,-0.005921539600296077,0.0,49.52670640716838,0.04662366407000146,0.07348393782704256,REIT—Mortgage,Real Estate,DX
2007Q2,2007,Q2,2007-06-30,2007-06-30,2702000.0,3641000.0,0.0,0.42,0.0,0.0,444578000.0,139386000.0,0.0,0.0,305192000.0,0.0,-269993000.0,100119541.5,238609541.5,34.456844770908184,0.0,0.4522176086086131,1.4423686740418693,,34.456844770908184,0.019385017146628786,27.49781419939577,9.263466089933383,0.7182897959622918,0.37120651369356034,0.0,0.01001802430347726,0.00818978896841499,0.0,0.006077673659065451,36.27519619565217,0.0,0.75,5.083057827244028,-0.629396386531465,-0.4802764385080642,0.0,0.3913491246138002,0.0,1.1971339002796548,-0.402109454014258,-0.026867591132299074,REIT—Mortgage,Real Estate,DX
2007Q1,2007,Q1,2007-03-31,2007-03-31,1942000.0,3090000.0,0.0,0.24,0.0,0.0,454990000.0,138470000.0,0.0,0.0,316520000.0,0.0,-271692000.0,90965532.0,239737532.0,35.391729473972624,0.0,0.4541088815138794,1.492128258828627,,35.391729473972624,0.014024698490647794,29.438683495145632,11.71028990731205,0.6569331407525096,0.5159629248197735,0.0,0.011015161215129264,0.006791358051825315,0.0,0.004268225675289567,48.72283449384039,0.0,-0.5932203389830508,2.7403479622083804,-0.7018396656485268,-0.2950799091352137,0.0,-0.1545494122768829,0.0,1.33672029884506,-0.5491026318361313,-0.10678259345303492,REIT—Mortgage,Real Estate,DX
