Quarters,Year,Quarter,FillingDate,Date,NetIncome,Revenue,OperatingIncome,EPSDiluted,GrossProfit,GrossProfitRatio,TotalAssets,CommonStockEquity,CurrentAssets,CurrentLiability,TotalLiability,Inventory,RetainedEarnings,MarketCap,EnterpriseValue,bookValuePerShare,currentRatio,debtToAssets,debtToEquity,roic,shareholdersEquityPerShare,roe,priceToSalesRatio,peRatio,pbRatio,payoutRatio,inventoryTurnover,dividendYield,assetTurnover,quickRatio,returnOnAssets,priceToFreeCashFlowsRatio,grossProfitMargin,epsdilutedGrowth,fiveYNetIncomeGrowthPerShare,fiveYRevenueGrowthPerShare,fiveYShareholdersEquityGrowthPerShare,grossProfitGrowth,netIncomeGrowth,operatingIncomeGrowth,threeYNetIncomeGrowthPerShare,threeYRevenueGrowthPerShare,threeYShareholdersEquityGrowthPerShare,Industry,Sector,Symbol
2023Q3,2023,Q3,2023-03-31,2023-03-31,-18600000.0,1939000.0,-14463000.0,-0.13,1939000.0,1.0,650441000.0,482168000.0,61365000.0,53917000.0,168273000.0,4576000.0,-798886000.0,484668531.27,550880531.27,3.273026032540749,1.1381382495316876,0.17620045476838023,0.2376930862272071,-0.023845744954091926,3.273026032540749,-0.038575766123011064,249.95798415162454,-6.514361979435484,1.0051860166373545,0.0,0.0,0.0,0.002981054392327667,1.034349092123078,-0.028595983340533575,-29.752518801104973,1.0,0.23529411764705885,0.22999618911238678,-0.14971200154246628,-0.1777545453840672,0.1214574898785425,0.24038225925018378,0.31497181831099325,0.22999618911238678,-0.14971200154246628,-0.1777545453840672,Biotechnology,Healthcare,MESO
2023Q2,2023,Q2,2022-12-31,2022-12-31,-24486000.0,1980000.0,-21113000.0,-0.17,1729000.0,0.8732323232,668060000.0,500002000.0,78133000.0,54576000.0,168058000.0,5799000.0,-780286000.0,428688579.33000004,473251579.33000004,3.3940858006388637,1.4316366168279098,0.1673232943148819,0.223563105747577,-0.03391953745661041,3.3940858006388637,-0.04897180411278355,216.5093835,-4.376874329514825,0.8573737291650834,0.0,0.043283324711157097,0.0,0.0029638056461994433,1.3090002931691587,-0.03665239649133312,-26.000035136462884,0.8732323232323232,-0.4166666666666668,-2.143124422496995,-0.9054527396819763,-0.4443024273892447,0.1981981981981982,-0.4502487562189055,-0.31915026554201814,0.27736139238265045,-0.3487982714503845,-0.2756310683811821,Biotechnology,Healthcare,MESO
2023Q1,2023,Q1,2022-09-30,2022-09-30,-16884000.0,1443000.0,-16005000.0,-0.12,1443000.0,1.0,684496000.0,522807000.0,92960000.0,48802000.0,161689000.0,0.0,-755800000.0,354300174.63,378820174.63,3.755413940705796,1.9048399655751813,0.1601645590332157,0.20969879898318117,-0.024833642560905245,3.755413940705796,-0.03229490041258055,245.53026654885656,-5.246093559434968,0.6776882762281301,0.0,0.0,0.0,0.00210812042729249,1.8231834760870456,-0.02466632383534747,-24.451357807453416,1.0,0.2941176470588236,-0.5160089902888795,-0.2250289260926605,-0.41094112002456934,-0.3511690647482014,0.21305057096247962,0.18904539927036887,-1.2084476336219225,-0.939284146721327,-0.21073542473042653,Biotechnology,Healthcare,MESO
2022Q4,2022,Q4,2022-06-30,2022-06-30,-21455000.0,2224000.0,-19736000.0,-0.17,2224000.0,1.0,662142000.0,497044000.0,69837000.0,51373000.0,165098000.0,0.0,-738916000.0,287758273.68,334629273.68,3.8345993179924056,1.3594105853269227,0.1614532834346711,0.215081562195701,-0.0320541205996425,3.8345993179924056,-0.04316519261876212,129.3877129856115,-3.353044438126311,0.5789392361239649,0.0,0.0,0.0,0.0033587961494664286,1.2542970042629398,-0.03240241519190747,-20.641150109748224,1.0,-0.06250000000000006,0.47750382529431196,1.6010838718536062,-0.36329698249580344,0.1059174540029836,-0.007182424185522486,-0.02047569803516029,0.2023073850702687,-0.1287295810194059,-0.20379416250566754,Biotechnology,Healthcare,MESO
2022Q3,2022,Q3,2022-03-31,2022-03-31,-21302000.0,2011000.0,-19340000.0,-0.16,2011000.0,1.0,681689000.0,517127000.0,88133000.0,52186000.0,164562000.0,0.0,-717461000.0,548228597.8,576568597.8,3.9805948627220626,1.6888245889702218,0.15351721972923135,0.2023700174231862,-0.030524200179143673,3.9805948627220626,-0.04119297580671673,272.6149168572849,-6.434003823584639,1.0601430553809799,0.0,0.0,0.0,0.002950025598183336,1.5702487257118767,-0.031248853949528303,-35.3103566791189,1.0,0.20000000000000004,0.0,0.0,0.0,-0.15575146935348447,0.17895548275197534,0.12961296129612962,0.0,0.0,0.0,Biotechnology,Healthcare,MESO
2022Q2,2022,Q2,2021-12-31,2021-12-31,-25945000.0,2382000.0,-22220000.0,-0.2,2382000.0,1.0,704439000.0,535509000.0,108797000.0,57954000.0,168930000.0,0.0,-696159000.0,622180051.1999999,630942051.1999999,4.131349430188867,1.8772992373261552,0.14646548530106937,0.19266903077259206,-0.03407345219272447,4.131349430188867,-0.048449232412527146,261.20069319899244,-5.995182609365966,1.1618479823868506,0.0,0.0,0.0,0.003381414146576212,1.733478275873969,-0.03683072629425685,-31.434348062446315,1.0,-0.14613180515759328,0.2326780383888229,1.5682604150526056,-0.377962516090274,0.0,-0.14572753367189226,-0.14968696642003415,0.1998777505473476,-0.03348512762147522,-0.22539110842085744,Biotechnology,Healthcare,MESO
2022Q1,2022,Q1,2021-09-30,2021-09-30,-22645000.0,3594000.0,-19327000.0,-0.1745,0.0,0.0,721819000.0,559746000.0,126220000.0,92899000.0,162073000.0,0.0,-670214000.0,779922351.74,771162351.74,4.313344081618871,1.3586798566184781,0.148508144008401,0.19150829126067895,-0.028443168750596128,4.313344081618871,-0.040455849617505084,217.0067756649972,-8.610315210200927,1.3933504692128214,0.0,0.0,0.0,0.0049790875551904284,1.308765433427701,-0.03137213068650174,-39.57992142806394,0.0,0.07235917071622847,0.327219244623517,4.351845065015871,-0.35426787826903133,0.0,-0.026518585675430643,-0.0017103762827822121,0.14229662329602863,-0.7719175342713815,-0.21649477696762592,Biotechnology,Healthcare,MESO
2021Q4,2021,Q4,2021-06-30,2021-06-30,-22060000.0,1995000.0,-19294000.0,-0.18811159932959276,0.0,0.0,744717000.0,581397000.0,148227000.0,94273000.0,163320000.0,0.0,-647569000.0,877185673.76,845799673.76,4.957729805776394,1.572316569961707,0.14165783780953034,0.1814508846794875,-0.027555020414395486,4.957729805776394,-0.037943092241618036,439.69206704761905,-9.940907454215777,1.50875507400279,0.0,0.0,0.0,0.0026788699599982276,1.5006523606971243,-0.029621990635368873,-41.86444298000286,0.0,0.0,-1.297336912198234,-0.951689747162142,-0.28350036264690276,0.0,0.0,0.0,0.14299954331877626,-0.050178089397345485,-0.13816924996471305,Biotechnology,Healthcare,MESO
2021Q2,2021,Q2,2020-12-31,2020-12-31,-25692000.0,2241000.0,-26319000.0,-0.219,0.0,0.0,687310000.0,518731000.0,90458000.0,91040000.0,168579000.0,0.0,-598994000.0,995629193.88,1008758193.88,4.423359838251994,0.9936072056239016,0.13190117996246237,0.1747668830280049,-0.04267918109144141,4.423359838251994,-0.049528561046091324,444.2789798661312,-9.688124648528726,1.9193554923071883,0.0,0.0,0.0,0.0032605374576246526,0.8855228471001757,-0.03738051243252681,-30.758725752417437,0.0,-0.04038004750593828,0.29633369864237624,-0.6586304373615953,-0.356316537084716,0.0,-0.04677314211212516,0.29957951884181394,-2.50672003784437,-0.8655735878209198,-0.2757842702627432,Biotechnology,Healthcare,MESO
2021Q1,2021,Q1,2020-09-30,2020-09-30,-24544000.0,1305000.0,-37576000.0,-0.2105,0.0,0.0,712572000.0,538506000.0,115737000.0,87697000.0,174066000.0,0.0,-573302000.0,2165113936.125,2147981936.125,4.622451429928902,1.3197372772158682,0.12769376287589185,0.1689693336750194,-0.05705867279133673,4.622451429928902,-0.045577950849201306,1659.0911387931035,-22.053393254206732,4.020593895193368,0.0,0.0,0.0,0.0018313938801973696,1.2608070971640992,-0.0344442386172906,-76.64662758867884,0.0,0.2473474382858019,-0.0802899728754642,-0.8993884094158097,0.0,1.0,0.2473474394357559,-0.17432339521220075,-1.6335233009514976,-0.16248023893943941,-0.274941163598332,Biotechnology,Healthcare,MESO
2020Q4,2020,Q4,2020-06-30,2020-06-30,-32610000.0,701000.0,-31998000.0,-0.27967751749967784,-9152000.0,-13.055634807417974,733602000.0,549326000.0,136548000.0,90143000.0,184276000.0,0.0,-548758000.0,1328057769.25,1288207769.25,4.711258263662313,1.5147931619759716,0.12197076889103356,0.16288688319868347,-0.04485128116593771,4.711258263662313,-0.059363656553667585,1894.5189290299572,-10.181368976157621,2.4176131645871486,0.0,0.0,0.0,0.0009555590088358537,1.444138757307833,-0.04445189625982481,0.0,-13.055634807417974,0.0,0.6485656039718167,-0.950301410774491,-0.4782856715819584,0.0,0.0,0.0,0.11714984547434625,-0.08857865885176133,-0.21773512589945196,Biotechnology,Healthcare,MESO
2020Q2,2020,Q2,2019-12-31,2019-12-31,-24584000.0,2206000.0,-23953000.0,-0.23,0.0,0.0,690237000.0,500804000.0,93307000.0,76957000.0,189433000.0,0.0,-500885000.0,787720730.61,800670730.61,4.685576164971307,1.212456306768715,0.09561353564065676,0.13178009760305429,-0.03805975542520573,4.685576164971307,-0.0490890647838276,357.0810202221215,-8.010502060384804,1.5729122183728566,0.0,0.0,0.0,0.003196003691485678,1.093974557220266,-0.03561675192723659,-440.3134324259363,0.0,-3.181818181818182,0.47074781540558347,-0.6974737971083005,-0.4860279431958597,0.0,-3.4828592268417213,-5.512506797172376,0.11824778692887147,1.8845154317059112,-0.2945152528061776,Biotechnology,Healthcare,MESO
2020Q1,2020,Q1,2019-09-30,2019-09-30,-5484000.0,17048000.0,-3678000.0,-0.055,0.0,0.0,653786000.0,475147000.0,60593000.0,70092000.0,178639000.0,0.0,-476302000.0,692031754.26,746667754.26,4.758117947233516,0.8644781144781145,0.0992388946841933,0.13654932052606877,-0.0049862054858957495,4.758117947233516,-0.01154169130816358,40.59313434185828,-31.547764143873085,1.4564582208453383,0.0,0.0,0.0,0.0260758107392939,0.7439222735832905,-0.008388065819702471,-43.769006024919356,0.0,0.7349397590361446,0.7184095960939386,0.5333325029759607,0.0,0.0,0.7354048055582361,0.7985981820173037,0.7882698096120685,31.99005221401313,-0.2876827029388877,Biotechnology,Healthcare,MESO
2019Q4,2019,Q4,2019-06-30,2019-06-30,-20726000.0,1967000.0,-18262000.0,-0.2075,0.0,0.0,652115000.0,481052000.0,62522000.0,44331000.0,171063000.0,0.0,-469991000.0,504415901.84999996,535275901.84999996,4.816090434679463,1.4103449053709594,0.10317045306426013,0.13985806108279356,-0.028878100354500898,4.816090434679463,-0.043084739279745224,256.4391976868327,-6.0843373281144455,1.0485683498873304,0.0,0.0,0.0,0.0030163391426358847,1.2234328122532765,-0.031782737707306226,-26.322386987945517,0.0,0.0,0.0,0.0,0.0,0.0,0.0,0.0,-1.3279830149593892,-0.9440766329882913,-0.3039703281354675,Biotechnology,Healthcare,MESO
2019Q2,2019,Q2,2018-12-31,2018-12-31,-24604000.0,1870000.0,-24197000.0,-0.25,0.0,0.0,688333000.0,524557000.0,97801000.0,33809000.0,163776000.0,0.0,-424295000.0,405210277.08,391670277.08,5.333465023576692,2.892750451063326,0.08772934030476529,0.11511999649227825,-0.03705186754759639,5.333465023576692,-0.046904340233759154,216.6899877433155,-4.117321137619899,0.7724809259622881,0.0,0.0,0.0,0.0027167083373890255,2.3870862788015024,-0.035744327236962345,207.16271834355828,0.0,-0.2285012285012286,0.0,0.0,0.0,0.0,-0.2618730126166786,-0.4417565393553,0.19650855902064124,-0.6603502944017793,-0.2238788248640299,Biotechnology,Healthcare,MESO
2019Q1,2019,Q1,2018-09-30,2018-09-30,-19498000.0,11637000.0,-16783000.0,-0.2035,0.0,0.0,688789000.0,527599000.0,97811000.0,27393000.0,161190000.0,0.0,-399690000.0,824195439.4,830211439.4,5.505188676247848,3.5706567371226225,0.08879206839830485,0.11591947672379971,-0.027502869960589777,5.505188676247848,-0.03695609733907759,70.82542230815503,-10.567692063288542,1.5621626261611565,0.0,0.0,0.0,0.016894869110859783,3.0822107837768775,-0.028307652996781306,-42.08729200837461,0.0,0.07289293849658321,-0.04320942718801313,0.09059869004505923,0.0,1.0,0.06412594796966498,0.2673098751418842,-0.04320942718801313,0.09059869004505923,0.0,Biotechnology,Healthcare,MESO
2018Q4,2018,Q4,2018-06-30,2018-06-30,-20834000.0,1700000.0,-22906000.0,-0.2195,-421000.0,-0.24764705882352941,692443000.0,546008000.0,101071000.0,24003000.0,146435000.0,0.0,-380192000.0,522036449.0,543670449.0,5.752556178313902,4.210765321001541,0.08577890165688729,0.10878412037918858,-0.036068252549422516,5.752556178313902,-0.03815695008131749,307.08026411764706,-6.264236932418163,0.956096703711301,0.0,0.0,0.0,0.0024550757246444834,3.66116735408074,-0.030087675086613627,-25.8242121691813,-0.24764705882352941,0.0,0.0,0.0,0.0,0.0,0.0,0.0,0.7241828723171749,-0.8519426167026695,-0.36297464174186306,Biotechnology,Healthcare,MESO
2018Q2,2018,Q2,2017-12-31,2017-12-31,13703000.0,13397000.0,-9269000.0,0.1455,0.0,0.0,664811000.0,575605000.0,72272000.0,21591000.0,89206000.0,0.0,-338221000.0,550367889.68,502981889.67999995,6.107793101727816,3.347320642860451,0.0,0.0,0.022892435637252646,6.107793101727816,0.023806256026268013,41.08142790774053,10.041010904181567,0.956155505389981,0.0,0.0,0.0,0.02015159195621011,2.749849474318003,0.02061187314890999,-36.89040080970574,0.0,2.8187499999999996,0.0,0.0,0.0,0.0,2.9514383366562233,0.5384653687198128,1.3345725576559055,1.0836731343876997,-0.33002156565127366,Biotechnology,Healthcare,MESO
2018Q1,2018,Q1,2017-09-30,2017-09-30,-7022000.0,1174000.0,-20083000.0,-0.08,0.0,0.0,671898000.0,559590000.0,80327000.0,22770000.0,112308000.0,0.0,-351924000.0,481007000.00000006,418066000.00000006,6.37527769866135,3.5277558190601668,0.0,0.0,-0.025404332967858382,6.37527769866135,-0.012548472989152773,409.7163543441227,-17.125,0.859570399756965,0.0,0.0,0.0,0.0017472890230362348,2.9548089591567854,-0.010450991073049778,-23.533783453202215,0.0,0.7474659789323492,0.5897928936170213,-0.8798695920239722,0.0,0.0,0.7416672798175263,0.13991434689507495,0.5897928936170213,-0.8798695920239722,0.0,Biotechnology,Healthcare,MESO
2017Q4,2017,Q4,2017-06-30,2017-06-30,-27182000.0,566000.0,-23350000.0,-0.316789,0.0,0.0,655686000.0,516766000.0,63609000.0,36670000.0,138920000.0,0.0,-344902000.0,682147007.25,636386007.25,6.022587003001178,1.7346332151622579,0.0,0.0,-0.03929281777589602,6.022587003001178,-0.05260020976612238,1205.206726590106,-6.273885358417335,1.320030743605423,0.0,0.0,0.0,0.0008632180647444051,1.3431688028361057,-0.041455818791311695,-29.11301298493449,0.0,0.0,0.0,0.0,0.0,0.0,0.0,0.0,0.0,0.0,0.0,Biotechnology,Healthcare,MESO
2017Q2,2017,Q2,2016-12-31,2016-12-31,-20051000.0,550000.0,-22851000.0,-0.260856,0.0,0.0,660880000.0,510517000.0,67001000.0,29099000.0,150363000.0,0.0,-307936000.0,411233624.29999995,377331624.29999995,6.641640635901669,2.3025189869067666,0.0,0.0,-0.03872342993453606,6.641640635901669,-0.03927587132260042,747.6974987272727,-5.127345572540023,0.8055238597343477,0.0,0.0,0.0,0.0008322237017310253,2.097494759270078,-0.030339849897106887,-16.10218192959787,0.0,-0.00572538949998249,0.0,0.0,0.0,0.0,-0.01277906859278715,-0.04390132480584742,0.0,0.0,0.0,Biotechnology,Healthcare,MESO
2017Q1,2017,Q1,2016-09-30,2016-09-30,-19798000.0,395000.0,-21890000.0,-0.259371,0.0,0.0,665444000.0,509872000.0,70697000.0,31321000.0,155572000.0,0.0,-287885000.0,328985472.15999997,268630472.15999997,6.679773138830995,2.257175696816832,0.0,0.0,-0.037111930429651455,6.679773138830995,-0.038829353249443,832.874613063291,-4.154276595615718,0.6452314937082247,0.0,0.0,0.0,0.0005935886415686369,2.07330545001756,-0.02975156436905284,-15.579176595160297,0.0,-1.4099724447010002,-0.32994923109516017,-0.9535213678041816,0.0,0.0,-1.4099728727920315,-1.60511402902557,-0.32994923109516017,-0.9535213678041816,0.0,Biotechnology,Healthcare,MESO
2016Q4,2016,Q4,2016-06-30,2016-06-30,48291000.0,26879000.0,36175000.0,0.6326547146093285,0.0,0.0,684018000.0,528161000.0,88823000.0,29415000.0,155857000.0,0.0,-268087000.0,302269714.56,221332714.56,6.919375178040992,3.019649838517763,0.0,0.0,-0.0966756836520845,6.919375178040992,0.09143234733348354,11.245571433461066,1.5648346201155494,0.5723060100234588,0.0,0.0,0.0,0.03929574952705923,2.889376168621452,0.07059901932405288,-16.671430950306107,0.0,0.0,0.0,0.0,0.0,0.0,0.0,0.0,0.0,0.0,0.0,Biotechnology,Healthcare,MESO
2016Q2,2016,Q2,2015-12-31,2015-12-31,-22325000.0,4014000.0,-21794000.0,-0.311345,4014000.0,1.0,790953000.0,492754000.0,132519000.0,41679000.0,298199000.0,0.0,-299445000.0,456044639.52000004,335261639.52000004,6.871948858555898,3.1795148636003745,0.0,0.0,-0.044228966177849396,6.871948858555898,-0.04530658300084829,113.6135125859492,-5.106882861366182,0.9255016489363862,0.0,0.0,0.0,0.005074890669862811,3.085870582307637,-0.028225444495437783,-22.897255586684743,1.0,-0.5964527260887177,0.0,0.0,0.0,0.0,-0.6964285714285714,-0.5066712754925683,0.0,0.0,0.0,Biotechnology,Healthcare,MESO
2016Q1,2016,Q1,2015-09-30,2015-09-30,-13160000.0,7513000.0,-14465000.0,-0.195023,0.0,0.0,,,,,,,,762513479.7,,,0.0,0.0,0.0,0.0,,0.0,101.49254355117796,-14.485438444148937,0.0,0.0,0.0,0.0,0.0,0.0,0.0,-26.504691845389136,0.0,0.7549399364334556,0.0,0.0,0.0,0.0,0.7549393866036014,0.7037014277228129,0.0,0.0,0.0,Biotechnology,Healthcare,MESO
2015Q4,2015,Q4,2015-06-30,2015-06-30,-53701000.0,8163000.0,-48819000.0,-0.7958171444244436,0.0,0.0,1017925000.0,609359000.0,159453000.0,63031000.0,408566000.0,0.0,-298153000.0,962251523.9399999,818109523.9399999,9.030340949131945,2.5297551998223096,0.0,0.0,-0.08011533431031626,9.030340949131945,-0.08812703184822084,117.87964277104005,-4.479672277704326,1.5791208859473642,0.0,0.0,0.0,0.008019254856693765,2.368897843918072,-0.05275536016897119,-19.73444470754717,0.0,0.0,0.0,0.0,0.0,0.0,0.0,0.0,0.0,0.0,0.0,Biotechnology,Healthcare,MESO
2015Q2,2015,Q2,2014-12-31,2014-12-31,-27882000.0,4377000.0,-29393000.0,-0.434595,4377000.0,1.0,964580000.0,584874000.0,163199000.0,53464000.0,379706000.0,0.0,-229603000.0,1139414609.2800002,990219609.2800002,9.116402541620745,3.052502618584468,0.0,0.0,-0.050255268656155004,9.116402541620745,-0.047671806235189115,260.3186221795751,-10.216399552399398,1.9481368795330276,,0.0,,0.004537726264280827,2.962479425407751,-0.028905845030997947,0.0,1.0,0.0,0.0,0.0,0.0,0.0,0.0,0.0,0.0,0.0,0.0,Biotechnology,Healthcare,MESO
2014Q4,2014,Q4,2014-06-30,2014-06-30,,,,,,,899314000.0,571718000.0,203749000.0,42675000.0,327596000.0,0.0,-178785000.0,0.0,-196394000.0,0.0,4.77443468072642,0.0,0.0,,0.0,,0.0,0.0,0.0,0.0,0.0,,,4.74497949619215,,0.0,0.0,0.0,0.0,0.0,0.0,0.0,0.0,0.0,0.0,0.0,0.0,Biotechnology,Healthcare,MESO
2014Q2,2014,Q2,2013-12-31,2013-12-31,,,,,,,1001089000.0,637756000.0,271540000.0,59603000.0,363333000.0,0.0,-128686000.0,0.0,-250262000.0,0.0,4.5558109491133,0.0,0.0,,0.0,,0.0,0.0,0.0,0.0,0.0,,,4.481603275002936,,0.0,0.0,0.0,0.0,0.0,0.0,0.0,0.0,0.0,0.0,0.0,0.0,Biotechnology,Healthcare,MESO
2013Q4,2013,Q4,2013-06-30,2013-06-30,,,,,,,883712000.0,630266000.0,331844000.0,50588000.0,253446000.0,0.0,-97827000.0,0.0,-315309000.0,0.0,6.559737487151103,0.0,0.0,,0.0,,0.0,0.0,0.0,0.0,0.0,,,6.4713370759863995,,0.0,0.0,0.0,0.0,0.0,0.0,0.0,0.0,0.0,0.0,0.0,0.0,Biotechnology,Healthcare,MESO
2013Q2,2013,Q2,2012-12-31,2012-12-31,,,,,,,680413154.0,453521988.0,186382511.0,33909214.0,226891166.0,0.0,-63949705.0,0.0,-178650939.0,0.0,5.4965152244460755,0.0,0.0,,0.0,,0.0,0.0,0.0,0.0,0.0,,,5.486998489555081,,0.0,0.0,0.0,0.0,0.0,0.0,0.0,0.0,0.0,0.0,0.0,0.0,Biotechnology,Healthcare,MESO
2012Q4,2012,Q4,2012-06-30,2012-06-30,,,,,,,720455550.0,478847783.0,217736120.0,44494309.0,241607767.0,0.0,-36164544.0,0.0,-206748798.0,0.0,4.893572344274411,0.0,0.0,,0.0,,0.0,0.0,0.0,0.0,0.0,,,4.886412327473161,,0.0,0.0,0.0,0.0,0.0,0.0,0.0,0.0,0.0,0.0,0.0,0.0,Biotechnology,Healthcare,MESO
