Quarters,Year,Quarter,FillingDate,Date,NetIncome,Revenue,OperatingIncome,EPSDiluted,GrossProfit,GrossProfitRatio,TotalAssets,CommonStockEquity,CurrentAssets,CurrentLiability,TotalLiability,Inventory,RetainedEarnings,MarketCap,EnterpriseValue,bookValuePerShare,currentRatio,debtToAssets,debtToEquity,roic,shareholdersEquityPerShare,roe,priceToSalesRatio,peRatio,pbRatio,payoutRatio,inventoryTurnover,dividendYield,assetTurnover,quickRatio,returnOnAssets,priceToFreeCashFlowsRatio,grossProfitMargin,epsdilutedGrowth,fiveYNetIncomeGrowthPerShare,fiveYRevenueGrowthPerShare,fiveYShareholdersEquityGrowthPerShare,grossProfitGrowth,netIncomeGrowth,operatingIncomeGrowth,threeYNetIncomeGrowthPerShare,threeYRevenueGrowthPerShare,threeYShareholdersEquityGrowthPerShare,Industry,Sector,Symbol
2023Q3,2023,Q3,2023-06-30,2023-05-31,233000000.0,8475000000.0,375000000.0,1.72,697000000.0,0.0822418879,19436000000.0,2736000000.0,13609000000.0,12796000000.0,16699000000.0,6084000000.0,4268000000.0,11843496000.0,14049496000.0,20.68027210884354,1.0635354798374492,0.1896480757357481,1.3472222222222223,0.04117958114887143,20.68027210884354,0.0851608187134503,1.3974626548672566,12.707613733905578,4.328763157894736,0.04721030042918455,1.2784352399737016,0.0009287798129876517,0.436046511627907,0.4885901844326352,0.011988063387528298,48.3408,0.08224188790560472,0.13157894736842102,6.059085217030326,1.009020675479908,0.622663195056072,0.05446293494704992,0.12560386473429952,0.04456824512534819,6.209106445671011,0.5239431399793906,0.9095686049892879,Electronic Components,Technology,JBL
2023Q2,2023,Q2,2023-04-05,2023-02-28,207000000.0,8134000000.0,359000000.0,1.52,661000000.0,0.0812638308,19567000000.0,2673000000.0,13781000000.0,13282000000.0,16893000000.0,6519000000.0,4046000000.0,11092808000.0,13325808000.0,20.00748502994012,1.0375696431260353,0.17544845914038942,1.2843247287691733,0.03900140286019735,20.00748502994012,0.07744107744107744,1.363758052618638,13.397111111111112,4.149946876169098,0.05314009661835749,1.146341463414634,0.0009916334980286325,0.415699902897736,0.4585152838427948,0.010579036132263506,121.89898901098901,0.08126383083353823,-0.055900621118012465,6.252591351552283,1.0056858920484542,0.5310524532079484,-0.11036339165545088,-0.07174887892376682,-0.008287292817679558,72.76327971531806,0.511454248791551,0.7416098973985661,Electronic Components,Technology,JBL
2023Q1,2023,Q1,2023-01-06,2022-11-30,223000000.0,9635000000.0,362000000.0,1.61,743000000.0,0.077114686,20506000000.0,2529000000.0,14678000000.0,14372000000.0,17976000000.0,6429000000.0,3849000000.0,9731212000.0,11940212000.0,18.76112759643917,1.0212913999443363,0.1670730517897201,1.3546856465005932,0.04150447687526189,18.76112759643917,0.0881771451166469,1.0099856772184743,10.909430493273542,3.847849742981415,0.053811659192825115,1.3831077928138125,0.0012331454704717153,0.4698624792743587,0.4868494294461453,0.010874865892909393,-65.75143243243244,0.07711468604047743,-0.2844444444444444,3.588223173122923,1.2641932297357537,0.4248458185245476,0.019204389574759947,-0.2920634920634921,-0.11491442542787286,5.265739915699459,0.4579610821851634,0.5647167516747619,Electronic Components,Technology,JBL
2022Q4,2022,Q4,2022-10-25,2022-08-31,315000000.0,9030000000.0,409000000.0,2.25,729000000.0,0.080730897,19717000000.0,2451000000.0,13908000000.0,13697000000.0,17265000000.0,6128000000.0,3638000000.0,8261100000.0,10194100000.0,17.89051094890511,1.0154048331751477,0.17299792057615257,1.3916768665850674,0.05720670877262781,17.89051094890511,0.12851897184822522,0.9148504983388704,6.5564285714285715,3.370501835985312,0.03492063492063492,1.3546018276762402,0.0013315418043601942,0.45798042298524116,0.48689494049791926,0.01597606126692702,14.025636672325977,0.08073089700996677,0.48026315789473684,7.99478237775732,1.3448699396378556,0.3583860708015744,0.1777059773828756,0.44495412844036697,0.27414330218068533,5.692741955040376,0.537419054766227,0.45334103984214286,Electronic Components,Technology,JBL
2022Q3,2022,Q3,2022-07-01,2022-05-31,218000000.0,8328000000.0,321000000.0,1.52,619000000.0,0.0743275696,18171000000.0,2356000000.0,12472000000.0,11942000000.0,15814000000.0,5981000000.0,3333000000.0,8637408000.0,10962408000.0,16.78062678062678,1.0443811756824652,0.18683616751967422,1.4410016977928692,0.04014023671829559,16.78062678062678,0.09252971137521222,1.0371527377521614,9.905284403669725,3.6661324278438037,0.05504587155963303,1.2889148971743856,0.0013893056805930667,0.4583126960541522,0.46382515491542453,0.011997138297286885,47.7204861878453,0.07432756964457253,0.0,12.118978240136421,1.3918826141049851,0.30524645833712244,0.016420361247947456,-0.018018018018018018,0.025559105431309903,4.4595407786383365,0.47806205696205734,0.3830784857047772,Electronic Components,Technology,JBL
2022Q2,2022,Q2,2022-04-01,2022-02-28,222000000.0,7553000000.0,313000000.0,1.52,609000000.0,0.0806302132,17430000000.0,2337000000.0,11867000000.0,11714000000.0,15092000000.0,5395000000.0,3127000000.0,8295735000.0,10598735000.0,16.285714285714285,1.0130612941779067,0.19483648881239243,1.4531450577663672,0.03915957331698257,16.285714285714285,0.09499358151476252,1.098336422613531,9.34204391891892,3.5497368421052635,0.04954954954954955,1.2871177015755328,0.0013259825681509834,0.43333333333333335,0.4744749871948096,0.012736660929432014,-46.868559322033896,0.08063021316033364,-0.06748466257668705,12.672330212085777,1.1622726764767675,0.23347683971876318,-0.09777777777777778,-0.07883817427385892,-0.10571428571428572,2.5538424626077267,0.34231608963966104,0.36414099522630117,Electronic Components,Technology,JBL
2022Q1,2022,Q1,2022-01-07,2021-11-30,241000000.0,8567000000.0,350000000.0,1.63,675000000.0,0.0787907085,17588000000.0,2206000000.0,11812000000.0,11965000000.0,15381000000.0,4681000000.0,2917000000.0,8424086000.0,10588086000.0,15.3088133240805,0.9872127037191809,0.19291562428928816,1.5380779691749773,0.04352827221915749,15.3088133240805,0.10924750679963735,0.983318081008521,8.738678423236514,3.8187153218495014,0.058091286307053944,1.685964537491989,0.0016619013623555127,0.4870934728223789,0.5247806101128291,0.013702524448487605,-25.761730886850152,0.07879070853274192,0.4051724137931035,2.5204147311215084,1.1579152597262763,0.19488894580351435,0.15047339849841918,0.38169059303765535,0.32112363452435777,1.1860514093727612,0.47624401704273694,0.30727048885810637,Electronic Components,Technology,JBL
2021Q4,2021,Q4,2021-10-22,2021-08-31,174424000.0,7409279000.0,264926000.0,1.16,586715000.0,0.07918651733859665,16654000000.0,2136000000.0,10877000000.0,10683000000.0,14517000000.0,4414000000.0,2688000000.0,9002766940.0,10754766940.0,14.657946926703403,1.0181596929701395,0.19929146151074817,1.5538389513108615,0.03314020931575592,14.657946926703403,0.08165917602996255,1.2150665321146632,12.903566797000414,4.214778529962547,0.069531715818924,1.5456647032170368,0.0013471413933992162,0.4448948600936712,0.5341196293176074,0.010473399783835715,18.710547302352648,0.07918651733859665,0.035714285714285546,4.947173036467829,1.1704531372632474,0.13707751579760197,0.03331278619232124,0.0291715836676894,0.10489877968420262,4.486989695756285,0.470846948558311,0.25491567647638935,Electronic Components,Technology,JBL
2021Q3,2021,Q3,2021-07-02,2021-05-31,169480000.0,7214645000.0,239774000.0,1.12,567800000.0,0.07870103102786069,15740708000.0,2138011000.0,10259514000.0,9846996000.0,13601748000.0,3979329000.0,2525323000.0,8360809500.0,10463700500.0,14.435291337519411,1.0418927762334829,0.21241865359550535,1.5638927956872064,0.032402305382404205,14.435291337519411,0.07926993827440551,1.1588663752686377,12.333032658720795,3.9105549503720987,0.07076351191881047,1.6703431658955568,0.0014344304818809709,0.45834310629483754,0.5625027165645239,0.010766987101215524,22.716627994174672,0.07870103102786069,0.13131313131313144,40.97085966210249,1.1606233349304926,0.10738915553107406,-0.0037285607755406414,0.11754388278581508,0.014486989634017348,3.5865530517029085,0.527689620383858,0.13265511401505237,Electronic Components,Technology,JBL
2021Q2,2021,Q2,2021-04-02,2021-02-28,151654000.0,6828546000.0,236350000.0,0.99,569925000.0,0.08346213088408572,14494163000.0,2089161000.0,9143653000.0,8842377000.0,12392221000.0,3558970000.0,2368012000.0,6785606119.999999,9094230120.0,13.903917953905642,1.0340718338519157,0.21710277440649728,1.506213738433754,0.030547572260503576,13.903917953905642,0.07259086303066159,0.993711709637747,11.185999248288867,3.2480053571744825,0.07955609479473011,1.7585484002393952,0.0017780283421460956,0.47112385861812095,0.5534941566051753,0.010463108494088276,-23.578570679009125,0.08346213088408572,-0.2442748091603054,1.4418143207133904,0.970705994429613,0.0762302986609841,-0.10185798033282904,-0.24340208140010577,-0.24717311673833414,3.7244197520474414,0.4971273199847776,0.06398318732581763,Electronic Components,Technology,JBL
2021Q1,2021,Q1,2021-01-08,2020-11-30,200442000.0,7832529000.0,313950000.0,1.31,634560000.0,0.08101597836407627,15269478000.0,1979371000.0,9847192000.0,9662004000.0,13275527000.0,3271842000.0,2228729000.0,5739000540.0,7804156540.0,13.18200949672676,1.0191666242324056,0.20778241404192074,1.6028975871627906,0.039514649711140076,13.18200949672676,0.10126550303101339,0.7327136024647978,7.1579316460622024,2.8994061952003944,0.06891769190089901,2.1999745097715597,0.00240703932744359,0.512953291527058,0.6052058144459472,0.013126971334580004,-19.967227655599277,0.08101597836407627,1.9772727272727275,0.9266908268924371,0.9065651918343884,0.05315879793311199,0.2931703827789224,1.9593834433272799,0.5932261878783881,2.70230938330006,0.6523729976304143,0.0011301833865707974,Electronic Components,Technology,JBL
2020Q4,2020,Q4,2020-10-22,2020-08-31,67731000.0,7300015000.0,197053000.0,0.44,490701000.0,0.06721917694689668,14397416000.0,1811384000.0,9134885000.0,9059483000.0,12572017000.0,3131783000.0,2040922000.0,5142648500.0,6890331500.0,12.028580915067401,1.0083229914996252,0.21818081800234154,1.7341656987143532,0.02195962670724912,12.028580915067401,0.03739185065121476,0.7044709497172266,18.981886063988423,2.83907139513212,0.17792443637330027,2.1742611157925054,0.0023433450682075587,0.5070364709889608,0.5900998986366,0.004704385842570639,14.590770841431201,0.06721917694689668,2.2941176470588234,-0.005582805281416146,1.008135451829924,0.0075745332561634425,0.07574953743083385,2.3291534204639115,2.318284386366698,0.7595111696368826,0.7245635203191884,-0.08669703100138791,Electronic Components,Technology,JBL
2020Q3,2020,Q3,2020-06-29,2020-05-31,-50958000.0,6335642000.0,59384000.0,-0.34,456148000.0,0.07199712357484846,13390876000.0,1632302000.0,8266292000.0,8768284000.0,11745572000.0,3283701000.0,1985546000.0,4669398540.0,6807614540.0,10.829813631628882,0.9427491171590702,0.21668134332660538,1.7775834373786223,-0.04379784772503088,10.829813631628882,-0.03121848775532959,0.7370047960411905,-22.908074002119395,2.8606217109333936,-0.23805879351622905,1.7905083319096349,0.0025979791393004547,0.47313125743229945,0.5051358966018893,-0.0038054269190454753,16.30490446260214,0.07199712357484846,-16.0,-1.907397878036625,0.8688745800728999,-0.09214355285586853,0.060501017146178435,-14.521778860798051,-0.34476442679024605,-1.4210755351799553,0.6950298581320458,-0.15762527395852696,Electronic Components,Technology,JBL
2020Q2,2020,Q2,2020-04-01,2020-02-29,-3283000.0,6125083000.0,90630000.0,-0.02,430125000.0,0.07022353819531915,13139678000.0,1746831000.0,7977839000.0,8405141000.0,11380538000.0,3339890000.0,2048954000.0,4873458900.0,7000946900.0,11.487925659945548,0.9491618284571312,0.2149392854223673,1.616775177449908,-0.0016144388229393115,11.487925659945548,-0.0018794033309461533,0.7956559772332881,-371.113227231191,2.7898857416659077,-3.8224185196466647,1.7051334025970915,0.002574967852914488,0.46615168195141465,0.4840437536978856,-0.00024985391575044685,-31.411272317112473,0.07022353819531915,-1.076923076923077,-1.080440950685291,0.8093038778086356,-0.009333933896002117,-0.22337538526539302,-1.081218148532977,-0.40679020022385276,-1.1908108535393156,0.654800261798749,-0.12990673977477146,Electronic Components,Technology,JBL
2020Q1,2020,Q1,2020-01-03,2019-11-30,40422000.0,7505698000.0,152779000.0,0.26,553839000.0,0.0737891399307566,14444963000.0,1835686000.0,9252231000.0,9562048000.0,12595670000.0,3342198000.0,2064758000.0,5946404000.000001,7816097000.000001,11.990111038536904,0.967599305086107,0.17926906424059377,1.4106633705328688,0.012464933071149153,11.990111038536904,0.0220201058350938,0.7922519664393639,36.777027361337886,3.2393361391872033,0.3396912572361585,2.0800260786464477,0.0023091266587335806,0.5196065922771834,0.5622819504775546,0.002798345693235767,-28.390701316310896,0.0737891399307566,-0.23529411764705885,-0.29202242157410135,1.0847311752810458,0.03800736510750825,0.11869038818125628,-0.23261509254864737,-0.19481936282906007,-0.44424500478176276,0.7794487954705331,-0.064143586076097,Electronic Components,Technology,JBL
2019Q4,2019,Q4,2019-10-22,2019-08-31,52675000.0,6573453000.0,189745000.0,0.34,495078000.0,0.07531475466547034,12970475000.0,1887443000.0,8345085000.0,8532105000.0,11069717000.0,3023003000.0,2037037000.0,4417350870.0,5750472870.0,12.309919322754636,0.9780804385318747,0.19247290480880616,1.322670406470553,0.02283214223911694,12.309919322754636,0.027908127556699726,0.6719985477951999,20.965120408163266,2.340389018370356,0.2328998576174656,2.01070756463027,0.002777230145632511,0.5068012543873682,0.5649847253403468,0.004061146565565255,5.1117516628942,0.07531475466547034,0.21428571428571425,3.5972620573886016,1.093303358316638,0.08751271356657331,0.1155455510264782,0.21142081780966837,0.3464922862941569,0.7069403408213395,0.8301112550045024,-0.04506868846094503,Electronic Components,Technology,JBL
2019Q3,2019,Q3,2019-06-28,2019-05-31,43482000.0,6135602000.0,140918000.0,0.28,443799000.0,0.07233177771309156,12608777000.0,1854973000.0,7974369000.0,7867215000.0,10741577000.0,3159369000.0,1996901000.0,3759540510.0,5997126510.0,12.132808769761068,1.0136203218038404,0.23251041714830867,1.580439176203643,0.015603342111376586,12.132808769761068,0.023440772453291774,0.6127419135074277,21.615498999586034,2.026735974054609,0.2831976450025298,1.8015632235424226,0.003275400269593052,0.4866135708483067,0.5453222010584432,0.003448550164698765,-15.208804830194785,0.07233177771309156,-0.34883720930232553,-0.6948205255811868,1.141328210611326,0.017314991751190396,-0.024347401698052648,-0.3544258692876444,-0.08484702856808868,9.431507218167807,0.7800385920233345,-0.06924352660314628,Electronic Components,Technology,JBL
2019Q2,2019,Q2,2019-04-04,2019-02-28,67354000.0,6066990000.0,153983000.0,0.43,454874000.0,0.07497523483638509,12476594000.0,1847175000.0,7906057000.0,7751860000.0,10617742000.0,3248273000.0,1966100000.0,4394190000.0,6302706000.0,11.938439166262723,1.0198916131096278,0.21300468701634437,1.4387229147211282,0.022920358295413217,11.938439166262723,0.03646324793265392,0.724278431314375,16.310055824449922,2.3788704372893745,0.19143629183122013,1.7277230085032877,0.0029343291937763273,0.4862697303446758,0.532202722959393,0.005398428449302751,-41.38863510064143,0.07497523483638509,-0.4342105263157895,3.3107220282667345,1.249784321427134,0.06752684953913463,-0.12465313191571249,-0.45506472491909383,-0.2894513405011305,0.05316491233931318,0.7003608601144437,-0.07590723765427966,Electronic Components,Technology,JBL
2019Q1,2019,Q1,2019-01-09,2018-11-30,123600000.0,6506275000.0,216710000.0,0.76,519650000.0,0.07986904949452643,12778337000.0,1891916000.0,8220739000.0,8035311000.0,10872824000.0,3214513000.0,1911451000.0,4034078290.0,5742774290.0,11.710517031140713,1.0230766425842137,0.19666917533948275,1.3283385731713246,0.03701905568337704,11.710517031140713,0.06533059607297576,0.6200288629054259,8.15954346682848,2.1322713534850384,0.11754045307443366,1.862373865030255,0.00360131830758297,0.5091644554373547,0.5405409946173833,0.009672620153937089,-12.481446167459762,0.07986904949452643,3.235294117647059,0.3284561301493447,0.7882129996463563,0.0029265005949438406,0.17528785675352315,3.156541159228112,0.40815875656287365,0.10423517124265988,0.47197985615338506,-0.06440409993985985,Electronic Components,Technology,JBL
2018Q4,2018,Q4,2018-10-19,2018-08-31,-57314000.0,5771831000.0,153896000.0,-0.34,442147000.0,0.07660428727036533,12045641000.0,1950257000.0,7549923000.0,7230873000.0,10082261000.0,3457706000.0,1760097000.0,4935574080.0,6196324080.0,11.680423793780845,1.0441233029538757,0.20909630296968007,1.2914703036574153,-0.017958962328093294,11.680423793780845,-0.029387921694422836,0.8551141015736601,-21.528658268485884,2.5307300935210075,-0.2365739609868444,1.5413930507683418,0.0027471981536948183,0.4791634583829951,0.40814117465484456,-0.00475806974489776,9.46391586052175,0.07660428727036533,-2.3600000000000003,-1.5484879608776378,0.4571531260103867,0.015141664712716827,0.11028885535134483,-2.3472649914200416,0.3622611112586416,-1.7589352853816722,0.43200899323567565,-0.021588861117373587,Electronic Components,Technology,JBL
2018Q3,2018,Q3,2018-06-28,2018-05-31,42541000.0,5436952000.0,112971000.0,0.25,398227000.0,0.0732445311269991,11175510000.0,2173141000.0,6731987000.0,6581425000.0,8989952000.0,3343782000.0,1830921000.0,4822135920.0,6593276920.0,12.744648533258266,1.0228768085938835,0.21910704746360568,1.1267713415742466,0.014669430988641935,12.744648533258266,0.019575812153928347,0.8869189796047491,28.33816741496439,2.2189705684076646,0.3254037281681202,1.506893990098637,0.002870719579385062,0.4865059402210727,0.34402534405542873,0.003806627169587786,-12.75359936524729,0.0732445311269991,0.19047619047619052,0.009484461758972586,0.4462629555215957,0.1709706014624321,0.0027547446321509418,0.14026482255816447,-0.12785257696939753,-0.33040443769323674,0.4176352839692033,0.06837584939716611,Electronic Components,Technology,JBL
2018Q2,2018,Q2,2018-04-05,2018-02-28,37308000.0,5301101000.0,129532000.0,0.21,397133000.0,0.07491519214593345,11488257000.0,2282095000.0,7036175000.0,6765060000.0,9193911000.0,3387995000.0,1802372000.0,4730862150.0,5998702150.0,13.067798551264065,1.040075771685691,0.19225161832643542,0.9678107177834402,0.012548618809236434,13.067798551264065,0.01634813625199652,0.8924301102733186,31.701392127693794,2.073034711526032,0.3806154176048033,1.4474543203280996,0.0030015670610905455,0.46143649119270225,0.36817042273091444,0.0032474900239435798,182.04025511774665,0.07491519214593345,-0.39999999999999997,-0.5114596479316847,0.3912899718076487,0.21578820446082747,-0.15374878804990572,-0.41518927815659534,-0.11129711706025221,-0.20404912330279024,0.3634637628506716,0.1269070645676216,Electronic Components,Technology,JBL
2018Q1,2018,Q1,2018-01-04,2017-11-30,63795000.0,5585532000.0,145754000.0,0.35,469285000.0,0.08401795925616395,11519565000.0,2329739000.0,6922128000.0,7249724000.0,9174873000.0,3283215000.0,1779335000.0,5104603600.0,6478797600.0,13.167128227155581,0.95481262459095,0.18407396459848963,0.910167190402015,0.01948542333260251,13.167128227155581,0.027382895680589114,0.9138974765519202,20.003932910102673,2.1910624323153796,0.254424327925386,1.5583039794835245,0.003179678829517732,0.48487351735937945,0.31463432263076496,0.005537969532703709,-18.75286035473395,0.08401795925616395,0.3999999999999999,-0.3040171915176637,0.3909649491502189,0.29732576548248185,0.10207882240769531,0.3965936207009786,0.2346070118671489,-0.033176198021753714,0.34240173517903577,0.13990404535655163,Electronic Components,Technology,JBL
2017Q4,2017,Q4,2017-10-19,2017-08-31,45679000.0,5023029000.0,118057000.0,0.25,425818000.0,0.0847731518173596,11095995000.0,2353514000.0,6626683000.0,6870593000.0,8727651000.0,2942083000.0,1730893000.0,5602150950.0,6490321950.0,13.170416962791764,0.9644994253043369,0.18728288900634868,0.8829732901525124,0.015028703771360945,13.170416962791764,0.019408849915488073,1.1152933717882179,30.66042902646731,2.3803346612767124,0.3154403555244204,1.5625701246361847,0.002572047795320474,0.45268847002905105,0.3765821960346072,0.004116710578907074,11.435901782907441,0.0847731518173596,2.7857142857142856,-0.3650387436240417,0.3326416081041375,0.2867618193091831,0.3045295099796272,2.8068509948182427,1.7212733098218196,2.9325431132946713,0.3724788808453784,0.16353288063660423,Electronic Components,Technology,JBL
2017Q3,2017,Q3,2017-06-30,2017-05-31,-25281000.0,4489557000.0,43383000.0,-0.14,326415000.0,0.07270539164554543,10329649000.0,2327477000.0,5893361000.0,6117235000.0,7986806000.0,2706530000.0,1698704000.0,5416656960.0,6856300960.0,12.856289839702162,0.9634027465023005,0.21138908011298352,0.9381725361840311,0.0585937638597884,12.856289839702162,-0.010861976294502588,1.2065014343285985,-53.56450456864839,2.327265515405738,-0.5779043550492464,1.5381843171884295,0.002697235602676969,0.4346282240567903,0.3578543247071594,-0.0024474210111108327,218.81062250050496,0.07270539164554543,-2.272727272727273,-1.284331084809275,0.20349983965245458,0.31717901541388605,-0.09806191697245678,-2.2233728526494074,-0.4784631475181227,-1.149846483139847,0.32323215234012265,0.07797762582596787,Electronic Components,Technology,JBL
2017Q2,2017,Q2,2017-04-05,2017-02-28,20665000.0,4445637000.0,83183000.0,0.11,361904000.0,0.08140655658570414,10014828000.0,2411308000.0,5636521000.0,5301206000.0,7587730000.0,2498137000.0,1738823000.0,4658942320.0,6006713320.0,13.203096938105041,1.0632525881846508,0.20997554825704445,0.8720864360753583,0.007677400239026491,13.203096938105041,0.008570037506614668,1.0479808225457905,56.36271860633922,1.932122449724382,0.7201064601984031,1.634711386925537,0.0031940725980054633,0.44390547695876553,0.41288227622167484,0.002063440330677671,124.38772713923375,0.08140655658570414,-0.7659574468085106,-0.7599261111622705,0.1911196767518242,0.36784615350463185,-0.16130019049561303,-0.7652424824201666,-0.4977084301992066,1.6006249070899672,0.39664239655073696,0.1806116597155926,Electronic Components,Technology,JBL
2017Q1,2017,Q1,2017-01-09,2016-11-30,88027000.0,5104898000.0,165607000.0,0.47,431506000.0,0.08452783973352651,10543846000.0,2373945000.0,6083416000.0,5857097000.0,8151884000.0,2506199000.0,1733208000.0,3918925799.9999995,5282420800.0,12.811913088530536,1.0386401317922513,0.20020303786682772,0.8891992021719122,0.024525475465107346,12.811913088530536,0.03708047153577695,0.7676795501105016,11.129897077033181,1.6508073270442236,0.18243266270576072,1.8647330080332807,0.004097806597920277,0.4841590061159846,0.38706307920118105,0.0083486613897813,-328.60353848733854,0.08452783973352651,1.3499999999999996,-0.13553368007382244,0.30780127488528564,0.38604929759094403,0.3332529993913159,1.3124228334252765,0.7654389424870742,-0.17507634258827784,0.22332827020317447,0.09725361618425817,Electronic Components,Technology,JBL
2016Q4,2016,Q4,2016-10-20,2016-08-31,38067000.0,4430763000.0,93805000.0,0.2,323649000.0,0.07304588397077433,10322677000.0,2438171000.0,5848381000.0,5568056000.0,7865180000.0,2456612000.0,1660820000.0,4007855410.0000005,5215618410.0,12.890895056017003,1.050345219229117,0.20535583938158677,0.8694312252914173,0.013229113623776772,12.890895056017003,0.015612932809060563,0.9045519721998221,26.321061615047157,1.6437958658354974,0.4022906979798776,1.6718610834759418,0.003820996127203102,0.42922615906707146,0.4079824269008789,0.0036877062025674153,23.2304430056919,0.07304588397077433,5.666666666666667,-0.6383054235034027,0.12408407697194877,0.4180315961294507,0.00797914583897822,6.302321120276233,0.5740414464300696,-0.6784065544925488,-0.012533745982172122,0.12034331098239949,Electronic Components,Technology,JBL
2016Q3,2016,Q3,2016-06-30,2016-05-31,5213000.0,4310752000.0,59595000.0,0.03,321087000.0,0.07448514783499492,9906074000.0,2492452000.0,5532726000.0,5387664000.0,7394817000.0,2292350000.0,1637392000.0,3648210479.9999995,4912132480.0,13.035427758543142,1.0269248416382313,0.21713072201964168,0.8629706810803177,0.0030873937451283005,13.035427758543142,0.0020915147011858204,0.8463048860152473,174.95734126222902,1.463703405321346,2.9401496259351623,1.740425763954021,0.0042012378627891015,0.4351625073666924,0.4053547140281948,0.000526242788010669,17.964931404315667,0.07448514783499492,-0.926829268292683,-0.9438279233808151,0.15029386891367927,0.45436660347248603,-0.1961430327489216,-0.9339541365767136,-0.615339929903375,-0.8896840790014129,0.022594206855171613,0.19768722086829976,Electronic Components,Technology,JBL
2016Q2,2016,Q2,2016-04-05,2016-02-29,78930000.0,4403594000.0,154929000.0,0.41,399433000.0,0.09070613685094493,9898202000.0,2466991000.0,5565223000.0,5372934000.0,7412988000.0,2293024000.0,1648119000.0,3981453450.0000005,5447749450.0,12.919091732693747,1.0357884537572954,0.23736775628543447,0.9523804505164388,0.020887157146439725,12.919091732693747,0.031994441811907706,0.9041372683312768,12.610710281261879,1.6138905452026377,0.19325985050044342,1.7462359748524219,0.003831264183184158,0.44488827364808275,0.43413077473127343,0.007974175511875794,-14.385786575517683,0.09070613685094493,-0.39705882352941185,0.6052953869523106,0.26301535746777116,0.5512282188190367,-0.17393156648432895,-0.40152405504795846,-0.2777303813932672,-0.054772646140660144,0.05695026691028693,0.20195297466053336,Electronic Components,Technology,JBL
2016Q1,2016,Q1,2016-01-06,2015-11-30,131885000.0,5207977000.0,214503000.0,0.68,483535000.0,0.09284507208845201,10221152000.0,2382605000.0,6317174000.0,5775331000.0,7819855000.0,2503625000.0,1585136000.0,4871184450.0,5907599450.0,12.516639962175935,1.0938202503025367,0.2119877485434127,0.9094075602124565,0.03421856763233292,12.516639962175935,0.05535327928884561,0.9353314060334752,9.233772699700497,2.044478396544958,0.12541987337453084,1.887040591142843,0.0033956833640327454,0.5095293563778329,0.48564870134716087,0.012903144381376972,-45.58089296241192,0.09284507208845201,0.5111111111111112,0.39243513695290816,0.4369020505877045,0.5865481687719363,0.28403372502157603,0.5037855465097717,0.42637798155376605,0.3373934450166645,0.2055149923380282,0.2332347069203224,Electronic Components,Technology,JBL
2015Q4,2015,Q4,2015-10-16,2015-08-31,87702000.0,4680814000.0,150383000.0,0.45,376575000.0,0.08045075066003478,9603207000.0,2314856000.0,5866309000.0,5675141000.0,7268196000.0,2507264000.0,1468910000.0,3752042400.0000005,4508470400.0,11.938154963280798,1.0336851542543173,0.17394095534960352,0.7215960733626627,0.0283158169439423,11.938154963280798,0.03788658992179211,0.8015790415940476,10.695429978791818,1.6208534785749094,0.17690588584068778,1.7167075345875025,0.004135081202707091,0.4874219622673967,0.4195860508135393,0.0091325741494482,28.934200115673804,0.08045075066003478,0.21621621621621626,0.6522123827717571,0.3404697056108738,0.6219303704407773,0.0019636172063953257,0.2146586706923535,0.11047687967981569,0.12349366927060845,0.1444572132331143,0.16636869152621936,Electronic Components,Technology,JBL
2015Q3,2015,Q3,2015-06-22,2015-05-31,72203000.0,4358641000.0,135422000.0,0.37,375837000.0,0.08622802382669277,8965533000.0,2311660000.0,5502641000.0,4726542000.0,6634595000.0,2260736000.0,1397187000.0,4681845600.0,5390278600.0,11.928993472146967,1.1642001700185887,0.18640576081756657,0.7229553654084078,0.023536924354499424,11.928993472146967,0.031234264554476004,1.0741526085768478,16.210703156378543,2.0253175640016265,0.2152957633339335,1.7617289236779528,0.003320271817592618,0.48615525702710594,0.4593516782459566,0.008053397383066907,51.879854616373386,0.08622802382669277,0.37037037037037024,0.5315991566565887,0.39213851244555586,0.7018627968080149,0.021798765153513006,0.3898021250384971,0.08466892535902797,-0.24136142481134618,0.09154899115191889,0.22217374315864252,Electronic Components,Technology,JBL
2015Q2,2015,Q2,2015-04-07,2015-02-28,51952000.0,4309323000.0,124851000.0,0.27,367819000.0,0.08535424241812462,8578156000.0,2244565000.0,5342182000.0,4425740000.0,6314187000.0,2105183000.0,1340972000.0,4252535170.0,4960157170.0,11.596163483346336,1.2070709079159643,0.19515103245965684,0.7458175637595703,0.019784200460920037,11.596163483346336,0.023145687471737286,0.9868220994341803,20.463770259085308,1.8945921236408834,0.2977941176470588,1.872285687277543,0.0036380651497351403,0.5023600643308422,0.5051324750211265,0.0060563132682595186,64.63507014424027,0.08535424241812462,-0.27027027027027023,0.9221321217696605,0.5828882057266989,0.6705298763234101,-0.03960447743657095,-0.28006429976996206,-0.1375012952920452,-0.4305300565025982,0.0894052553017484,0.20136720123049404,Electronic Components,Technology,JBL
2015Q1,2015,Q1,2015-01-09,2014-11-30,72162000.0,4550418000.0,144755000.0,0.37,382987000.0,0.08416523493006577,8869908000.0,2235158000.0,5737357000.0,4722928000.0,6615996000.0,2099214000.0,1305041000.0,3918415500.0,4674775500.0,11.551084743310147,1.2147881568383003,0.18916363055851312,0.750669080217148,0.023958633826464616,11.551084743310147,0.032284965984507585,0.8611111111111112,13.575065477675231,1.753082108736832,0.23013497408608408,1.9852339971055832,0.004238192708251588,0.5130174969120311,0.5306661460856485,0.008135597347796618,-456.95807580174926,0.08416523493006577,3.846153846153846,1.8167885520381868,0.6269939116696994,0.6799083300237635,0.4603778045543981,3.7545902202542276,2.103466758141629,-0.3214029792227595,0.1162904027641456,0.24964732310050436,Electronic Components,Technology,JBL
2014Q4,2014,Q4,2014-10-21,2014-08-31,-26197000.0,4056245000.0,46643000.0,-0.13,262252000.0,0.06465388555178496,8479746000.0,2241828000.0,5359017000.0,4321097000.0,6219378000.0,2008077000.0,1245772000.0,4273983739.9999995,4956279740.0,11.319333713702898,1.2401982644684904,0.19841926869035936,0.7505236797827487,-0.015177079172194446,11.319333713702898,-0.011685553039751488,1.0536798788041648,-40.78695785776997,1.906472637508319,-0.6126274000839791,1.8893662942207894,0.003755044702158834,0.4783451060916211,0.5163422621616687,-0.003089361403042025,-35.65753733460146,0.06465388555178496,-1.1397849462365592,-6.132021244611829,0.563116419840095,0.6852072713312711,0.21441074322759898,-1.139156994502138,29.91692498450093,-1.237708421420934,-0.01724758971769912,0.24515580829834752,Electronic Components,Technology,JBL
2014Q3,2014,Q3,2014-06-30,2014-05-31,188255000.0,3785875000.0,-1613000.0,0.93,215950000.0,0.057040974675603394,8221330000.0,2409209000.0,5157158000.0,3888158000.0,5791051000.0,1861235000.0,1288029000.0,3801790560.0,4221931560.0,11.92630489881589,1.3263756256818782,0.2119373629327615,0.7232278312093305,-0.0006011768882438055,11.92630489881589,0.0781397545833508,1.0042039317198799,5.048724549148761,1.5780243889176904,0.08695652173913043,1.918040978167722,0.00430586581287108,0.4604942266032382,0.6052680986729448,0.022898363160218604,25.969933876168096,0.057040974675603394,5.894736842105264,7.713170219848847,0.48483441630067103,0.753926877680415,0.013136288998357963,5.868621822225671,-1.4430101620433946,0.9200486003470852,-0.04378624972692935,0.3306214317593413,Electronic Components,Technology,JBL
2014Q2,2014,Q2,2014-04-07,2014-02-28,-38667000.0,3577315000.0,3641000.0,-0.19,213150000.0,0.059583793990744455,8128208000.0,2295377000.0,4962679000.0,3914995000.0,5807784000.0,1821815000.0,1116461000.0,3799196010.0000005,4960228010.0,11.183268291019289,1.267608004607924,0.2258998539407456,0.799938746445573,0.0009565421751300344,11.183268291019289,-0.016845598783990605,1.0620244540947612,-24.56355555124525,1.6551512060981706,-0.42752217653296093,1.8466007799913822,0.004351183765325128,0.44011115365157977,0.4194554526889562,-0.004757137120506759,-57.176336177705544,0.059583793990744455,-1.3333333333333335,0.9550374694353339,0.24775275566847024,0.6485128126958043,-0.42199745098570923,-1.3279031902443987,-0.978913290244863,-1.7316504342785353,-0.04542766206169124,0.34280348112646236,Electronic Components,Technology,JBL
2014Q1,2014,Q1,2014-01-09,2013-11-30,117922000.0,4611442000.0,172668000.0,0.57,368770000.0,0.07996847840653748,9029402000.0,2390872000.0,5608695000.0,4679410000.0,6611654000.0,2166797000.0,1172105000.0,4150525740.0,5176356740.0,11.67634619704828,1.198590206885056,0.1988009837196306,0.750794689134341,0.03507584246526014,11.67634619704828,0.04932175373671196,0.9000494292240908,8.799303225861163,1.7359882670423177,0.1633367819406048,1.9580385241441631,0.004640616925796971,0.510713998557158,0.4758078475705271,0.013059779595592267,-48.66596791970546,0.07996847840653748,-0.06557377049180334,1.4309176696273531,0.37429910898216007,0.052132068780045886,0.046913369955570695,-0.07161920657539424,0.9539210139187507,0.15741560221837148,0.18279582697859903,0.48003663386141276,Electronic Components,Technology,JBL
2013Q4,2013,Q4,2013-10-28,2013-08-31,127019000.0,4814858000.0,88370000.0,0.61,352245000.0,0.0731579207528031,9153781000.0,2335287000.0,5820245000.0,4864434000.0,6798214000.0,2302155000.0,1071175000.0,4631524380.0,5526113380.0,11.506200759759361,1.196489663545646,0.2082158181411594,0.8161575001273933,0.04732416002637187,11.506200759759361,0.05439117333329908,0.9619233589027963,9.115810193750542,1.9832784492869613,0.12154087183807147,1.9384502781089892,0.0033332438163695905,0.5259966346147018,0.47402143805425256,0.013876123975437036,38.48603059588011,0.0731579207528031,1.5416666666666667,1.2469496972271243,0.4998284296565244,-0.12546137586733214,0.059399389464503224,1.536169957869936,-0.14820812368669636,1.2861436634335783,0.31733902177489276,0.563244615105395,Electronic Components,Technology,JBL
2013Q3,2013,Q3,2013-07-02,2013-05-31,50083000.0,4467767000.0,103746000.0,0.24,332495000.0,0.0744208460288999,8133484000.0,2205587000.0,5808189000.0,4089573000.0,5926465000.0,2356304000.0,961160000.0,4065118879.9999995,4374210880.0,10.883833050412537,1.4202433848228164,0.20419515179472905,0.7530049823471031,0.018521922483492693,10.883833050412537,0.022707333693932727,0.9098770996786537,20.291909829682723,1.843100671159197,0.3393367010762135,1.7549823791836707,0.004180689544803669,0.5493054390959643,0.579967639653333,0.0061576318340332385,9.622129730446225,0.0744208460288999,-0.4418604651162791,0.320814333814008,0.4667858007452071,-0.1641883294766607,0.024552656635657432,-0.43430133396586584,-0.3039096624418784,0.015916576608879674,0.3645821929411583,0.5527538512294011,Electronic Components,Technology,JBL
2013Q2,2013,Q2,2013-04-05,2013-02-28,88533000.0,4417251000.0,149041000.0,0.43,324527000.0,0.0734680913536496,8247641000.0,2176103000.0,5897273000.0,4228588000.0,6069651000.0,2496618000.0,927361000.0,3792038340.0,4493689340.0,10.748416955615486,1.3946199062192863,0.21379519307399533,0.8103044754774935,0.028070288014621823,10.748416955615486,0.04068419555508172,0.8584611424616804,10.707979905797838,1.7425821939494592,0.18294873098166786,1.639307254854367,0.004271317573228967,0.5355775063439352,0.5611833075248759,0.010734342098546724,-74.0386656774118,0.0734680913536496,-0.15686274509803924,4.729692276556184,0.46291855875512733,-0.15460328220947075,-0.07435359888190077,-0.16357572722892477,-0.1247349968581345,2.131620020686627,0.5512299756951414,0.5484044937209958,Electronic Components,Technology,JBL
2013Q1,2013,Q1,2013-01-08,2012-11-30,105847000.0,4637018000.0,170281000.0,0.51,350595000.0,0.07560785832619153,8185500000.0,2073713000.0,5946076000.0,4269490000.0,6109455000.0,2465801000.0,855819000.0,3882042000.0,4517716000.0,10.149438620190097,1.3926899934184176,0.20349496060106287,0.8032490513393126,0.034436462169227536,10.149438620190097,0.051042260910743195,0.8371850184752356,9.168993925193913,1.872024720875068,0.1752624070592459,1.7383491206305781,0.004778670606861028,0.5664917231690184,0.5788112865939492,0.012931036589090466,-266.4224830142063,0.07560785832619153,0.30769230769230765,0.7099478177346079,0.37903894538848054,-0.1939718555101246,0.10406930605766687,0.27839172916893123,0.1803102559126071,2.9129389175414895,0.570190141373044,0.47606279946971025,Electronic Components,Technology,JBL
2012Q4,2012,Q4,2012-10-25,2012-08-31,82797000.0,4338080000.0,144268000.0,0.39,317548000.0,0.0732001254010991,7803141000.0,2105057000.0,5639328000.0,3858996000.0,5695806000.0,2268949000.0,766934000.0,4685071480.0,5144172480.0,10.235318428909007,1.4613459044787815,0.2148310532899508,0.796347557334552,0.027486315565806132,10.235318428909007,0.03933242662787754,1.079987340021392,14.146259767865986,2.2256268975139393,0.19957244827711149,1.7719798902487451,0.0035269472558826357,0.5559402297100616,0.609801098524072,0.010610727141800974,19.785431556542818,0.0732001254010991,-0.18749999999999994,6.02665895355164,0.379189030294437,-0.14259588632314812,-0.03575517045575317,-0.18281681800236874,-0.07876605173591822,14.619618069553857,0.6098433828621109,0.523820524869557,Electronic Components,Technology,JBL
2012Q3,2012,Q3,2012-07-03,2012-05-31,101320000.0,4250918000.0,156603000.0,0.48,329323000.0,0.0774710309631943,7372838000.0,2013566000.0,5335037000.0,4051238000.0,5356961000.0,2377485000.0,701367000.0,3946480740.0,4640923740.0,9.76047271422893,1.316890540619929,0.19484654348840977,0.7134466910943074,0.035755531090773354,9.76047271422893,0.05031868833701006,0.9283831727640948,9.737664676273193,1.9599460559028112,0.1635215159889459,1.6494720261116265,0.004198170747945928,0.5765646824194428,0.46339736149789273,0.0137423336848036,52.610624025168974,0.0774710309631943,0.04347826086956513,15.05033447958935,0.3984366246772464,-0.18240945563448588,0.02222160142039458,0.03707343036704948,0.04250489288900132,4.537935181579863,0.632555797529324,0.4354115191245965,Electronic Components,Technology,JBL
2012Q2,2012,Q2,2012-04-06,2012-02-29,97698000.0,4236174000.0,150218000.0,0.46,322164000.0,0.07605070046697798,7167054000.0,2000832000.0,5113350000.0,3851493000.0,5148260000.0,2350842000.0,617661000.0,5354223210.0,6040950210.0,9.652472176258039,1.3276280133444356,0.19451185940555213,0.6967486525605349,0.03555511950604038,9.652472176258039,0.048828687266097306,1.2639290099981728,13.700953985752012,2.675998389669897,0.17011607197690842,1.6649396258872353,0.003104091732477474,0.5910621016668773,0.47774616233237344,0.013631542332456264,-28.690972473033003,0.07605070046697798,-0.14814814814814817,5.8960538415909856,0.4161715839838186,-0.17654584145913224,-0.05248669156789506,-0.13443546672336806,-0.12071972934056029,1.1124887669945067,0.46304727643475185,0.42285990487498404,Electronic Components,Technology,JBL
2012Q1,2012,Q1,2012-01-09,2011-11-30,112872000.0,4326769000.0,170842000.0,0.54,340010000.0,0.07858288713818556,7199374000.0,1898499000.0,5317006000.0,3999383000.0,5283661000.0,2384555000.0,537287000.0,4163214760.0,4497695760.0,9.243475762946229,1.3294565686757183,0.1661790316769208,0.6301741533706365,0.04386207072976087,9.243475762946229,0.05945328388374184,0.962199451831147,9.221097260613792,2.192898052619464,0.1375717627046566,1.6719090144702051,0.003729809989432301,0.6009923918385126,0.5008120002510387,0.015678029784256243,367.1588993738425,0.07858288713818556,-0.029561108777824363,1.6971984054264297,0.32694812573605625,-0.20715303973032875,0.03282776888424468,-0.012389752204955902,0.03190384150761053,1.4112065119005313,0.28553090138284093,-0.16708899230434357,Electronic Components,Technology,JBL
2011Q4,2011,Q4,2011-10-27,2011-08-31,114288000.0,4280295000.0,165560000.0,0.5564492570159892,329203000.0,0.07691128765657507,7057940000.0,1867120000.0,5135360000.0,3889888000.0,5174117000.0,2227339000.0,441793000.0,3460787800.0000005,3758930800.0000005,9.090696632714668,1.3201819692495003,0.16814452942359953,0.6356067097990488,0.044413978815848874,9.090696632714668,0.06121084879386435,0.808539551596327,7.57032190606188,1.8535433180513303,0.13216610667786644,1.7739068906888444,0.004364613166978917,0.6064510324542288,0.520167161625219,0.016192826802154735,20.902516186702748,0.07691128765657507,0.18393458939572185,3.4770829208670957,0.43286619640649704,-0.19541220865119543,0.034006960323642484,0.09162806246716654,0.08540446985242538,0.9978300532244588,0.31754375979771854,-0.30905383179251683,Electronic Components,Technology,JBL
2011Q3,2011,Q3,2011-06-30,2011-05-31,104695000.0,4227688000.0,152533000.0,0.47,318376000.0,0.0753073547527632,6955568000.0,1933355000.0,5076540000.0,3735858000.0,5006193000.0,2257984000.0,342725000.0,4654913900.0,4931412900.0,8.962958670406342,1.358868565132829,0.17074723444584253,0.6142917363857129,0.04028836708854714,8.962958670406342,0.054151979331266115,1.1010542641746506,11.11541597019915,2.4076871035065985,0.14415206074788672,1.731328477083983,0.003242165231026078,0.6078134812282764,0.5331706933186433,0.015051969875069873,107.76760429689308,0.0753073547527632,0.8799999999999999,0.5903225279662717,0.590963952626125,-0.25573135186770873,0.07414304993252362,0.8896991137664025,0.4576791123938036,1.593937387977273,0.30395084514879805,-0.31169970869224023,Electronic Components,Technology,JBL
2011Q2,2011,Q2,2011-04-08,2011-02-28,55403000.0,3928663000.0,104641000.0,0.25,296400000.0,0.07544551416092447,6613000000.0,1792000000.0,4772000000.0,3547000000.0,4821000000.0,2160000000.0,254000000.0,4611093100.0,4947601100.0,8.328298554631221,1.3453622779813927,0.1872838348707092,0.6911316964285714,0.024428585201159796,8.328298554631221,0.03091685267857143,1.1737054310843154,20.80705512336877,2.5731546316964287,0.2711044528274642,1.6816032407407406,0.0032573621209252964,0.5940818085588991,0.5616013532562729,0.008377892030848329,13.394411410146548,0.07544551416092447,-0.4897959183673469,-0.2254602963661795,0.6375424257662008,-0.2825019543893378,-0.04569031298395639,-0.48064718730372996,-0.329224358974359,3.1961111892135214,0.2242386064444192,-0.3449531878100024,Electronic Components,Technology,JBL
2011Q1,2011,Q1,2011-01-07,2010-11-30,106677000.0,4082181000.0,156000000.0,0.49,310591000.0,0.07608457341798416,6384454000.0,1691411000.0,4625047000.0,3425134000.0,4677327000.0,2158235000.0,213883000.0,3239508450.0,3907731450.0,7.889227827141491,1.3503258558643254,0.2033653935011514,0.7676295116917178,0.041548911291259816,7.889227827141491,0.06306982749905257,0.793572957690999,7.591862468010912,1.9152698250159186,0.14242995209839046,1.7475344436541898,0.0046902177396697334,0.6393939090171219,0.5390930690594878,0.016708868135004183,-17.60631124420507,0.07608457341798416,0.7899430917857932,0.3246526151491066,0.6210086846617419,-0.2741730554757866,0.08028646159411217,0.8176040619515769,0.5147101660355374,0.6423551388994835,0.15696969254367782,-0.37346882867797015,Electronic Components,Technology,JBL
2010Q4,2010,Q4,2010-10-21,2010-08-31,58691000.0,3860933000.0,102990000.0,0.2737517199561557,287508000.0,0.07446593867337248,6367747000.0,1578046000.0,4654018000.0,3605174000.0,4774975000.0,2094135000.0,123303000.0,2197548750.0,2639715750.0,7.360460831642529,1.290927428190706,0.18632901087307646,0.7518766880052926,0.02655894369595525,7.360460831642529,0.03719219845302355,0.569175572329279,9.360671781022644,1.3925758501336463,0.2550305839055392,1.7063966745219386,0.006811225462006247,0.6063263819997874,0.6069632145355536,0.009216917694751378,16.65730858732481,0.07446593867337248,0.1406321664839822,-0.2055137622170771,0.8100464771716346,-0.29436728361735875,0.09688150957217088,0.12800061501797005,0.06688904312514891,3.7780823656552083,0.1775147379501126,-0.3834203166769155,Electronic Components,Technology,JBL
2010Q3,2010,Q3,2010-07-02,2010-05-31,52031000.0,3455578000.0,96533000.0,0.24,262114000.0,0.07585243337004692,5693283000.0,1499172000.0,4057967000.0,2994499000.0,4181649000.0,1781798000.0,79805000.0,2761203710.0,3286891710.0,7.0093743717300745,1.3551405427084797,0.19778342302674923,0.7511059438143188,0.02526054259012418,7.0093743717300745,0.034706491316540064,0.7990569768646518,13.267108598719995,1.8418191575082778,0.28790528723261133,1.7922705042883649,0.005425170169715584,0.6069570052990515,0.6343031004518619,0.009139015221972982,-30.222340663069296,0.07585243337004692,0.7142857142857141,-0.16933064745589912,0.6892060512764495,-0.30572013484177796,0.17673942517486285,0.7442507542742206,0.562553618543518,6.950123782698811,0.09648721963364275,-0.4128564900458099,Electronic Components,Technology,JBL
2010Q2,2010,Q2,2010-04-06,2010-02-28,29830000.0,3004644000.0,61779000.0,0.14,222746000.0,0.07413390737804545,5449878000.0,1482901000.0,3858030000.0,2770057000.0,3959155000.0,1565335000.0,43413000.0,3326141250.0,3728359250.0,6.941607957870099,1.3927619539958924,0.21951959291565792,0.8067666014116923,0.016662877681103163,6.941607957870099,0.020115975375294776,1.1070001138238008,27.875806654374795,2.2429961609035263,0.5004693261816963,1.7771901861262924,0.004488384250067552,0.5513231672342023,0.7225793548652609,0.00547351702184893,-69.47118196248799,0.07413390737804545,0.07692307692307698,-0.38764864652307895,0.6550952423865237,-0.30632666148400195,-0.03896003037415435,0.05451074660633484,-0.06768381021369069,1.0430933685819044,-0.025335610929840886,-0.4078101614290832,Electronic Components,Technology,JBL
2010Q1,2010,Q1,2010-01-07,2009-11-30,28288000.0,3088256000.0,66264000.0,0.13,231776000.0,0.0750507729929125,5620251000.0,1469165000.0,4014836000.0,2947371000.0,4143254000.0,1416881000.0,28791000.0,2843881150.0,3176333150.0,6.876020873797768,1.3621753080966055,0.2107590924319928,0.8062532118584366,0.015671925799898206,6.876020873797768,0.019254474480402132,0.9208696267407883,25.133282222143666,1.9357125646200393,0.5299773755656109,2.0160338094730608,0.005271668965491051,0.549487202617819,0.7767596953352666,0.005033227163697849,78.34599162511364,0.0750507729929125,4.0438441982930815,-0.5229713684457907,0.5882999462986848,-0.288933826553063,0.21369660726722417,4.13673506446341,0.5358442461467146,-0.3502136321013116,-0.08957283300163635,-0.41021836500129066,Electronic Components,Technology,JBL
2009Q4,2009,Q4,2009-10-22,2009-08-31,5507000.0,2799528000.0,43145000.0,0.025773991996817448,190967000.0,0.06821399893124841,5317858000.0,1435162000.0,3676826000.0,2685926000.0,3875449000.0,1226656000.0,-13700000.0,2339631750.0,2697807750.0,6.716879226827042,1.3689230455343893,0.2321325616441808,0.860145405187707,0.009664019075188454,6.716879226827042,0.003837197473177244,0.8357236469862063,106.2117191755947,1.630221361769612,2.7154530597421465,2.1265627853285682,0.0063916041488153,0.5264390286464964,0.8096581960932654,0.001035567328048248,20.739945305297496,0.06821399893124841,1.1840999428344103,-0.8826741189022815,0.6232579315418785,-0.2561975731907375,0.28520280774485324,1.191467909046659,6.526450621237351,1.114735197455834,-0.099137664823091,-0.40551101414814283,Electronic Components,Technology,JBL
2009Q3,2009,Q3,2009-07-06,2009-05-31,-28762000.0,2615101000.0,-7807000.0,-0.14,148589000.0,0.05681960276104059,5169055000.0,1408845000.0,3514419000.0,2522034000.0,3753372000.0,1255510000.0,-5146000.0,1740396000.0,2191907000.0,6.7997731550750515,1.393485972036856,0.23610234365856042,0.86625995052685,-0.003250283146905297,6.7997731550750515,-0.020415304735439312,0.6655176989339991,-15.127564147138587,1.2353353278749615,-0.5206174813990682,1.9645498641986125,0.00860378902272816,0.5059147174870455,0.7726438263718888,-0.005564266582576506,62.15034103488912,0.05681960276104059,0.9665871121718378,-1.6943082140581034,0.5581928045054428,-0.22365929155906333,-0.04472631890244686,0.9667913635838817,0.9889353282906662,-1.4548516489115377,0.024559769755390298,-0.43535855069333756,Electronic Components,Technology,JBL
2009Q2,2009,Q2,2009-04-08,2009-02-28,-866100000.0,2887400000.0,-705579000.0,-4.19,155546000.0,0.05387061023758399,5293789000.0,1402297000.0,3672066000.0,2652784000.0,3884183000.0,1403588000.0,38570000.0,855783539.9999999,1323511540.0,6.783852818669543,1.3842310568821283,0.23473999435942763,0.8861632022317669,-0.3190483014550347,6.783852818669543,-0.6176295035930335,0.29638551638151966,-0.24702215102182196,0.6102726740483649,-0.017222029788708,1.9463361043269107,0.017429641145002627,0.54543163696173,0.7314025567102335,-0.1636068230146687,3.1353813969165834,0.05387061023758399,-2.1268656716417915,-21.96964226192316,0.8750809813414205,-0.2139283092367877,-0.30470737060430103,-2.1396701914397678,-1.9404025670945158,-13.603656943076688,0.2527743935931997,-0.41555875943002757,Electronic Components,Technology,JBL
2009Q1,2009,Q1,2009-01-09,2008-11-30,-275857000.0,3382509000.0,-239960000.0,-1.34,223713000.0,0.06613818322434618,6783051000.0,2290707000.0,4281925000.0,3258351000.0,4484513000.0,1611266000.0,919644000.0,1279748200.0,2029503200.0,11.097795175644709,1.3141386547980864,0.1960234413687882,0.5804483070073999,-0.06938783344143425,11.097795175644709,-0.1204243929930803,0.37834288097976976,-1.1597931174485332,0.5586695286651676,-0.053429856773618216,1.9604435270154028,0.011517109381361114,0.49867073091445135,0.6981160102149829,-0.04066857229880772,-8.607168222539077,0.06613818322434618,-5.811026769407387,-7.277984257226837,1.1678823756526113,0.331653771181263,-0.02733478260869565,-5.798264076116261,-3.7338080318997435,-4.557926983172433,0.3951273745160123,0.021022454894975066,Electronic Components,Technology,JBL
2008Q4,2008,Q4,2008-10-29,2008-08-31,57491000.0,3264874000.0,87775000.0,0.2785268226984027,230000000.0,0.07044682275640653,7032137000.0,2715725000.0,4139137000.0,3047640000.0,4309008000.0,1528862000.0,1210417000.0,3480089460.0,4076576460.0,13.156881173968442,1.3581449908781877,0.19473596717470096,0.5042520873799814,0.01891730622560712,13.156881173968442,0.02116966924117869,1.06591845810895,15.13319241272547,1.2814587117620524,0.2557617714076986,1.9850542429597962,0.004225178740089055,0.4642790662354843,0.7458190599939626,0.008175466433603328,-26.734341683759304,0.07044682275640653,0.4659306457810667,1.7700874605416168,1.4363555314833472,0.6534436536873229,0.09428971082204946,0.4954090258811289,0.3912443930196066,-0.19165538933334755,0.5898117467678843,0.26132398694379366,Electronic Components,Technology,JBL
2008Q3,2008,Q3,2008-07-08,2008-05-31,38445000.0,3088269000.0,63091000.0,0.19,210182000.0,0.06805819052679672,6928051000.0,2675513000.0,4089189000.0,2918620000.0,4244774000.0,1511600000.0,1167665000.0,2613489360.0,3148868360.0,13.021872551262272,1.40106934098992,0.20141999532047325,0.5215627806704732,0.013816197798143843,13.021872551262272,0.01436920695208732,0.8462635087811328,16.994988685134608,0.9768180382603262,0.3824684614384185,1.904000396930405,0.005626194705456921,0.44576302916938687,0.757007078687873,0.0055491797043641855,32.24738552655932,0.06805819052679672,2.5833333333333335,7.320664641379823,1.448161113874319,0.6229829073147001,0.11855458875495596,2.5988771054273236,37.921036397285626,-0.3610829748540941,0.5715045077537537,0.28981895380863215,Electronic Components,Technology,JBL
2008Q2,2008,Q2,2008-04-09,2008-02-29,-24045000.0,3058613000.0,1621000.0,-0.12,187905000.0,0.0614347091312304,6443926000.0,2607423000.0,3650792000.0,2664578000.0,3829012000.0,1482471000.0,1143924000.0,2649659440.0,3260013440.0,12.714050964979862,1.3701201466048283,0.1771781674711969,0.4378741002131223,0.0004926219656977204,12.714050964979862,-0.009221748830166797,0.8662944413039505,-27.548964857558744,1.0161985377899942,-0.6099812850904553,1.9364345069819242,0.005535428356785354,0.47465054688709957,0.7112784838724932,-0.0037314208760311648,57.049401227258045,0.0614347091312304,-1.4,-3.299823835420293,1.5815361914283044,0.6237240059098439,-0.21612838632703973,-1.3878163255431364,-0.9836113638661409,-1.5141581707147016,0.755007711984427,0.2705122836764456,Electronic Components,Technology,JBL
2008Q1,2008,Q1,2008-01-08,2007-11-30,62001000.0,3367947000.0,98910000.0,0.3,239714000.0,0.07117511053469666,6734039000.0,2576923000.0,4021079000.0,3243562000.0,4148003000.0,1472806000.0,1182673000.0,3468800550.0,4080361550.0,12.591915914565915,1.2397108487520818,0.1894876165700852,0.4951707909006206,0.022232253307107205,12.591915914565915,0.024060090270450456,1.0299451119628664,13.98687339720327,1.3461017461522908,0.23481879324527025,2.1239952851903103,0.004197128024555923,0.5001377330900519,0.7030687250621385,0.009207104384159344,45.022461256911456,0.07117511053469666,4.236221748400853,6.17699156342832,2.049917676181679,0.648686378115662,0.04429613236562606,4.287931769722815,0.6789448669201521,0.09160284181240938,0.8084572053322103,0.3021608907348573,Electronic Components,Technology,JBL
2007Q4,2007,Q4,2007-10-25,2007-08-31,11725000.0,3129831000.0,58912000.0,0.05729321912152026,229546000.0,0.07334134015542693,6295232000.0,2443011000.0,3666293000.0,2990847000.0,3843539000.0,1374400000.0,1131403000.0,4543207800.0,5141775800.0,11.937566272007192,1.2258376974816834,0.20049983860801318,0.5166546528034462,0.007572585499547233,11.937566272007192,0.0047994053240038624,1.451582465634726,96.87010234541577,1.85967553973355,1.2381236673773988,2.1102190046565776,0.003195319395251963,0.49717484597867084,0.6814591318111558,0.0018625207140896475,28.957733713214907,0.07334134015542693,0.909773970717342,5.175940068415361,2.056198942990139,0.0,0.048207900853467524,0.8808148861084376,0.7518213446727526,-0.7391953324426019,0.8947301511042702,0.3219220509209235,Electronic Components,Technology,JBL
2007Q3,2007,Q3,2007-07-06,2007-05-31,6234000.0,3001896000.0,33629000.0,0.03,218989000.0,0.07295022878873884,6219668000.0,2432124000.0,3593478000.0,3309219000.0,3779396000.0,1446505000.0,1134238000.0,4685744000.0,5451420000.0,11.938093929160448,1.0858991200038437,0.21287856522245238,0.5443941180630593,0.009799871642005265,11.938093929160448,0.002563191679371611,1.5609281600695026,187.91081167789542,1.9266057158269891,2.312159127366057,1.9238834293694111,0.003076139029362253,0.48264569748739,0.5776302505213465,0.0010023043030592629,45.25102848865283,0.07295022878873884,-0.5714285714285715,-0.7095624264658416,2.42092725074322,0.0,0.2768293393971197,-0.5515107913669065,-0.08317884405670666,-0.8469553727681012,0.8190575473886382,0.3629908067567841,Electronic Components,Technology,JBL
2007Q2,2007,Q2,2007-05-24,2007-02-28,13900000.0,2934862000.0,36680000.0,0.07,171510000.0,0.058438863564964895,6252530000.0,2383971000.0,3681416000.0,3362491000.0,3853087000.0,1532728000.0,1142521000.0,5434233440.0,6287311440.0,11.72193020843065,1.0948478375109405,0.22515125877044972,0.5905126362694848,0.008708700559268786,11.72193020843065,0.005830607838769851,1.8516146380988272,97.73801151079137,2.279488064242392,1.034388489208633,1.802897839668878,0.0026458193522139162,0.4693879117733142,0.5694088103135443,0.002223100089083939,-99.36611457514309,0.058438863564964895,-0.65,2.6426264777471182,2.463482730639258,0.0,-0.1066489569497617,-0.6640645769388791,-0.30422246670966274,-0.6579421714875381,0.9371467086840749,0.3582661275597321,Electronic Components,Technology,JBL
2007Q1,2007,Q1,2007-05-24,2006-11-30,41377000.0,3224003000.0,52718000.0,0.2,191985000.0,0.05954864185920423,5686083000.0,2367591000.0,3921960000.0,2899986000.0,3318492000.0,1545689000.0,1143035000.0,,,,,,,,,,,,,,,,,,,,,,,,,,,,,,,Electronic Components,Technology,JBL
