Quarters,Year,Quarter,FillingDate,Date,NetIncome,Revenue,OperatingIncome,EPSDiluted,GrossProfit,GrossProfitRatio,TotalAssets,CommonStockEquity,CurrentAssets,CurrentLiability,TotalLiability,Inventory,RetainedEarnings,MarketCap,EnterpriseValue,bookValuePerShare,currentRatio,debtToAssets,debtToEquity,roic,shareholdersEquityPerShare,roe,priceToSalesRatio,peRatio,pbRatio,payoutRatio,inventoryTurnover,dividendYield,assetTurnover,quickRatio,returnOnAssets,priceToFreeCashFlowsRatio,grossProfitMargin,epsdilutedGrowth,fiveYNetIncomeGrowthPerShare,fiveYRevenueGrowthPerShare,fiveYShareholdersEquityGrowthPerShare,grossProfitGrowth,netIncomeGrowth,operatingIncomeGrowth,threeYNetIncomeGrowthPerShare,threeYRevenueGrowthPerShare,threeYShareholdersEquityGrowthPerShare,Industry,Sector,Symbol
2023Q4,2023,Q4,2023-06-26,2023-03-31,907529.0,2201314.0,952121.0,0.0,1203707.0,0.546812949,17820289.0,16832487.0,3734039.0,258263.0,987802.0,0.0,7991129.0,0.0,-2160142.0,0.0,14.458280899703016,0.0042439827996055505,0.0044930377786716845,0.053173673790551955,0.0,0.05391532457443751,0.0,0.0,0.0,0.0,0.0,,0.12352852414458598,13.976396154307817,0.05092672739482508,0.0,0.5468129489931922,-1.0,-1.0,-1.0,-1.0,-0.2505082405009617,-0.2709351414099624,-0.27315789554041325,-1.0,-1.0,-1.0,Oil & Gas E&P,Energy,MXC
2023Q3,2023,Q3,2023-02-10,2022-12-31,1244785.0,2581210.0,1309942.0,0.56,1606031.0,0.6222008283,16961986.0,15959870.0,2715388.0,247074.0,1002116.0,32525.0,7083600.0,26803920.0,26262278.0,7.430971947386801,10.990181079352745,0.005270255499562375,0.00560117344314208,0.07731780333103719,7.430971947386801,0.07799468291408389,10.38424614812433,5.383242889334302,1.6794572888125028,0.0,29.982444273635664,0.0,0.15217616616356128,10.845863992164292,0.07338674846211994,64.27536527287856,0.6222008282937073,0.018181818181818195,12.664273639552645,2.7384519327857335,0.8612665521420391,0.03885138631588752,0.027291048397479277,0.07794726711810793,32.595631982523486,2.185221378462124,0.8151546058597399,Oil & Gas E&P,Energy,MXC
2023Q2,2023,Q2,2022-11-09,2022-09-30,1211716.0,2324792.0,1215219.0,0.55,1545968.0,0.6649919649,15835290.0,14825185.0,2081633.0,217344.0,1010105.0,324140.0,5838815.0,34863527.519999996,34400978.519999996,6.897308385161365,9.577595884864547,0.0065063538463773,0.006949660324643504,0.0806124757484912,6.897308385161365,0.08173361748942762,14.99640721406474,7.193007173298033,2.351641987604202,0.0,2.402739556981551,0.0,0.14681082569375112,8.05741129269729,0.07651997532094455,-21776.094640849467,0.6649919648725563,-0.0677966101694914,7.07121815613553,2.5592539555988374,0.7070844014036723,-0.05028145055617431,-0.06695763056414553,-0.0664857332489353,14.892606209856746,2.525618214893222,0.6935815459247398,Oil & Gas E&P,Energy,MXC
2023Q1,2023,Q1,2022-08-15,2022-06-30,1298672.0,2449973.0,1301768.0,0.59,1627817.0,0.6644224242,14681482.0,13548859.0,2107756.0,338747.0,1132623.0,-1532385.0,4627099.0,36948461.04,36528000.04,6.303507092158987,6.222213038049046,0.007937890738823233,0.00860146230763786,0.09422945633536542,6.303507092158987,0.0958510233223329,15.081170706779217,7.11273921359666,2.7270533289925005,0.0,-0.5365205219314989,0.0,0.16687504708312145,6.108942662222839,0.08845646508983221,-44.67262613439343,0.6644224242471244,0.2826086956521738,5.164787376046402,2.47790399111895,0.5259851832381067,0.28757422378942155,0.3051809373344871,0.3006663356137352,23.74874343226377,2.3240084006511283,0.5339938767859098,Oil & Gas E&P,Energy,MXC
2022Q4,2022,Q4,2022-06-27,2022-03-31,995013.0,2174757.0,1000847.0,0.46,1264251.0,0.5813297762,13284520.0,12224616.0,2733539.0,263763.0,1059904.0,0.0,3328427.0,34099315.199999996,32858472.199999996,5.807705463832892,10.363618096548796,0.009780029688690295,0.01062798209776078,0.07993307789002557,5.807705463832892,0.08139421311884153,15.679597858519363,8.567555197771284,2.7893976546993375,0.0,0.0,0.0,0.16370610304324132,10.16406016006794,0.07490018457573175,100.0731199962435,0.5813297761543014,0.31428571428571445,279.81973889192136,2.076395894073081,0.3596188327070616,-0.047520352950217205,0.31539962508295505,0.33416025700841145,27.55252464469136,2.640311389963928,0.40561494959048117,Oil & Gas E&P,Energy,MXC
2022Q3,2022,Q3,2022-02-08,2021-12-31,756434.0,1595344.0,750170.0,0.35,1327326.0,0.8319998696,12073396.0,11038186.0,1652037.0,208359.0,826851.0,0.0,2330497.0,19894154.560000002,19210934.560000002,5.204452612838251,7.928800771744921,0.01631438246538091,0.01784441755194196,0.06704748719991863,5.204452612838251,0.06852883254549252,12.470134691953586,6.5749802890933,1.8023028928847549,0.0,0.0,0.0,0.13213713854825934,4.2243915549604285,0.06265296027729067,10.972773767034171,0.8319998696205959,0.06060606060606049,5.5486207718602545,1.5967419529879205,0.21937258741312957,0.4153116812908055,0.06716156810961192,0.04721740611380534,56.64664502878233,1.3817615695897734,0.2554098013874327,Oil & Gas E&P,Energy,MXC
2022Q2,2022,Q2,2021-11-05,2021-09-30,708828.0,1553481.0,716346.0,0.33,937833.0,0.6036977600627237,11167504.0,10149406.0,928050.0,183168.0,1018098.0,0.0,1577195.0,21750736.8,21813480.8,4.852884910087276,5.066660115303983,0.013997577256296483,0.015401689517593443,0.06847095433185987,4.852884910087276,0.06983935808657177,14.00128923366298,7.671373309180789,2.1430551502225845,0.0,0.0,0.0,0.13910727052347596,4.830609058350803,0.06347237484759352,38.53575607249792,0.6036977600627237,0.736842105263158,3.9023506103572285,1.6052837895586207,0.1178469560284681,0.29733666624705524,0.7944740079897521,0.7571884827285081,30.383925042877554,1.120798726293879,0.1698520744489859,Oil & Gas E&P,Energy,MXC
2022Q1,2022,Q1,2021-08-11,2021-06-30,395006.0,1264198.0,407666.0,0.19,722891.0,0.5718178639738395,11096272.0,9266278.0,838040.0,211190.0,1829994.0,0.0,868367.0,20289906.119999997,21157730.119999997,4.46190019434156,3.9681803115677825,0.08548618851448486,0.1023688259730606,0.03925393395352725,4.46190019434156,0.04262833469921796,16.049626814786922,12.84151767314927,2.1896500536677186,0.0,0.0,0.0,0.11392997576122864,3.7912543207538234,0.03559808195040641,55.88305025366449,0.5718178639738395,-0.0656227537013726,2.320453044838178,0.8504781231388684,0.0023068917686995412,0.13532330182323035,-0.05291374453036025,-0.05373084440152827,25.87204360097311,0.6557286608602225,0.07965243817949261,Oil & Gas E&P,Energy,MXC
2021Q4,2021,Q4,2021-06-25,2021-03-31,417075.0,1092612.0,430814.0,0.2033439927530897,636727.0,0.5827567334058201,10830687.0,8823407.0,757494.0,138534.0,2007280.0,0.0,473361.0,18131556.04,19250657.04,4.301832545862402,5.467928450777427,0.10866475967775636,0.1333854371672983,0.042985602286743765,4.301832545862402,0.04726915578075453,16.59468872756294,10.868282706947191,2.0549381933758695,0.0,0.0,0.0,0.10088113524100549,5.122201048118152,0.0385086375407211,-78.58173246364878,0.5827567334058201,4.083599818827242,1.9556833659536306,1.4361205828838979,-0.06207546380468609,1.8114422215059365,4.1812489906456145,15.52337667318682,0.566453287025747,0.42135855700278474,0.043133663498643074,Oil & Gas E&P,Energy,MXC
2021Q3,2021,Q3,2021-02-10,2020-12-31,80497.0,699894.0,26073.0,0.04,226477.0,0.323587571832306,10186393.0,8223827.0,429237.0,133065.0,1962566.0,0.0,56286.0,12368018.43,13723819.43,4.009508644466016,3.225769360838688,0.13712577160531703,0.16984999806051368,0.0026993248426713844,4.009508644466016,0.009788265244392908,17.67127369287349,38.41142660596048,1.5039249281386877,0.0,0.0,0.0,0.06870871760003762,4.475128696501709,0.007902404707927526,-121.97377124034753,0.323587571832306,3.0,1.03269418837312,0.27586375300116006,-0.16275306324231972,0.2389942612054204,2.917965213247558,2.5514102106390575,1.7898488032683308,0.06145515038644091,0.004278361337824976,Oil & Gas E&P,Energy,MXC
2021Q2,2021,Q2,2020-11-05,2020-09-30,-41970.0,636042.0,-16806.0,-0.02,182791.0,0.28738825423478326,10209769.0,8060105.0,407943.0,167200.0,2149664.0,0.0,-24211.0,9735288.569999998,10939782.569999998,3.949210192749325,2.4398504784688995,0.11873530145491049,0.15040250716336823,-0.0018018120401055956,3.949210192749325,-0.00520712819498009,15.306046723329588,-57.989567369549675,1.2078364450587182,0.0,0.0,0.0,0.062297393799996846,3.343552631578947,-0.004110768813672474,-26.978544088590088,0.28738825423478326,0.8666666666666667,0.9460336862359272,-0.12888109922379876,-0.3393321190194023,8.220659687932056,0.8599459405345881,0.9402729405074988,0.7785355651570225,0.02553549307015807,-0.02257014744904144,Oil & Gas E&P,Energy,MXC
2021Q1,2021,Q1,2020-08-06,2020-06-30,-299670.0,370456.0,-281380.0,-0.15,-25315.0,-0.06833470101712484,10025020.0,8078697.0,310573.0,208508.0,1946323.0,0.0,17759.0,6691744.4799999995,7673909.4799999995,3.9598233673142285,1.489501601857003,0.09617217721261404,0.11934201765457969,-0.030875417613121077,3.9598233673142285,-0.03709385313002827,18.063533806983823,-5.58259458737945,0.8283197748349764,0.0,0.0,0.0,0.036953143235624465,1.24439350048919,-0.029892209691352235,-34.8158439990843,-0.06833470101712484,-134.11217920835145,0.07744944540606355,-0.47349177960689937,-0.37577785737262986,-1.114070582722013,-131.3479773814702,-20.875679875679875,-0.012491991904696272,-0.4459513568961125,-0.041385739967192754,Oil & Gas E&P,Energy,MXC
2020Q4,2020,Q4,2020-06-26,2020-03-31,2299.0,643287.0,14157.0,0.001126869088103615,221924.0,0.3449844315212339,10070509.0,8364362.0,369266.0,182481.0,1706147.0,0.0,317429.0,4508766.86,5308511.86,4.099843836236856,2.0235860171743907,0.07521198779525444,0.09055358914403752,0.0015390572885456827,4.099843836236856,0.0002748565879860293,7.008950686085682,490.2965267507612,0.5390449217764606,0.0,0.0,0.0,0.06387830049106753,1.7485546440451334,0.00022829034758819043,-16.570804841027453,0.3449844315212339,-0.9436565455948193,1.0084721176479177,0.1341544376560838,-0.3675600068181145,-0.23762345625998385,-0.9346800772815093,-0.6839108689827632,1.6646589692080196,-0.06113878640055945,-0.04020186188526305,Oil & Gas E&P,Energy,MXC
2020Q3,2020,Q3,2020-02-12,2019-12-31,35196.0,769778.0,44788.0,0.02,291095.0,0.3781544809022861,9782700.0,8352135.0,489917.0,165526.0,1430565.0,0.0,315130.0,8038254.04,8554126.04,4.093850696462935,2.95975858777473,0.049705091641366904,0.05821864708843907,0.00501472237754361,4.093850696462935,0.004214012345346429,10.442301598642725,57.09636066598477,0.9624190748832484,0.0,0.0,0.0,0.07868768335939975,2.8546693570798545,0.003597779754055629,-134.2192061981332,0.3781544809022861,1.5,1.200564804438645,-0.03829374073100014,-0.37910635737131826,0.5557176679332809,1.4251392126783191,1.5990022869829212,1.2200184707846626,0.3025580576330172,-0.040834898964196696,Oil & Gas E&P,Energy,MXC
2020Q2,2020,Q2,2019-11-13,2019-09-30,-82787.0,625884.0,-74771.0,-0.04,187113.0,0.2989579538700462,9883806.0,8308814.0,458810.0,212410.0,1574992.0,0.0,279934.0,8140262.340000001,8661550.34,4.072616640018508,2.160020714655619,0.048833010279643284,0.05808963830457632,-0.00840066867394685,4.072616640018508,-0.009963756560202213,13.006024023620991,-24.581946259678453,0.9797141132296379,0.0,0.0,0.0,0.06332418908262667,1.9756320323901888,-0.00837602437765371,-21.98811043402159,0.2989579538700462,-0.3333333333333334,-1.9588886655368678,-0.37848947642899394,-0.3882239511420883,-0.30688107038872714,-0.5278300668069243,-0.5626123301985371,0.6525068214063611,0.07601436420826656,-0.06188541486888424,Oil & Gas E&P,Energy,MXC
2020Q1,2020,Q1,2019-08-14,2019-06-30,-54186.0,699591.0,-47850.0,-0.03,269958.0,0.38587974973949063,9713029.0,8383476.0,560245.0,217897.0,1329553.0,0.0,362721.0,9160345.34,9324390.34,4.109212681713155,2.5711460001743944,0.01946478281903616,0.02255174345343149,-0.005501339291565464,4.109212681713155,-0.006463428773458646,13.093858182852552,-42.26343215959842,1.0926667339418639,0.0,0.0,0.0,0.07202603842735361,2.3951545913895096,-0.005578692290530585,-71.01648466148276,0.38587974973949063,-0.6851127446931526,-3.8411638896495135,-0.31330700962685637,-0.37693471467191264,0.5049671643122345,-0.4918642107871479,-0.4386650631389056,0.8156146844845613,0.04239672492755048,-0.07691969536933406,Oil & Gas E&P,Energy,MXC
2019Q4,2019,Q4,2019-06-24,2019-03-31,-36321.0,579038.0,-33260.0,-0.017802963092218967,179378.0,0.3097862316462823,9449684.0,8429537.0,562008.0,166113.0,1020147.0,0.0,416907.0,12450521.048199998,12322269.048199998,4.131789766126874,3.383287280345307,0.0,0.0,-0.003945649683962476,4.131789766126874,-0.004308777575802799,21.502079394098484,-85.69781289199085,1.4770112579374168,0.0,0.0,0.0,0.06127591144846748,3.059802664451307,-0.003843620590910765,2020.8604200941402,0.3097862316462823,-1.7776843071275619,-16.9714675924845,-0.3986149466261926,-0.3714855315806048,-0.2409593689965386,-1.7776843071275619,-3.091524172714971,0.9163289976676159,0.29794768099602137,-0.09914973241381751,Oil & Gas E&P,Energy,MXC
2019Q3,2019,Q3,2019-02-12,2018-12-31,-13076.0,644316.0,-8129.0,-0.006409282381923824,236322.0,0.36677965470359264,9440116.0,8457754.0,512575.0,115942.0,982362.0,0.0,453228.0,5651259.82,5545714.82,4.1456205034296225,4.42096048024012,0.0,0.0,-0.0009611298697029968,4.1456205034296225,-0.0015460369265883117,8.770944412369087,-108.04641748241052,0.6681750048535344,0.0,0.0,0.0,0.06825297485751235,4.23684255921064,-0.0013851524705840478,43.960886022776776,0.36677965470359264,-1.6409282381923822,-1.1472478752088298,-0.3313342789868553,-0.3677287603683883,-0.08525355432809362,-1.5935273024374745,-1.2861618615130073,0.994660715245618,0.18083237306971492,-0.1343308182545302,Oil & Gas E&P,Energy,MXC
2019Q2,2019,Q2,2018-11-09,2018-09-30,22031.0,714508.0,28407.0,0.01,258347.0,0.36157327839576325,9896036.0,8462726.0,905778.0,126049.0,1433310.0,0.0,466304.0,11342893.1252,11444033.1252,4.148289357330107,7.185919761362645,0.04547275292854634,0.05317435540273902,0.0031872403572150653,4.148289357330107,0.0026032982752838742,15.87511004103523,128.71514145068315,1.3403356229659333,0.0,0.0,0.0,0.07220143499882176,6.890915437647264,0.002226244932819565,-173.06032871855118,0.36157327839576325,0.4128058252427184,-0.8866452961397283,-0.3638640335182029,-0.3613084224039142,-0.057131178353363676,0.5278085991678225,0.3319111027756939,1.0283404804189598,-0.020988145224856525,-0.3060279383372875,Oil & Gas E&P,Energy,MXC
2019Q1,2019,Q1,2018-08-10,2018-06-30,14420.0,749011.0,21328.0,0.00707811351095046,274001.0,0.3658170574263929,9904276.0,8419448.0,1097876.0,133223.0,1484828.0,0.0,444273.0,12203223.34,12268131.34,4.132719046015591,8.240889335925479,0.050483245822309473,0.059386316062525715,0.0023911793644629128,4.132719046015591,0.0017127013552432416,16.29244876243473,211.56767233009708,1.4494089565016615,0.0,0.0,0.0,0.07562501287322769,7.957995241061979,0.0014559368095154054,97.26861636072343,0.3658170574263929,-0.9454740018377,-0.10624457537687551,-0.24852468527519953,-0.3521029296019675,-0.41801224293864514,-0.9454740018377,-0.9222873633160501,1.0444559540765679,0.06604242188756473,-0.34852277526446535,Oil & Gas E&P,Energy,MXC
2018Q4,2018,Q4,2018-06-27,2018-03-31,264461.0,763532.0,274447.0,0.12981171825377735,470802.0,0.616610698700251,10400954.0,8401586.0,1372433.0,446815.0,1999368.0,0.0,429853.0,6234033.96,6441423.96,4.123951413315689,3.071591150699954,0.0673015186876127,0.08331760217654142,0.03015375562017433,4.123951413315689,0.03147750912744332,8.164731746672045,5.893150559061639,0.7420068020490417,0.0,0.0,0.0,0.07340980452370043,2.9650974116804494,0.025426609905206773,-2411.6185531914894,0.616610698700251,3.5962343650755466,4.556753770684671,-0.18362627842886706,-0.3507037057371038,1.9747701639655009,3.6125281542656182,4.615807225106058,1.9759608820001844,0.34806996604806956,-0.3638411832501018,Oil & Gas E&P,Energy,MXC
2018Q3,2018,Q3,2018-02-12,2017-12-31,-101228.0,654931.0,-75902.0,-0.05,158265.0,0.24165141060661352,10227936.0,8133637.0,746466.0,212429.0,2094299.0,0.0,165392.0,8006455.38,8859173.379999999,3.9924275965926883,3.5139552509308993,0.09288286512547596,0.1167989178764678,-0.008355904138397428,3.9924275965926883,-0.012445600903999035,12.224883812187848,-19.773322055162602,0.9843634993791831,0.0,0.0,0.0,0.0640335449889401,3.4255398274246924,-0.009897207022022821,-16.191732250979822,0.24165141060661352,0.4444444444444444,-1.5571425538998045,-0.17174014291217432,-0.37463218374089796,1.0099950469271899,0.4648834381773008,0.5327324887033822,0.42232996526083405,-0.18061074693506707,-0.3944886862822232,Oil & Gas E&P,Energy,MXC
2018Q2,2018,Q2,2017-11-14,2017-09-30,-189170.0,619088.0,-162438.0,-0.09,78739.0,0.1271854728245419,11991230.0,8231375.0,424518.0,366554.0,3759855.0,0.0,266620.0,9065833.700000001,11477945.700000001,4.040402676920932,1.158132226084015,0.20581708465270035,0.29982840047987125,-0.015182008294877038,4.040402676920932,-0.02298157962673308,14.643853054816118,-11.981066897499604,1.1013753716724122,0.0,0.0,0.0,0.05162839842117948,1.0586571146406805,-0.015775696071212045,-54.496256244101545,0.1271854728245419,0.4,-248.7689517446839,-0.1679841908393837,-0.36706323650363165,0.6910207675622275,0.35994342789086187,0.3946673126013155,-3.194199300174408,-0.38436288896921506,-0.3930630344155388,Oil & Gas E&P,Energy,MXC
2018Q1,2018,Q1,2017-08-09,2017-06-30,-295552.0,667684.0,-268345.0,-0.15,46563.0,0.06973807969039246,12144814.0,8415495.0,520041.0,280400.0,3729319.0,0.0,455790.0,8774504.662,11128805.662,4.130778700474067,1.8546398002853066,0.2038318577789664,0.2941597612499324,-0.024639162904766736,4.130778700474067,-0.03511997808803879,13.141702754596487,-7.422132705919772,1.0426605519936738,0.0,0.0,0.0,0.05497688149032171,1.7309522111269615,-0.024335654708256545,744.4222161703572,0.06973807969039246,-87.47420382165605,-3.672175823698404,0.06399302941434942,-0.35081815180509396,-0.7973980202327858,-84.56803705848291,-11.632999167888418,-16.518897494355368,-0.3436928464680823,-0.3736647360474291,Oil & Gas E&P,Energy,MXC
2017Q4,2017,Q4,2017-06-28,2017-03-31,-3454.0,684204.0,25237.0,-0.001695409435979396,229825.0,0.33590128090452553,12708065.0,8702322.0,504934.0,137259.0,4005743.0,0.0,751342.0,7863846.76,10690395.76,4.271568857478601,3.678695021820063,0.2282015397308717,0.33324439155434604,0.0021751680396389617,4.271568857478601,-0.0003969055615271418,11.493424124968577,-569.1840445859872,0.903649251314764,0.0,0.0,0.0,0.05384014010000736,3.414049351955063,-0.0002717959028380796,-112.65287740308855,0.33590128090452553,0.9788073820502575,-1.0361915297066613,-0.09749203672378548,-0.3296977064783737,1.8069543339399343,0.9783774985758196,1.198145501939293,-2.5209926978151316,-0.288378695418084,-0.35022278921715927,Oil & Gas E&P,Energy,MXC
2017Q3,2017,Q3,2017-02-09,2016-12-31,-159741.0,590134.0,-127366.0,-0.08,81877.0,0.13874306513435933,12928269.0,8695336.0,414319.0,202408.0,4232933.0,0.0,754796.0,10186330.0,13195472.0,4.268139752000966,2.0469497253073,0.23746411835954218,0.35306283736476657,-0.010825530184603313,4.268139752000966,-0.01837088296530462,17.26104579637845,-15.941946651141535,1.1714705446690041,0.0,0.0,0.0,0.04564679153875898,1.9993478518635628,-0.012355946492140595,-34.80792362050819,0.13874306513435933,0.3333333333333333,-4.1172563553316355,-0.2253105116388198,-0.3307268605963617,0.43835640503126977,0.32854284537330497,0.323737110938844,-2.8013922579958557,-0.3866921141784497,-0.3490426801763276,Oil & Gas E&P,Energy,MXC
2017Q2,2017,Q2,2016-11-10,2016-09-30,-237902.0,580842.0,-188338.0,-0.12,56924.0,0.09800255491166272,15992573.0,8844339.0,425225.0,419817.0,7148234.0,0.0,914537.0,8352790.6,13846175.6,4.341278458483084,1.0128818032618974,0.34516021905918454,0.6241280439386143,-0.013111497855905516,4.341278458483084,-0.02689878802700801,14.380486603930155,-8.777553992820572,0.9444222569939935,0.0,0.0,0.0,0.03631948405050269,0.9724546647706024,-0.014875780151198935,-151.93521900465657,0.09800255491166272,0.14285714285714296,-3.9902723603918937,-0.29054060799464654,-0.31461782618651113,-0.435596934273278,0.1893094705850281,0.2531752483295993,-2.22573596605218,-0.48216146245899605,-0.3315948458289238,Oil & Gas E&P,Energy,MXC
2017Q1,2017,Q1,2016-08-10,2016-06-30,-293456.0,670183.0,-252185.0,-0.14,100857.0,0.15049173136292623,16346073.0,9069156.0,564141.0,547206.0,7276917.0,0.0,1152439.0,5032047.0200000005,10514818.02,4.4516307639748565,1.0309481255687987,0.3376957878506966,0.6086564174218637,-0.01728578404398445,4.4516307639748565,-0.0323575865273461,7.50846712017464,-4.286883740662995,0.554852846284704,0.0,0.0,0.0,0.040999633367598445,0.9942453116376648,-0.017952691144839498,-69.11772732267458,0.15049173136292623,0.34202299550609483,-3.801188196099138,-0.26544891353634864,-0.28901061091021335,1.639927160595659,0.3230167298766252,0.35338174284498186,-19.18848071346766,-0.32761203660799254,-0.30210631345632877,Oil & Gas E&P,Energy,MXC
2016Q4,2016,Q4,2016-06-29,2016-03-31,-433476.0,445484.0,-390006.0,-0.21277339336149526,-157607.0,-0.353788239308258,16467260.0,9344011.0,355322.0,332172.0,7123249.0,0.0,1445895.0,4787575.100000001,10333562.100000001,4.586544417861978,1.069692809749166,0.3388541870353659,0.5971739545255245,-0.026132786956536015,4.586544417861978,-0.04639078442865703,10.746906959621446,-2.761153501001209,0.5123683073575149,0.0,0.0,0.0,0.027052709436785477,0.939386823693749,-0.026323504942534458,-19.61437654915296,-0.353788239308258,0.8226888388654207,-9.152186347830847,-0.4311002763080406,-0.2555779769465429,-0.3397854398313441,0.8227480601389634,0.8470558708073365,-4.829847869823183,-0.523685410722282,-0.2778706644374362,Oil & Gas E&P,Energy,MXC
2016Q3,2016,Q3,2016-02-12,2015-12-31,-2445536.0,544870.0,-2549990.0,-1.2,-117636.0,-0.21589737001486592,17284230.0,9756304.0,335898.0,453963.0,7527926.0,0.0,1879371.0,6580369.18,12394946.18,4.788920052658808,0.7399237382782298,0.3384588147693013,0.5996123122034738,-0.15409814013184303,4.788920052658808,-0.25066213598920245,12.076952630902783,-0.6726919149830548,0.6744735690892781,0.0,0.0,0.0,0.03152411186382037,0.7093639790026941,-0.141489438638574,-26.609713132652896,-0.21589737001486592,-2.1578947368421053,-87.90701011388869,-0.3115996631783411,-0.2191448402837009,-16.263868506017022,-2.1502176329725224,-1.3302923660236559,-60.777217496087175,-0.3109290164438031,-0.24987081090046903,Oil & Gas E&P,Energy,MXC
2016Q2,2016,Q2,2015-11-13,2015-09-30,-776307.0,728829.0,-1094279.0,-0.38,-6814.0,-0.009349243786951397,20398200.0,12177967.0,496308.0,576168.0,8220233.0,0.0,4324907.0,5093165.0,11283337.0,5.977602826533206,0.8613945932436373,0.30639958427704406,0.5132219523997725,-0.04051910264903607,5.977602826533206,-0.06374684707225763,6.988148111559776,-1.6401903499517587,0.41822785363106996,0.0,0.0,0.0,0.035730064417448595,0.8101230890990128,-0.03805762273141748,-15.295340973248285,-0.009349243786951397,-1.375,-11.528469866305235,-0.1221399441111687,-0.03134835798501161,0.47386302216045095,-1.3933057102162372,-1.5128053807169544,-1017.7826379555971,-0.020499104853069595,-0.06359714884262009,Oil & Gas E&P,Energy,MXC
2016Q1,2016,Q1,2015-08-11,2015-06-30,-324366.0,702609.0,-435481.0,-0.16,-12951.0,-0.01843272716404145,21775956.0,12923626.0,664091.0,952334.0,8852330.0,0.0,5101214.0,9493659.56,15487114.56,6.34361246886759,0.6973299283654684,0.2824215846137823,0.4758726382208832,-0.015548154204731478,6.34361246886759,-0.02509868360474065,13.512009609896829,-7.317088998230394,0.7345972066972536,0.0,0.0,0.0,0.03226535725917154,0.6590838928359168,-0.014895603205664082,-68.33313822589469,-0.01843272716404145,-0.2029248454654488,-53.9844134831257,-0.20741963402941732,0.04577447755466677,0.8776337421342051,-0.19703293661776916,-0.056141652842854786,-4.1276762912440335,0.1196480347047206,-0.003055267448944912,Oil & Gas E&P,Energy,MXC
2015Q4,2015,Q4,2015-06-26,2015-03-31,-270975.0,566389.0,-412332.0,-0.1330091406816783,-105838.0,-0.18686450478381467,21470950.0,13206743.0,589771.0,423121.0,8264207.0,0.0,5425580.0,11367944.28,17221860.28,6.4825815578329,1.3938589670567048,0.2771186184123199,0.4505274313280723,-0.013056418342618956,6.4825815578329,-0.020517927849432672,20.07091288849183,-10.488000996401881,0.8607681909158071,0.0,0.0,0.0,0.02637931717040932,1.2884092257297557,-0.012620540777189644,-50.05457366662117,-0.18686450478381467,-0.47787934090753664,-2.783530773434877,-0.4525387695302596,0.07054980689662252,-2.53193029180176,-0.5455935113306449,-0.7164479818835753,-3.839316665391583,-0.2528974066038026,0.017258396420022484,Oil & Gas E&P,Energy,MXC
2015Q3,2015,Q3,2015-02-13,2014-12-31,-175321.0,799684.0,-240224.0,-0.09,69088.0,0.08639412567964345,21676816.0,13439269.0,788421.0,433719.0,8237547.0,0.0,5696555.0,11067784.379999999,16712651.379999999,6.593481419991306,1.8178152213760523,0.26526035927047587,0.4278506516983922,-0.011601751748318751,6.593481419991306,-0.013045426801115447,13.840197352954416,-15.782171531077282,0.8235406538852671,0.0,0.0,0.0,0.03689121132919152,1.5083982947484431,-0.008087949816984193,-3.3907126057741883,0.08639412567964345,-3.25,-1.9735764535036806,-0.14207965065982828,0.10179336410302892,-0.8063850775715182,-3.03256585049156,-4.995210218201171,-4.419612819225455,0.04925805099309902,0.033902417906615356,Oil & Gas E&P,Energy,MXC
2015Q2,2015,Q2,2014-11-13,2014-09-30,86256.0,1006099.0,60128.0,0.04,356832.0,0.3546688745342158,18308360.0,13568815.0,873723.0,343266.0,4739545.0,0.0,5871876.0,14104800.72,16549814.72,6.6570383845876835,2.545323451783748,0.1420116274750988,0.1916158485468333,0.0033505929917195974,6.6570383845876835,0.0063569294739444825,14.019297027429706,40.88063647746244,1.0395012917487636,0.0,0.0,0.0,0.0549529832273344,2.2310773569185414,0.004711290361343124,-53.60718441436032,0.3546688745342158,3.0,-0.49671046337119606,0.24559662281939917,0.1267416389844365,-0.12162484830433166,3.5269234806339878,0.17738745618672777,0.08364952545508106,0.22827927712958265,0.050984285579045135,Oil & Gas E&P,Energy,MXC
2015Q1,2015,Q1,2014-08-06,2014-06-30,19054.0,1017834.0,51069.0,0.01,406241.0,0.39912303970981516,17900152.0,13442682.0,823002.0,384208.0,4457470.0,0.0,5785620.0,16937990.46,19085492.46,6.5951558825001255,2.142074084870695,0.12849052901897146,0.17109680940157626,0.03694612122997236,6.5951558825001255,0.0014174254810163627,16.64121110122083,222.23667550120712,1.2600157066871032,0.0,0.0,0.0,0.05686175178847643,1.9832642735185109,0.0010644602347510792,120.18214267468923,0.39912303970981516,7.971241197183098,1.2582469763074982,0.4253168159467257,0.13992240867303757,0.11867435872723017,7.386443661971831,-0.4224531801320908,-0.8182090194664633,0.1150450893719072,0.0533411463047302,Oil & Gas E&P,Energy,MXC
2014Q4,2014,Q4,2014-06-25,2014-03-31,2272.0,961944.0,88424.0,0.0011146729622139603,363145.0,0.37751158071571733,17918290.0,13399352.0,831128.0,308912.0,4518938.0,0.0,5766566.0,15715030.86,17983948.86,6.57389761689593,2.6905008546123166,0.1353365750861271,0.18097890106924575,0.00022349405999643265,6.57389761689593,0.00016956043844508302,16.33674191013198,1729.206740757042,1.1728202124998284,0.0,0.0,0.0,0.053685033560680176,2.597257471383436,0.00012679781385388896,-32.26965356649301,0.37751158071571733,-0.9721331759446511,1.1932664939162474,0.2361561795689201,0.13014915845848868,-0.07512205806321805,-0.9743737240438083,-0.1664247063481589,-0.9572924905633372,0.22783576502737246,0.06698065416255085,Oil & Gas E&P,Energy,MXC
2014Q3,2014,Q3,2014-02-14,2013-12-31,88659.0,962026.0,106078.0,0.04,392641.0,0.40813969684811013,17147147.0,13355144.0,1025234.0,248505.0,3792003.0,0.0,5764294.0,14054375.4,15768902.4,6.556712125392638,4.125607130641234,0.11226357364289231,0.144139217068719,0.00627199391934097,6.556712125392638,0.006638565634335354,14.60914299613524,39.630424999154066,1.0523567098939555,0.0,0.0,0.0,0.0561041437388972,3.933168346713346,0.005170481130184514,177.95754912884928,0.40813969684811013,-0.6,-0.37941460927261056,-0.04541799272522553,0.12660432721756562,-0.23012021497912757,-0.5431149543161334,-0.500499133579447,2.151293514367706,0.21568278110540492,0.06910168421891423,Oil & Gas E&P,Energy,MXC
2014Q2,2014,Q2,2013-11-12,2013-09-30,194051.0,1121446.0,212368.0,0.1,510003.0,0.4547726774182618,17434039.0,13229405.0,1014982.0,377173.0,4204634.0,0.0,5675635.0,13361840.959999999,15364210.959999999,6.494980524001088,2.6910250733748176,0.12762389713594194,0.1681859463823203,0.0197558681585072,6.494980524001088,0.014668157789409273,11.914832243371503,17.214341796744154,1.0100107268618657,0.0,0.0,0.0,0.0643250826730398,2.497456074533437,0.011130581960955807,109.19034550387343,0.4547726774182618,9.0,-0.6508580576776434,-0.3561670261618604,0.1369519257681961,0.2981932311075814,11.02969437728597,2.0136372021740057,1.6322850656064083,0.3510246972858882,0.05249106238759471,Oil & Gas E&P,Energy,MXC
2014Q1,2014,Q1,2013-07-01,2013-06-30,16131.0,996525.0,70469.0,0.01,392856.0,0.39422593512455784,17971493.0,12992488.0,826655.0,391861.0,4979005.0,0.0,5481584.0,11793250.4534,14637476.4534,6.378666048723873,2.10956180890673,0.16414885507842894,0.22705427936512237,0.003106987708150972,6.378666048723873,0.00124156358658942,11.834374906199043,182.7730837114872,0.9076976213793694,0.0,0.0,0.0,0.055450317900688606,1.9618180936607623,0.0008975881970407244,-216.93124960267826,0.39422593512455784,1.2739932741458166,-0.974098027126367,-0.48661282930564714,0.1378333756530121,0.21435879681863565,1.2169895076674737,0.11378220325588746,1.6354778809571586,0.12435402244614524,0.051553225758553915,Oil & Gas E&P,Energy,MXC
2013Q4,2013,Q4,2013-07-01,2013-03-31,-74340.0,935089.0,63270.0,-0.03649724625969504,323509.0,0.3459659989583879,17935444.0,12936985.0,741028.0,431848.0,4998459.0,0.0,5465453.0,13062829.0312,15846423.0312,6.351416833507948,1.7159463514940443,0.16447878290607135,0.22802840074406827,-0.006692272312079719,6.351416833507948,-0.00574631569875052,13.969610412698684,-43.929341643798764,1.0097274620941432,0.0,0.0,0.0,0.05213637309452724,1.671298697689928,-0.004144865329232998,489.0613639535754,0.3459659989583879,-0.824862312984752,-1.1378731829582662,-0.354307454419079,0.3229690969051028,0.783460312910019,-0.8782213239009601,1.8063056748524895,-1.489394649993131,-0.09598260836759197,0.048888934751009826,Oil & Gas E&P,Energy,MXC
2013Q3,2013,Q3,2013-02-14,2012-12-31,-39580.0,790604.0,-78469.0,-0.02,181394.0,0.2294372403883613,17658502.0,13004071.0,725421.0,274267.0,4654431.0,0.0,5539793.0,13114010.537800001,15908835.537800001,6.384127057377299,2.644944524860811,0.16422684098571894,0.2230070875497373,-0.002133197043194942,6.384127057377299,-0.00304366225007538,16.58733137929988,-82.83230506442648,1.0084542400452905,0.0,0.0,0.0,0.04477186116919771,2.320563538449759,-0.0022414132297292264,-257.70846262896225,0.2294372403883613,-54.42699868938401,-1.1494702107923638,-0.3087830890916325,0.3617161815179414,-0.6291178683590684,-52.87418086500655,-3.614737708774406,-1.2199353113337388,-0.15126791644025173,0.06680953192375558,Oil & Gas E&P,Energy,MXC
2013Q2,2013,Q2,2012-11-13,2012-09-30,763.0,743601.0,-17004.0,0.0003743425700604443,489088.0,0.6577290778253392,16482673.0,12996644.0,540231.0,273586.0,3486029.0,0.0,5579373.0,14048251.6949,15727476.6949,6.383580335263801,1.9746295497576631,0.10768884391506159,0.1365737185691937,3.162680226295643e-05,6.383580335263801,5.870746324974355e-05,18.892190428603513,4602.965824017038,1.0809137878132231,0.0,0.0,0.0,0.04511410254877956,1.7340434086539516,4.6291035440671544e-05,-54.47592560454475,0.6577290778253392,1.0124780856686815,1.0744862328629552,-0.24430695223201074,0.4230382155636264,0.18921100685436124,1.0120695382571143,0.8607051576119011,-0.9955429542673531,-0.0783402214966764,0.0804573075913613,Oil & Gas E&P,Energy,MXC
2013Q1,2013,Q1,2012-08-09,2012-06-30,-63217.0,627121.0,-122072.0,-0.03,411271.0,0.6558080498021913,16203804.0,12954852.0,395399.0,320276.0,3248952.0,0.0,5578610.0,12093537.06,13514882.06,6.363053298486357,1.2345570695275325,0.09102800799120997,0.11385695490770563,-0.004027047203106297,6.363053298486357,-0.004879793300610459,19.284216379295223,-47.82549417087176,0.9335141042136182,0.0,0.0,0.0,0.038702085016580054,1.0730744732668074,-0.003901367851647675,-54.96412723950806,0.6558080498021913,-1.640403355176933,-2.55251924286905,-0.3695833025804548,0.4161398467789975,-0.22248689401974073,-1.6628256880733945,-92.54176245210728,0.14221799333509288,-0.12081602370076952,0.0998052467223616,Oil & Gas E&P,Energy,MXC
2012Q4,2012,Q4,2012-06-29,2012-03-31,95375.0,757624.0,-1305.0,0.04684547599178565,528957.0,0.6981787799752912,16574370.0,12974290.0,879058.0,402098.0,3600080.0,0.0,5641827.0,16165435.06,17366754.060000002,6.3726006889170606,2.186178493800019,0.10256800107636067,0.13102836455790645,0.001153044967194163,6.3726006889170606,0.007351076629241369,21.337015538050537,42.373355334207076,1.245959128399319,0.0,0.0,0.0,0.045710576027927455,2.1444423996140243,0.005754366530975235,-36.53841472979479,0.6981787799752912,0.5615158663928551,-0.5556726516868075,-0.14264326133317076,0.42628036843833245,0.0089920132457658,0.8715292086105061,-1.0204426899760326,9.122257565831509,-0.02529937799273948,0.09554327211628279,Oil & Gas E&P,Energy,MXC
2012Q3,2012,Q3,2012-02-14,2011-12-31,50961.0,757560.0,63837.0,0.03,524243.0,0.6920151539152014,15281699.0,12920432.0,543965.0,181121.0,2361267.0,0.0,5546452.0,14182077.0,14856907.0,6.377276332655647,3.0033237448998182,0.04907831256197364,0.058047594693428205,0.004100866215112467,6.377276332655647,0.00394421796422906,18.72073103120545,69.57318832048037,1.0976472768093202,0.0,0.0,0.0,0.049573021952598335,2.664721374109021,0.003334773181960985,501.5233396987057,0.6920151539152014,-0.25000000000000006,-0.37116580314716946,-0.054492253933128135,0.4168781216416598,-0.09524516292707846,-0.3571374508023009,-0.42729621588645866,-0.6413776761190625,-0.24427440733256656,0.09577284694373825,Oil & Gas E&P,Energy,MXC
2012Q2,2012,Q2,2011-11-14,2011-09-30,79272.0,815761.0,111466.0,0.04,579431.0,0.7102950496530234,15247841.0,12857752.0,636936.0,212659.0,2390089.0,0.0,5495491.0,12281052.299999999,12976623.299999999,6.334098878481284,2.9951048392026673,0.05082686788247595,0.06027492208591362,0.006138003299543808,6.334098878481284,0.0061653079014123155,15.054718600178237,38.73073815470784,0.9551477038910068,0.0,0.0,0.0,0.05350009880087286,2.290018292195487,0.0051988999622963016,145.41705899069314,0.7102950496530234,-0.20000000000000004,-0.44211913016042137,-0.03377747415897877,0.5964118709646773,-0.1493866633783133,-0.2405805431814916,-0.2885754403880521,-0.8568839943710873,-0.5300625668642894,0.108789455377628,Oil & Gas E&P,Energy,MXC
2012Q1,2012,Q1,2011-08-12,2011-06-30,104385.0,909094.0,156680.0,0.05,681192.0,0.749308652350582,15365673.0,12709871.0,672726.0,281391.0,2655802.0,0.0,5416219.0,18777028.25,19603515.25,6.2611774975627466,2.39071612098468,0.06182612372396575,0.07474505445413254,0.00821411429990429,6.2611774975627466,0.008212907904415395,20.654660849153114,44.97060940269196,1.4773578937189842,0.0,0.0,0.0,0.05916395591654202,2.0705850578021328,0.006793389394659121,72.07020952797673,0.749308652350582,0.9156968404363748,-0.6044424194402656,0.00696926072598962,0.5315166701446089,0.18166489727096735,0.9701974255407497,0.7768805924447418,-0.8318151080641767,-0.5300594329025712,0.11687564032918357,Oil & Gas E&P,Energy,MXC
2011Q4,2011,Q4,2011-06-29,2011-03-31,52982.0,780250.0,88177.0,0.02610016310754605,576468.0,0.7388247356616469,15948471.0,12506953.0,670197.0,199944.0,3441518.0,0.0,5311834.0,26693829.35,28314758.35,6.161215380287879,3.3519235385908055,0.1128634839038802,0.14391994596925406,0.004214127486585538,6.161215380287879,0.004236203654079455,34.21189279077219,125.95706725869164,2.1343191543136046,0.0,0.0,0.0,0.04892318517555695,3.029438242707958,0.0033220739467752112,-77.5095656428393,0.7388247356616469,1.6100163107546048,4.667079208838549,-0.2264268224275228,0.5614122044228789,0.037202833439188475,0.9697375269536769,0.2948164464023495,-0.9014031760708143,-0.45939017573756047,0.2833510634186097,Oil & Gas E&P,Energy,MXC
2011Q3,2011,Q3,2011-02-14,2010-12-31,26898.0,756576.0,68100.0,0.01,555791.0,0.734613574842448,15470707.0,11943059.0,691129.0,181204.0,3527648.0,0.0,5258852.0,14897575.237,16682002.237,6.132917216553608,3.8140935078695835,0.12604465975601503,0.16327475230592095,0.002489599254063575,6.132917216553608,0.002252186814115211,19.690784847787928,138.4635961502714,1.2473835419384598,0.0,0.0,0.0,0.04890377666644453,3.352249398468025,0.001738640645188355,53.525632664573195,0.734613574842448,-0.75,-0.9309376235640889,-0.3804839074749673,0.5864844992753537,0.03788975183986584,-0.6159623072529983,0.1402833126820937,-0.8937501852933935,-0.3081096984214617,0.3081338354694126,Oil & Gas E&P,Energy,MXC
2011Q2,2011,Q2,2010-11-15,2010-09-30,70040.0,788639.0,59722.0,0.04,535501.0,0.6790191710021949,15673035.0,11942220.0,688522.0,266875.0,3730815.0,0.0,5231954.0,12288513.649999999,14295753.649999999,6.171055276485777,2.5799419203747074,0.13717828104129162,0.18003352810448978,0.0056124454582947595,6.171055276485777,0.0058649061899713785,15.58192487310417,43.86248447315819,1.028997426776596,0.0,0.0,0.0,0.050318205759127065,2.1622519906323183,0.004468821769363751,-8.896030290701546,0.6790191710021949,12.48231994459834,-0.773795841521657,-0.2224231056423091,0.6968106363755908,0.14382718950115986,11.126038781163436,2.496867010877738,8.193477238715674,-0.15681091561273433,0.37566178031531283,Oil & Gas E&P,Energy,MXC
2011Q1,2011,Q1,2010-08-12,2010-06-30,5776.0,836393.0,-39898.0,0.0029668484477722184,468166.0,0.5597440437688981,13737678.0,11659672.0,650724.0,726078.0,2078006.0,0.0,5161914.0,14512247.6,14695790.6,6.065946917829599,0.8962177617280788,0.023657564255036404,0.027873854427465886,0.0004447713302142515,6.065946917829599,0.0004953827174555168,17.35099122063432,628.1270602493074,1.244653160054588,0.0,0.0,0.0,0.060883141969115886,0.8185415341051513,0.000420449511191047,42.04705759641656,0.5597440437688981,-0.960217279206525,-0.9666114928714091,-0.031232562726466816,0.7466857451454052,-0.3324035929048827,-0.959706167551466,-1.3070683126558507,-0.8497517365952328,-0.10943439098889775,0.3500168450307,Oil & Gas E&P,Energy,MXC
2010Q4,2010,Q4,2010-06-29,2010-03-31,143347.0,976116.0,129932.0,0.07457630822120206,701271.0,0.7184299816825049,14029575.0,11639353.0,779554.0,301160.0,2390222.0,0.0,5156138.0,15665346.584800001,16204907.584800001,6.055375953618652,2.58850444946208,0.049894597662438096,0.060140799922469915,0.012184891433379176,6.055375953618652,0.012315718923551851,16.048652603584003,27.320673932485512,1.3458949638180062,0.0,0.0,0.0,0.06957559298838346,2.531521450391818,0.010217486987310734,140.6490144892664,0.7184299816825049,-0.1713743530977548,-0.22659289691991374,0.14664390211821055,0.7930654751625562,0.17659958222527958,-0.14237937120464267,-0.0487095947578431,-0.29264688686855267,0.1700069471112949,0.35528087632735655,Oil & Gas E&P,Energy,MXC
2010Q3,2010,Q3,2010-02-10,2009-12-31,167145.0,865169.0,136585.0,0.09,596015.0,0.6889000877285247,14068982.0,11321527.0,734703.0,357355.0,2747455.0,0.0,5012791.0,18842985.360000003,19665132.360000003,5.984317599660864,2.0559471673825747,0.07036756461839243,0.08744403471369189,0.014467766097052677,5.984317599660864,0.014763467860828314,21.77954291011352,28.18359113344701,1.664350167605483,0.0,0.0,0.0,0.06149478334679794,1.9652418463432721,0.011880390493071923,135.0287023819761,0.6889000877285247,0.12499999999999993,-0.19682472225834177,-0.016829012464713133,0.7029420623577622,0.24939470865309835,0.05554152194505842,34.01547014744984,1.20873201378956,0.15637962848184678,0.32957209906313356,Oil & Gas E&P,Energy,MXC
2010Q2,2010,Q2,2009-11-13,2009-09-30,158350.0,746294.0,-4137.0,0.08,477043.0,0.6392159122276208,14310466.0,11126645.0,832883.0,460074.0,3183821.0,0.0,4845646.0,20339078.400000002,21385021.400000002,5.908220797260903,1.8103239913579119,0.0890956311275957,0.11458979773327899,0.004122621530544781,5.908220797260903,0.014231603506717434,27.253439529193592,32.11095421534576,1.8279614744606303,0.0,0.0,0.0,0.052150223479794436,1.6584658120215443,0.011065327991415514,-346.02627468994035,0.6392159122276208,3.0,0.20119212506404746,-0.07112472846278106,0.7688027106223838,0.14342863443303516,3.32857373939385,0.9519908089728563,0.2011919498894827,-0.047210723083018845,0.4890758729818216,Oil & Gas E&P,Energy,MXC
2010Q1,2010,Q1,2009-08-14,2009-06-30,-68003.0,658177.0,-86171.0,-0.04,417204.0,0.6338781209309957,14177696.0,10868955.0,629110.0,453944.0,3308741.0,0.0,4687296.0,23106976.8,24226056.8,5.785618242365657,1.385875790846448,0.08816665274809109,0.11500645646246581,-0.005056318447109659,5.785618242365657,-0.00625662724705365,35.10754219609619,-84.94837286590298,2.125961217062726,0.0,0.0,0.0,0.04642341040462428,1.245794635461643,-0.00479647750946275,419.76813995313097,0.6338781209309957,-5.935361329026304,-1.6033076122705936,-0.11418762654071303,0.7841276068481753,0.0,-5.276234425473004,-0.6411960765641368,-1.2784497284560838,-0.21223399825309988,0.41519239611477843,Oil & Gas E&P,Energy,MXC
2009Q4,2009,Q4,2009-06-25,2009-03-31,-10835.0,717222.0,-52505.0,-0.005767543766261971,0.0,0.0,14508880.0,10927610.0,777754.0,555765.0,3581270.0,0.0,4755299.0,21622870.16,22799287.16,5.816840695490723,1.3994296150351317,0.09649263071994531,0.12811584600841355,-0.0007333190383827832,5.816840695490723,-0.0009915251367865435,30.148085474232523,-498.9125556068297,1.9787373597703433,0.0,0.0,0.0,0.04943331256444329,1.3335564492186445,-0.0007467840384647195,108.54582043623402,0.0,-1.082393482375171,-1.0482451309923893,-0.09782544300366457,0.8318831713076271,0.0,-1.0823948106858503,-1.2408651971465927,0.1896587104005194,-0.23163364792579422,0.47413870357158455,Oil & Gas E&P,Energy,MXC
2009Q3,2009,Q3,2009-02-12,2008-12-31,131501.0,927644.0,217985.0,0.07,0.0,0.0,14747147.0,10911512.0,1026401.0,528842.0,3835635.0,0.0,4766134.0,23229777.2266,24622905.2266,5.81988899473349,1.9408462262830863,0.11188604819630536,0.15121644003140902,0.011360588527891615,5.81988899473349,0.012051583685194132,25.041694040601783,44.16273873696778,2.1289237666237275,0.0,0.0,0.0,0.0629032856321294,1.8633183446095432,0.008917046802340818,-31.723617082300564,0.0,-0.7307692307692307,1.3379626419523671,0.4483771131442137,1.1306305204719285,0.0,-0.7427173923676668,-0.7263509526906071,-0.649305603707145,-0.21103159229818094,0.5055092628229666,Oil & Gas E&P,Energy,MXC
2009Q2,2009,Q2,2008-11-14,2008-09-30,511115.0,1601806.0,796586.0,0.26,0.0,0.0,14022669.0,10700473.0,1655879.0,726505.0,3322196.0,0.0,4634633.0,31861890.270000003,32591651.270000003,5.712625465331501,2.2792396473527368,0.06774744522601225,0.08878112210553683,0.04495329456542507,5.712625465331501,0.04776564549996996,19.891229193797503,15.584501663030828,2.977615126920091,0.0,0.0,0.0,0.11422975183968187,2.2086221017061134,0.03644919522809816,31.02532344853374,0.0,-0.10344827586206887,2.8981044564133307,0.8778530030208224,0.8795298097913272,0.0,-0.051363335183160753,-0.024854049938241304,0.7054205065710892,0.6316741002771378,0.5707594920012691,Oil & Gas E&P,Energy,MXC
2009Q1,2009,Q1,2008-08-14,2008-06-30,538789.0,1679320.0,816889.0,0.29,0.0,0.0,14179362.0,9878794.0,1798085.0,416254.0,4300568.0,0.0,4123518.0,70769550.39999999,72823837.39999999,5.605975519098394,4.3196822132640165,0.1604444544119827,0.2302912683471282,0.04622069162137313,5.605975519098394,0.05453995700284873,42.141789772050586,32.83732147464035,7.163784405262423,0.0,0.0,0.0,0.11843410161895859,4.202335593171477,0.03799811303216605,-111.01558714551494,0.0,0.09551341965357575,9.191657518233132,1.046245843482936,0.8436373726104268,0.0,0.15500986108729206,0.3309973897826774,2.3972189085703124,1.1216688438866789,0.6142372591593367,Oil & Gas E&P,Energy,MXC
2008Q4,2008,Q4,2008-06-23,2008-03-31,466480.0,1252903.0,613742.0,0.2647160635345791,0.0,0.0,13202659.0,8460064.0,1199200.0,571526.0,4742595.0,0.0,3584729.0,7418819.9,9715202.9,4.800880722283068,2.0982422496964266,0.19693002750430805,0.30732628027400266,0.04551169645119539,4.800880722283068,0.05513906277777568,5.921304282933316,3.9759581868461673,0.8769224322652878,0.0,0.0,0.0,0.09489777778855002,2.0596403313235094,0.035332276627003695,13.31422605480878,0.0,1.2059671961214926,0.29499380551141174,0.2239447739029817,0.5980053592573403,0.0,1.1096809790424849,0.7779161826519468,1.7452858517718521,0.6053863973162462,0.42159521381244497,Oil & Gas E&P,Energy,MXC
2008Q3,2008,Q3,2008-02-15,2007-12-31,221114.0,955080.0,345203.0,0.12,0.0,0.0,13020516.0,7974213.0,1097562.0,518294.0,5046303.0,0.0,3118249.0,6769490.46,9624536.46,4.688294920796742,2.117643653987891,0.23616575564286393,0.38561799139300645,0.021348880277734017,4.688294920796742,0.02772862977199129,7.087877936926749,7.6538464999954785,0.8489227037201038,0.0,0.0,0.0,0.07335193167459723,1.9272111967339,0.016981969070964623,-3.6075146722856473,0.0,25.291497975708502,-0.05131768610895083,0.055237244330433956,0.7671229557356612,0.0,26.25285518501599,78.46662062615101,0.18181812836981895,0.20721693520160367,0.3341361798403679,Oil & Gas E&P,Energy,MXC
2008Q2,2008,Q2,2007-11-14,2007-09-30,-8756.0,841108.0,4344.0,-0.00494,0.0,0.0,10633264.0,7806779.0,630317.0,410614.0,2826485.0,0.0,2897134.0,8962545.0,9902723.0,4.485881169913234,1.5350596910967478,0.09874672537049771,0.13449849163143981,0.0003012888134079974,4.485881169913234,-0.0011215893264046543,10.655641130508805,-255.89724189127458,1.148046460646574,0.0,0.0,0.0,0.07910158160278913,1.2416332614085248,-0.0008234536450895981,-56.28713990541924,0.0,-1.2469999999999999,-1.4293669298977143,0.6303742390211853,0.0,0.0,-1.2515658219847152,-0.9362563831660503,-1.071875943101538,0.13287660849970834,0.3429827769048507,Oil & Gas E&P,Energy,MXC
2008Q1,2008,Q1,2007-08-14,2007-06-30,34806.0,850317.0,68148.0,0.02,0.0,0.0,10365472.0,7819582.0,689281.0,308595.0,2545890.0,0.0,2905891.0,9432426.0,10200493.0,4.49323794748032,2.2336103955021955,0.08441487276218584,0.11189856439896659,0.005133969903090554,4.49323794748032,0.004451133065680493,11.092834789848963,67.75,1.2062570607994134,0.0,0.0,0.0,0.08203360155716981,1.9085435603298821,0.0033578789272693033,-80.71284570098577,0.0,-0.8103008502289077,-0.5451901589194514,0.5549283439267766,0.0,0.0,-0.8103008502289077,-0.3810691515448749,-0.6666666666666666,0.2353607509775478,0.3855926074651675,Oil & Gas E&P,Energy,MXC
2007Q4,2007,Q4,2007-06-29,2007-03-31,183480.0,755352.0,110106.0,0.10543009825892087,0.0,0.0,9958980.0,7775636.0,600905.0,154074.0,2183344.0,0.0,2871085.0,8962545.0,9590008.0,4.467985979428834,3.9001064423588665,0.07028832269971423,0.0900247902550994,0.0223157475121039,4.467985979428834,0.023596783594293767,11.865388587042862,12.211882766514062,1.1526446196812712,0.0,0.0,0.0,0.07584632161124935,3.0841219154432284,0.01842357349849081,-12.200711415316258,0.0,1.635752456473022,2.4290395645103624,0.6824342389015408,0.0,0.0,1.7352415026833632,0.0018197368660491692,-0.11808403937977768,0.025652522695305123,0.4070917107458475,Oil & Gas E&P,Energy,MXC
2007Q3,2007,Q3,2006-12-31,2006-12-31,67080.0,663198.0,109906.0,0.04,0.0,0.0,9112669.0,7548068.0,519718.0,167769.0,1562550.0,0.0,2687605.0,,,,,,,,,,,,,,,,,,,,,,,,,,,,,,,Oil & Gas E&P,Energy,MXC
2007Q2,2007,Q2,2006-11-14,2006-09-30,130534.0,775588.0,229920.0,0.07,0.0,0.0,8909310.0,7398870.0,610197.0,94938.0,1508389.0,0.0,2620525.0,,,,,,,,,,,,,,,,,,,,,,,,,,,,,,,Oil & Gas E&P,Energy,MXC
2007Q1,2007,Q1,2006-06-30,2006-06-30,227290.0,777579.0,144944.0,0.12,0.0,0.0,8841083.0,7147783.0,527245.0,95158.0,1691249.0,0.0,2489990.0,,,,,,,,,,,,,,,,,,,,,,,,,,,,,,,Oil & Gas E&P,Energy,MXC
