Quarters,Year,Quarter,FillingDate,Date,NetIncome,Revenue,OperatingIncome,EPSDiluted,GrossProfit,GrossProfitRatio,TotalAssets,CommonStockEquity,CurrentAssets,CurrentLiability,TotalLiability,Inventory,RetainedEarnings,MarketCap,EnterpriseValue,bookValuePerShare,currentRatio,debtToAssets,debtToEquity,roic,shareholdersEquityPerShare,roe,priceToSalesRatio,peRatio,pbRatio,payoutRatio,inventoryTurnover,dividendYield,assetTurnover,quickRatio,returnOnAssets,priceToFreeCashFlowsRatio,grossProfitMargin,epsdilutedGrowth,fiveYNetIncomeGrowthPerShare,fiveYRevenueGrowthPerShare,fiveYShareholdersEquityGrowthPerShare,grossProfitGrowth,netIncomeGrowth,operatingIncomeGrowth,threeYNetIncomeGrowthPerShare,threeYRevenueGrowthPerShare,threeYShareholdersEquityGrowthPerShare,Industry,Sector,Symbol
2023Q1,2023,Q1,2023-05-03,2023-03-31,15879000.0,105654000.0,14853000.0,0.14,104268000.0,0.9868817082,617848000.0,529584000.0,528179000.0,25216000.0,88264000.0,16565000.0,312265000.0,2336789100.0,1872307100.0,4.908782499884136,20.946184961928935,0.0018612992192254406,0.002171515755763014,0.024080781328388597,4.908782499884136,0.02998391190066165,22.11737463796922,36.79055828452674,4.412499433517628,0.0,0.08367038937518866,0.0,0.1710032240939519,26.837285850253807,0.025700495914852843,90.02539199445236,0.9868817082173889,0.0,-0.031510970811260655,0.951235818312957,1.6201673170730873,0.02650232338347641,-0.04349135594241311,-0.33983732610338235,-0.4390931542162888,0.20331651026035474,0.3734770773432861,Biotechnology,Healthcare,CORT
2022Q4,2022,Q4,2023-02-28,2022-12-31,16601000.0,103056000.0,22499000.0,0.14,101576000.0,0.985638876,583430000.0,501842000.0,498707000.0,81588000.0,81588000.0,17031000.0,296386000.0,2187387000.0,1751911000.0,4.659628597957289,6.112504289846546,0.003918207839843683,0.004555218574770545,0.030450607670539576,4.659628597957289,0.033080132790798696,21.22522706101537,32.940590928257336,4.358716488456526,0.0,0.08690035817039517,0.0,0.17663815710539396,10.38166151885081,0.028454141885059046,65.57505171328357,0.9856388759509392,-0.5333333333333333,-0.8207147223063415,1.0540238567258067,1.7906336284004396,0.01182400462202034,-0.5203132223763292,-0.29545312206425756,-0.40010291992908337,0.24485332318363534,0.4354536353880901,Biotechnology,Healthcare,CORT
2022Q3,2022,Q3,2022-11-03,2022-09-30,34608000.0,101728000.0,31934000.0,0.3,100389000.0,0.9868374489,533255000.0,473364000.0,452402000.0,53068000.0,59891000.0,6046000.0,279785000.0,2746685000.0,2698149000.0,4.418800466744457,8.52494912188136,0.00320109516085175,0.0036061043932364947,0.07023394078259955,4.418800466744457,0.07311075620452759,27.000285073922615,19.84140227693019,5.8024796984984075,0.0,0.22146873966258684,0.0,0.1907680190527984,8.02133112233361,0.06489953211877994,82.490464606421,0.9868374488832966,0.25,1.6677905519447445,1.522733105487571,4.816655343138868,-0.01646908984030567,0.26251276813074564,0.01597098498345635,0.3966844132336406,0.32676439877373986,0.5048654901982352,Biotechnology,Healthcare,CORT
2022Q2,2022,Q2,2022-08-04,2022-06-30,27412000.0,103386000.0,31432000.0,0.24,102070000.0,0.9872710038,496364000.0,442326000.0,427555000.0,54038000.0,54038000.0,17415000.0,245177000.0,2527552420.0,2147840420.0,4.161540705058849,7.912117398867464,0.009122337639313085,0.010236793677061715,0.059835877978445584,4.161540705058849,0.06197239140362538,24.447724256669183,23.05151411790457,5.7142298214439124,0.0,0.07556703990812517,0.0,0.20828666059585305,13.784373959065842,0.05522560056732559,140.25594695077965,0.9872710038109609,0.1999999999999999,1.309400520339649,2.0978347591084208,6.125108826172947,0.1041995716047513,0.20243891740141245,0.1741940304083081,0.46083215929002386,0.539188015688506,0.596462925105363,Biotechnology,Healthcare,CORT
2022Q1,2022,Q1,2022-05-05,2022-03-31,22797000.0,93688000.0,26769000.0,0.2,92438000.0,0.9866578431,468123000.0,407811000.0,388220000.0,57244000.0,60312000.0,5079000.0,217765000.0,2387390240.0,2328344240.0,3.846838093800702,6.781846132345748,0.0060155130168780425,0.006905159497904666,0.05497510768788119,3.846838093800702,0.055900895267660754,25.482348219622576,26.18096942580164,5.854158519510263,0.0,0.24611143925969678,0.0,0.20013543449050783,6.510813360352176,0.04869873943386674,67.7562151270044,0.9866578430535394,-0.23076923076923075,4.531246765772651,2.614120057264337,7.757181830032348,-0.051606681167152293,-0.2887717218357096,-0.2727396218213432,0.35144184283948515,0.5655535524581756,0.5460316496454929,Biotechnology,Healthcare,CORT
2021Q4,2021,Q4,2022-02-15,2021-12-31,32053000.0,98822000.0,36808000.0,0.26,97468000.0,0.9862985975,423756000.0,375806000.0,266463000.0,47541000.0,47950000.0,4988000.0,194968000.0,2252071800.0,2174980800.0,3.3040504303637213,5.604909446582949,0.0012412803594521375,0.0013996583343533632,0.08521995458857572,3.3040504303637213,0.0852913471312326,22.78917447531926,17.565218544286026,5.992644609186654,0.0,0.2714514835605453,0.0,0.23320495756992232,5.283018867924528,0.07564022692304062,45.623593047283336,0.9862985974782943,0.08333333333333341,5.919012564442322,3.118202563950608,8.012258873434886,0.02753647634308847,0.05191821732138755,0.015897549127842792,0.47499182218661906,0.49753570481004245,0.37956399157620807,Biotechnology,Healthcare,CORT
2021Q3,2021,Q3,2021-11-03,2021-09-30,30471000.0,96131000.0,36232000.0,0.24,94856000.0,0.9867368486752452,585399000.0,540229000.0,401900000.0,44757000.0,45170000.0,4994000.0,162915000.0,2278766880.0,2185124880.0,4.665552590443126,8.979600956274997,0.001786815488239645,0.0019362159380558986,0.056074849235105646,4.665552590443126,0.056403858363767954,23.704807814336686,18.696193757999406,4.218149858671045,0.0,0.25530636764116943,0.0,0.16421449302099936,8.665437808610944,0.052051677573757386,46.941330312081575,0.9867368486752452,0.14285714285714285,10.264466380741652,3.2285175594983695,15.521673288242482,0.051571992372843774,0.14885193982581155,0.13427041918417182,0.7170700448623712,0.4917652491163509,1.0815722085500898,Biotechnology,Healthcare,CORT
2021Q2,2021,Q2,2021-07-29,2021-06-30,26523000.0,91588000.0,31943000.0,0.21,90204000.0,0.9848888500676944,568480000.0,522675000.0,411270000.0,45402000.0,45805000.0,4669000.0,132444000.0,2558468000.0,2464597000.0,4.494427915455655,9.058411523721421,0.0027424007880664228,0.002982733055914287,0.05027069196961973,4.494427915455655,0.0507447266465777,27.934532908241255,24.115560079930628,4.894950016740805,0.0,0.2964232169629471,0.0,0.16111032929918379,8.757367516849477,0.04665599493385871,57.85771144278607,0.9848888500676944,0.16666666666666666,24.68607071629894,3.3935257278773556,18.272793501529524,0.15396128900203404,0.13032175580652036,0.6265913025766371,0.4475757886439854,0.4596928416093775,1.1316274503685881,Biotechnology,Healthcare,CORT
2021Q1,2021,Q1,2021-05-06,2021-03-31,23465000.0,79437000.0,19638000.0,0.18,78169000.0,0.9840376650679155,552398000.0,510802000.0,409624000.0,40601000.0,41596000.0,4948000.0,105921000.0,2779100220.0,2728786220.0,4.372630930164872,10.0890125858969,0.0037418672768547317,0.004046577734621242,0.04493946163753821,4.372630930164872,0.04593756484900216,34.9849594017901,29.608994459833795,5.440660412449442,0.0,0.2562651576394503,0.0,0.14380392398234607,9.732740572892293,0.042478430407061576,109.86322817836812,0.9840376650679155,-0.10000000000000009,1160.3361896283106,3.642935896747099,22.775638656922354,-0.07471502468010559,-0.09729168269600677,-0.35634218289085545,0.32173203042855664,0.35487100720929593,1.333984985709046,Biotechnology,Healthcare,CORT
2020Q4,2020,Q4,2021-02-23,2020-12-31,25994000.0,85735000.0,30510000.0,0.2,84481000.0,0.9853735347291072,571731000.0,523338000.0,478501000.0,47494000.0,48393000.0,4910000.0,82456000.0,3042931200.0,2969292200.0,4.499123108665749,10.074977891944245,0.004461888545487301,0.0048744788263034595,0.04871584385333154,4.499123108665749,0.04966962078045164,35.492286697381466,29.265707470954837,5.814466367815829,0.0,0.2553971486761711,0.0,0.14995688531844523,9.830589127047627,0.04546543741724692,87.84443418013856,0.9853735347291072,0.1764705882352941,24.553613149443553,4.400341224674109,25.67198287487268,-0.0074020984361598385,0.20203468208092484,0.23427323111776366,-0.7400769448832645,0.5821646015212255,1.6945075087873454,Biotechnology,Healthcare,CORT
2020Q3,2020,Q3,2020-11-03,2020-09-30,21625000.0,86327000.0,24719000.0,0.17,85111000.0,0.9859140245809538,534125000.0,489680000.0,463493000.0,43048000.0,44445000.0,4817000.0,56462000.0,2014350270.0000002,1986821270.0000002,4.231081618193444,10.76688812488385,0.005674701614790546,0.006189756575722921,0.042550782414901976,4.231081618193444,0.04416149322006208,23.333954266915335,23.287286358381504,4.113605354517236,0.0,0.2524392775586465,0.0,0.16162321553943365,10.470869726816577,0.04048677743973789,67.76391946444191,0.9859140245809538,-0.2608695652173913,34.72052168684361,5.100746992451676,33.0511496171907,-0.025420526502616482,-0.2365940622021393,-0.29899041461062903,0.5429832645229082,0.9815604263967976,4.5695530239349,Biotechnology,Healthcare,CORT
2020Q2,2020,Q2,2020-08-04,2020-06-30,28327000.0,88565000.0,35262000.0,0.23,87331000.0,0.9860667306498052,497823000.0,453698000.0,438333000.0,42243000.0,44125000.0,4927000.0,34837000.0,1934400920.0,1879382920.0,3.944994174216997,10.37646473972019,0.007040655011921908,0.007725403241804019,0.059773717570094705,3.944994174216997,0.06243580531543009,21.841595664201435,17.07205951918664,4.263631137893489,0.0,0.25045666734321087,0.0,0.17790459661365585,10.133820988092701,0.05690175022045988,36.402659440335725,0.9860667306498052,-0.07999999999999996,14.724341430335723,5.948203102464284,35.921941831466626,-0.044194420427059504,-0.057808082487942794,-0.06494126382222694,1.2056009554342153,1.4525985382020283,5.754352486747308,Biotechnology,Healthcare,CORT
2020Q1,2020,Q1,2020-05-04,2020-03-31,30065000.0,93247000.0,37711000.0,0.25,91369000.0,0.9798599418748056,445494000.0,409489000.0,344776000.0,34075000.0,36005000.0,5084000.0,6510000.0,1362296750.0,1280931750.0,3.5739821077896576,10.118151137197358,0.0069855037329346744,0.007599715743280039,0.06960638047078911,3.5739821077896576,0.07342077564965115,14.60955044130106,11.327929070347581,3.326821355396604,0.0,0.36939417781274586,0.0,0.2093114609848842,9.801878209831255,0.06748687973350932,40.99969151593584,0.9798599418748056,0.041666666666666706,6.536301138106487,7.209810476452427,33.4501179241681,0.05678992354757746,0.023280351247404785,0.07696481608407585,5.749501606249245,2.3282706680997505,7.136035469138671,Biotechnology,Healthcare,CORT
2019Q4,2019,Q4,2020-02-24,2019-12-31,29381000.0,87895000.0,35016000.0,0.24,86459000.0,0.9836623243642983,412312000.0,371182000.0,307358000.0,38841000.0,41130000.0,5424000.0,-23555000.0,1383598700.0,1355790700.0,3.2461017779215897,7.913236013490899,0.00839412871805817,0.009324266801730687,0.07462857871132961,3.2461017779215897,0.07915523920879784,15.741494965583936,11.772903406963684,3.7275479414411254,0.0,0.26474926253687314,0.0,0.21317594443043134,7.617980999459334,0.07125914356118668,28.634671661251268,0.9836623243642983,0.09090909090909087,7.722484809177048,7.6899511498452195,98.63695445073778,0.0800084942663702,0.11545178435839028,0.0609623075990789,5.3086186589435105,2.643430614992126,7.854195832878417,Biotechnology,Healthcare,CORT
2019Q3,2019,Q3,2019-11-07,2019-09-30,26340000.0,81505000.0,33004000.0,0.22,80054000.0,0.9821974112017667,367022000.0,334376000.0,267310000.0,32396000.0,32646000.0,5462000.0,-52936000.0,1609623125.0,1565445125.0,2.93634248079034,8.251327324361032,0.002097966879369629,0.0023027968514486687,0.07533549249978007,2.93634248079034,0.0787735961911142,19.748765413164836,15.277364512148823,4.813811771777879,0.0,0.2656536067374588,0.0,0.22207115649743067,7.842017533028769,0.07176681506830654,42.20191198447864,0.9821974112017667,0.29411764705882343,4.894926237319212,8.940365920388937,226.48523952334872,0.12943002257336342,0.30486475775289806,0.3398286850972273,8.901160516107664,2.6454852445307893,9.398187607911566,Biotechnology,Healthcare,CORT
2019Q2,2019,Q2,2019-08-01,2019-06-30,20186000.0,72257000.0,24633000.0,0.17,70880000.0,0.9809430228213184,328679000.0,298053000.0,232655000.0,30381000.0,30626000.0,5142000.0,-79276000.0,1254309800.0,1197316800.0,2.6067255553612037,7.6579111944965605,0.003492769541102413,0.0038516639658047395,0.06414112229525662,2.6067255553612037,0.06772620976806139,17.359007431805914,15.534402556227088,4.208344824578179,0.0,0.2677946324387398,0.0,0.21984063478348176,7.284519930219545,0.06141554525844365,49.88307019288129,0.9809430228213184,0.13333333333333347,3.360616650682028,9.906540257332647,75.25351870810381,0.1146581955998679,0.10462952829156179,0.2994830132939439,18.883114717029372,2.5254425795232565,10.17803740290782,Biotechnology,Healthcare,CORT
2019Q1,2019,Q1,2019-05-09,2019-03-31,18274000.0,64829000.0,18956000.0,0.15,63589000.0,0.980872757562202,320212000.0,285755000.0,216864000.0,34218000.0,34457000.0,5000000.0,-99462000.0,1296588760.0,1248459760.0,2.488201386228275,6.337716991057338,0.004749978139482593,0.0053227415093349195,0.05981474963844487,2.488201386228275,0.06394988714108239,20.000135124712706,17.738162963773668,4.537414078493814,0.0,0.248,0.0,0.20245649757035963,6.02381787363376,0.057068442157070944,55.3530037568306,0.980872757562202,-0.16666666666666666,2.14823556399351,11.881662003643417,25.690480369763353,-0.02548580886409612,-0.16966557615412578,-0.23865370712507028,919.38315866466,2.854256663176908,12.529286603291295,Biotechnology,Healthcare,CORT
2018Q4,2018,Q4,2019-02-26,2018-12-31,22008000.0,66831000.0,24898000.0,0.18,65252000.0,0.97637323996349,311694000.0,275882000.0,236820000.0,35573000.0,35812000.0,4732000.0,-117736000.0,1538951760.0,1497326760.0,2.394996136850969,6.657296264020465,0.0,0.0,0.07656877561606197,2.394996136850969,0.07977323638367129,23.027513579027698,17.481731188658667,5.578297098034667,0.0,0.3336855452240068,0.0,0.21441221197713142,6.306693278610182,0.07060771140926678,71.8934765953471,0.97637323996349,0.28571428571428553,2.7264652805854825,13.17249694002332,10.454889216938492,0.03349858244769311,0.24009691778892206,0.08398275937132657,20.847191909191505,3.250860512725012,13.198165821343611,Biotechnology,Healthcare,CORT
2018Q3,2018,Q3,2018-11-02,2018-09-30,17747000.0,64445000.0,22969000.0,0.14,63137000.0,0.9797036232446272,299751000.0,259545000.0,224191000.0,40206000.0,40206000.0,5362000.0,-139744000.0,1592222500.0,1558328500.0,2.241359954403358,5.576058299756255,0.0,0.0,0.06619013037715633,2.241359954403358,0.06837735267487334,24.706687873380403,22.429459908716964,6.134668361941088,0.0,0.24393882879522566,0.0,0.21499511261013307,5.33636770631249,0.05920580748688078,35.812471884840306,0.9797036232446272,0.0,2.402651748668985,20.089382267182913,6.269980258304901,0.03235880833251578,-0.024675752912728072,0.11316274110691092,28.658143337504445,3.5518243911604537,17.038149589266347,Biotechnology,Healthcare,CORT
2018Q2,2018,Q2,2018-08-09,2018-06-30,18196000.0,62312000.0,20634000.0,0.14,61158000.0,0.9814802927205033,274382000.0,243509000.0,197175000.0,30873000.0,30873000.0,4947000.0,-157491000.0,1815534240.0,1784369240.0,2.108449070065459,6.38664852783986,0.0,0.0,0.07274286909337438,2.108449070065459,0.07472413750621126,29.136189498010015,24.944139371290394,7.455717201417607,0.0,0.23327269051950678,0.0,0.22709944529888987,6.110484889709455,0.06631630354760881,119.85306575125429,0.9814802927205033,0.0,2.3218373661031766,27.478671095649403,4.212968107788108,0.08272992829954855,0.0422131851766997,-0.017194570135746608,9.778806080947827,3.868001070712679,18.733371072726126,Biotechnology,Healthcare,CORT
2018Q1,2018,Q1,2018-05-09,2018-03-31,17459000.0,57659000.0,20995000.0,0.14,56485000.0,0.9796389115315909,242976000.0,215227000.0,150823000.0,27749000.0,27749000.0,4876000.0,-175687000.0,1889808900.0,1856687900.0,1.8734614648073675,5.435258928249667,0.0,0.0,0.07999875528583042,1.8734614648073675,0.08111900458585586,32.775610052203476,27.060669282318575,8.780538222434917,0.0,0.24077112387202626,0.0,0.23730327275121824,5.139752783884104,0.07185483339918346,55.0114662474893,0.9796389115315909,-0.8181818181818181,2.2553017110468763,28.176707614509358,2.666405557482552,0.08368666423651747,-0.822444828638259,-0.03235470341521869,4.206385529514252,4.0629454419123165,17.058559456223495,Biotechnology,Healthcare,CORT
2017Q4,2017,Q4,2018-02-28,2017-12-31,98330000.0,53280000.0,21697000.0,0.77,52123000.0,0.9782845345345346,220537000.0,190968000.0,124185000.0,29569000.0,29569000.0,4576000.0,-193146000.0,2065522199.9999998,2034460199.9999998,1.6697385678062429,4.199837667827793,0.0,0.0,0.5104798187638803,1.6697385678062429,0.5149030204013237,38.767308558558554,5.251505644259127,10.816064471534498,0.0,0.2528409090909091,0.0,0.24159211379496412,3.9548175454022796,0.44586622652888175,83.10622837370241,0.9782845345345346,6.0,8.714439863904937,32.768332456120795,1.6978209593701918,0.24734965419867422,6.14763393181653,0.5926741540042575,23.493754421582633,4.266596360001451,51.22275937198795,Biotechnology,Healthcare,CORT
2017Q3,2017,Q3,2017-11-03,2017-09-30,13757000.0,42763000.0,13623000.0,0.11,41787000.0,0.9771765311133457,110672000.0,86302000.0,93942000.0,24370000.0,24370000.0,3828000.0,-291476000.0,2192537900.0,2161477900.0,0.7596806422365606,3.8548215018465326,0.0,0.0,0.15840535426693303,0.7596806422365606,0.1594053440244722,51.27184481911933,39.84404121538126,25.4054123890524,0.0,0.2549634273772205,0.0,0.38639402920341187,3.5711120229790727,0.1243042503975712,202.20768237572628,0.9771765311133457,0.09999999999999995,2.4468284366283433,34.35254384886454,0.05051816993598002,0.2013281968721251,0.08776785008302364,0.06471277842907386,3.03913413007363,4.227871147077543,59.33678213511945,Biotechnology,Healthcare,CORT
2017Q2,2017,Q2,2017-08-02,2017-06-30,12647000.0,35559000.0,12795000.0,0.1,34784000.0,0.9782052363677268,86537000.0,66145000.0,81285000.0,20392000.0,20392000.0,3089000.0,-305233000.0,1336338200.0,1307288200.0,0.5840669674787415,3.9861220086308355,0.052844448039566894,0.06913598911482349,0.18021739984256666,0.5840669674787415,0.19120114899085341,37.58087122809978,26.416110540049026,20.20316274850707,0.0,0.25089025574619617,0.0,0.410910939829206,3.710719890153001,0.1461455793475623,86.95589536699636,0.9782052363677268,1.5,2.3027097470925098,30.80121819051067,0.5779708165640375,0.29054279672021666,1.8821786690975388,1.6993670886075949,2.493229385158637,4.419015977967181,16.085481568946502,Biotechnology,Healthcare,CORT
2017Q1,2017,Q1,2017-05-02,2017-03-31,4388000.0,27599000.0,4740000.0,0.04,26953000.0,0.9765933548316968,75339000.0,49580000.0,66675000.0,25759000.0,25759000.0,2888000.0,-317880000.0,1237022320.0,1209153320.0,0.43927808836949683,2.5884156993672116,0.1341536256122327,0.20385235982250907,0.07718047642443941,0.43927808836949683,0.08850342880193626,44.821273234537486,70.4775706472197,24.950026623638568,0.0,0.2236842105263158,0.0,0.3663308512191561,2.406459878100858,0.058243406469424865,130.88798222410327,0.9765933548316968,-0.017907330867957334,1.2974486522278,0.0,-0.05679842764827119,0.15921895832437313,-0.04546443332608223,-0.053325344517675254,1.280546801169602,4.580039232740529,3.7120555672809936,Biotechnology,Healthcare,CORT
2016Q4,2016,Q4,2017-03-06,2016-12-31,4597000.0,23812000.0,5007000.0,0.04072935401844649,23251000.0,0.9764404501931799,68753000.0,41379000.0,65689000.0,27374000.0,27374000.0,2329000.0,-322268000.0,819414420.0,782542420.0,0.3666173460798994,2.399685833272448,0.21328523846232164,0.354382657869934,0.0893421123066217,0.3666173460798994,0.11109499987916575,34.41182681001176,44.562454861866435,19.802663669977523,0.0,0.24087591240875914,0.0,0.34634125056361176,2.2428581866004236,0.0668625369074804,182.33520694259013,0.9764404501931799,1.0364677009223244,1.34605193903354,0.0,-0.11081574522179141,0.10419337987367622,0.7783365570599613,0.6298828125,1.368047050996787,4.153661060721573,0.7534730097205865,Biotechnology,Healthcare,CORT
2016Q3,2016,Q3,2016-11-02,2016-09-30,2585000.0,21725000.0,3072000.0,0.02,21057000.0,0.9692520138089759,62930000.0,31247000.0,59781000.0,31683000.0,31683000.0,2327000.0,-326865000.0,719238000.0,690098000.0,0.2823898347973828,1.8868478363791308,0.2975528364849833,0.5992575287227574,0.06147442567837989,0.2823898347973828,0.08272794188242072,33.10646720368239,69.5588007736944,23.017825711268284,0.0,0.28706489041684574,0.0,0.34522485301128236,1.7706972193289776,0.041077387573494356,81.31577162238553,0.9692520138089759,1.3609963404556724,1.3056348833379525,0.0,-0.4555527089286388,0.0911493419007151,1.645854657113613,1.0371352785145889,1.2138096221877817,6.440056035913973,-0.08405228705469203,Biotechnology,Healthcare,CORT
2016Q2,2016,Q2,2016-08-03,2016-06-30,977000.0,19724000.0,1508000.0,0.008471,19298000.0,0.9784019468667613,56838000.0,25660000.0,54778000.0,27434000.0,31178000.0,2134000.0,-329450000.0,600785640.0,577553640.0,0.23320064707272298,1.996719399285558,0.3264893205250009,0.7231878409976618,0.034104529931926635,0.23320064707272298,0.03807482462977397,30.459624822551206,153.73225179119754,23.413314107560407,0.0,0.19962511715089035,0.0,0.34702135894999825,1.8622876722315376,0.01718920440550336,379.52346178142767,0.9784019468667613,49.96531791907514,1.0839823221085658,0.0,-0.5990670767726863,0.23246902541831652,52.421052631578945,1.5472972972972974,1.0744940629039739,8.46167495346638,-0.4234304479225986,Biotechnology,Healthcare,CORT
2016Q1,2016,Q1,2016-05-04,2016-03-31,-19000.0,16061000.0,592000.0,-0.000173,15658000.0,0.9749081626299733,52912000.0,20168000.0,50514000.0,24025000.0,32744000.0,1912000.0,-330427000.0,513213479.99999994,488791479.99999994,0.183912238626312,2.102559833506764,0.30847444814030844,0.8093018643395478,0.01622362291038641,0.183912238626312,-0.0009420864736215788,31.95401780711039,-6752.80894736842,25.44691987306624,0.0,0.21077405857740586,0.0,0.30354172966434834,1.9769406867845993,-0.0003590867856062897,156.70640610687022,0.9749081626299733,-1.01978243274244,0.9980293944276897,0.0,-0.7377608439043191,0.07224542902143395,-1.0198123044838374,-0.6414294367050273,0.998568859926753,7.514154860595239,-0.6400796779356762,Biotechnology,Healthcare,CORT
2015Q4,2015,Q4,2016-03-10,2015-12-31,959000.0,14967000.0,1651000.0,0.008745132727222988,14603000.0,0.9756798289570389,51937000.0,18498000.0,48980000.0,20876000.0,33439000.0,1682000.0,-330408000.0,546111780.0,520641780.0,0.16868348820455767,2.3462349109024716,0.2881375512640314,0.8090063790680073,0.049338074888683026,0.16868348820455767,0.05184344253432804,36.48772499498897,142.36490615224193,29.522747324035034,0.0,0.2164090368608799,0.0,0.2881760594566494,2.234910902471738,0.01846467836032116,130.64875119617224,0.9756798289570389,1.8745132727222988,1.0995759057636314,0.0,-0.3587105422070751,0.12287581699346405,2.59567387687188,15.186274509803921,1.078468777241553,8.893274895365295,-0.7274556276340755,Biotechnology,Healthcare,CORT
2015Q3,2015,Q3,2015-11-06,2015-09-30,-601000.0,13261000.0,102000.0,-0.01,13005000.0,0.9806952718497851,48377000.0,13477000.0,45179000.0,18767000.0,34900000.0,1604000.0,-331367000.0,407813360.0,384870360.0,0.12425664524575654,2.4073639899824157,0.2792029270107696,1.002226014691697,0.003780017788319004,0.12425664524575654,-0.04459449432366254,30.752836136038006,-169.63950083194675,30.25995102767678,0.0,0.1596009975062344,0.0,0.2741178659280237,2.2590184899024885,-0.01242325898670856,461.84978482446206,0.9806952718497851,0.5,0.9438044714104484,0.0,-0.6647164791486693,0.1292003125814014,0.6895661157024794,1.0874785591766725,0.9337960401358684,10.482725303973897,-0.828172713231636,Biotechnology,Healthcare,CORT
2015Q2,2015,Q2,2015-08-07,2015-06-30,-1936000.0,11956000.0,-1166000.0,-0.02,11517000.0,0.9632820341251255,48355000.0,11526000.0,44691000.0,17430000.0,36829000.0,1451000.0,-330766000.0,648322740.0,623308740.0,0.10684687691195284,2.564027538726334,0.24886774894013028,1.0440742668748915,-0.049490662139219016,0.10684687691195284,-0.16796807218462606,54.22572264971562,-83.71936208677685,56.248719416970324,0.0,0.3025499655410062,0.0,0.24725467893702824,2.4095811818703385,-0.040037224692379275,-4664.1923741007195,0.9632820341251255,0.6,0.7915642714113039,0.0,-0.7873799225973168,0.17520408163265305,0.5991718426501035,0.7106699751861042,0.7906451192995115,10.225293805736323,-0.7113323248943915,Biotechnology,Healthcare,CORT
2015Q1,2015,Q1,2015-05-08,2015-03-31,-4830000.0,10102000.0,-4030000.0,-0.05,9800000.0,0.9701049297168878,48224000.0,10572000.0,44186000.0,15526000.0,37652000.0,1310000.0,-328830000.0,570668000.0,543373000.0,0.10374368284186251,2.8459358495427027,0.22101028533510286,1.008134695421869,-0.18982571832312764,0.10374368284186251,-0.4568671963677639,56.490595921599684,-29.53768115942029,53.979190314037076,0.0,0.23053435114503817,0.0,0.20948075646980757,2.721499420327193,-0.10015759787657598,-315.1120927664274,0.9701049297168878,-0.30815147625160466,0.5110053691244044,0.0,-0.619278366516904,0.11923252626770214,-0.24005134788189988,-0.3097172570685733,0.6373697698324888,0.0,-0.7772454229592788,Biotechnology,Healthcare,CORT
2014Q4,2014,Q4,2015-03-13,2014-12-31,-3895000.0,9014000.0,-3077000.0,-0.03822187331338011,8756000.0,0.9713778566674063,34630000.0,-3388000.0,30230000.0,13555000.0,38018000.0,1207000.0,-324000000.0,305715000.0,290891000.0,-0.03324665129287081,2.230173367760974,0.27213398787178744,-2.781582054309327,-0.5097746852220013,-0.03324665129287081,1.1496458087367178,33.91557577102285,-19.62227214377407,-90.23465171192443,0.0,0.21375310687655344,0.0,0.2602945423043604,2.034821099225378,-0.11247473289055732,-217.9009265858874,0.9713778566674063,0.36296877811033146,0.5367908177079631,0.0,-1.0942906453356338,0.24251454519653753,0.35148185148185146,0.397021359984323,0.6752525618845059,0.0,-1.0806355704928363,Biotechnology,Healthcare,CORT
2014Q3,2014,Q3,2014-11-07,2014-09-30,-6006000.0,7282000.0,-5103000.0,-0.06,7047000.0,0.9677286459763801,37159000.0,-1317000.0,32375000.0,12486000.0,38476000.0,1080000.0,-320105000.0,271039120.0,252920120.0,-0.013022326813930033,2.5929040525388434,0.23307946930757018,-6.57630979498861,-0.6948529411764706,-0.013022326813930033,4.560364464692483,37.220422960725074,-11.282014652014652,-205.8003948367502,0.0,0.2175925925925926,0.0,0.1959686751527221,2.364728495915425,-0.16162975322263784,-45.59110513036165,0.9677286459763801,0.14285714285714296,0.3668868933746329,0.0,-1.0699693472139093,0.25035486160397447,0.20471398305084745,0.22458592919009268,0.22305587965801144,0.0,-1.0251070317824198,Biotechnology,Healthcare,CORT
2014Q2,2014,Q2,2014-08-08,2014-06-30,-7552000.0,5851000.0,-6581000.0,-0.07,5636000.0,0.9632541445906683,44390000.0,3452000.0,39437000.0,13302000.0,40938000.0,1072000.0,-314098000.0,282744000.0,256166000.0,0.034184987126163593,2.9647421440384902,0.16661410227528722,2.1425260718424104,-0.606655604719764,0.034184987126163593,-2.1877172653534185,48.324047171423686,-9.359904661016948,81.90730011587486,0.0,0.20055970149253732,0.0,0.13180896598332958,2.7213201022402647,-0.17012840729894121,-31.304694419840565,0.9632541445906683,0.5,0.2370582640268866,479.5626741268898,-0.8737178001366432,0.3320727960293075,0.45786073223259155,0.4882183684578894,0.2926296846187703,0.0,-0.94122706351365,Biotechnology,Healthcare,CORT
2014Q1,2014,Q1,2014-05-12,2014-03-31,-13930000.0,4405000.0,-12859000.0,-0.14,4231000.0,0.9604994324631101,52831000.0,9371000.0,48120000.0,15242000.0,43460000.0,1127000.0,-306547000.0,438271560.00000006,401549560.00000006,0.09322430138975936,3.157066001837029,0.13052942401241696,0.7358873119197524,-0.7904960963914673,0.09322430138975936,-1.4865009070536763,99.49411123723043,-7.865605886575737,46.76892113968627,0.0,0.1543921916592724,0.0,0.0833790766784653,2.987796877050256,-0.26367095076754177,-39.23648701880036,0.9604994324631101,-0.26509708737864085,-0.2653316405016104,89.86244623843112,-0.7405703551024162,0.043660582141095215,-0.25224739302409205,-0.28205383848454635,-0.5761321341469304,0.0,-0.8670721301276015,Biotechnology,Healthcare,CORT
2013Q4,2013,Q4,2014-03-14,2013-12-31,-11124000.0,4115000.0,-10030000.0,-0.11066344345957561,4054000.0,0.985176184690158,63077000.0,21017000.0,58311000.0,12738000.0,42060000.0,1096000.0,-292617000.0,322672410.0,273538410.0,0.20908068960714676,4.577720207253886,0.09104744994213422,0.27325498406052245,-0.374813153961136,0.20908068960714676,-0.529285816243993,78.41370838396112,-7.251717233009709,15.352924299376696,0.0,0.055656934306569344,0.0,0.06523772531984717,4.420238655989952,-0.17635588249282622,-41.87287957435764,0.985176184690158,-0.006031304177960121,0.10760898770396024,13.245692181496638,-0.3846050537102712,0.5628373168851195,-0.019988996882450028,-0.029774127310061602,-0.26006236396012483,0.0,-0.20513119867107876,Biotechnology,Healthcare,CORT
2013Q3,2013,Q3,2013-11-12,2013-09-30,-10906000.0,2634000.0,-9740000.0,-0.11,2594000.0,0.9848139711465452,71057000.0,30773000.0,66223000.0,10142000.0,40284000.0,1025000.0,-281493000.0,158704260.0,100029260.0,0.3083034444065963,6.529579964504043,0.06332943974555638,0.14623208656939524,-0.2761318855782043,0.3083034444065963,-0.3544015858057388,60.252186788154894,-3.6380033926279114,5.157256686055958,0.0,0.03902439024390244,0.0,0.037068832064399,6.329520804575035,-0.153482415525564,-18.311325718241605,0.9848139711465452,0.0833333333333333,0.042763792225867146,18.493536159074058,-0.2977468637357879,0.3886509635974304,0.08329831049844498,0.09672632848001483,-0.10808972086729969,0.0,-0.16810031264894265,Biotechnology,Healthcare,CORT
2013Q2,2013,Q2,2013-08-09,2013-06-30,-11897000.0,1891000.0,-10783000.0,-0.12,1868000.0,0.98783712321523,79687000.0,40371000.0,74570000.0,9079000.0,39316000.0,694000.0,-270587000.0,176670780.0,108100780.0,0.40446229987777266,8.213459632118076,0.04580420896758568,0.09041143395011271,-0.24495127325594604,0.40446229987777266,-0.29469173416561395,93.42717080909571,-3.7125069345213078,4.376180426543806,0.0,0.03314121037463977,0.0,0.023730344974713567,8.048793920035246,-0.14929662303763475,-19.120214285714287,0.98783712321523,0.0,-0.3142809615876432,0.0,-0.24343979848825836,0.10076605774896877,0.015475008275405495,0.014621219044137806,-0.3842980146760421,0.0,-0.19513973649089475,Biotechnology,Healthcare,CORT
2013Q1,2013,Q1,2013-05-08,2013-03-31,-12084000.0,1717000.0,-10943000.0,-0.12,1697000.0,0.988351776354106,88141000.0,51003000.0,84201000.0,8243000.0,37138000.0,1026000.0,-258690000.0,190644740.0,113084740.0,0.5109804235878734,10.214848962756278,0.04424728559921036,0.07646609022998647,-0.19931515582026482,0.5109804235878734,-0.2369272395741427,111.0336284216657,-3.9441563224097975,3.7379122796698234,0.0,0.01949317738791423,0.0,0.019480151121498507,10.020987504549314,-0.1370985126104764,-16.474657794676805,0.988351776354106,-0.07674217907227605,-0.2394548516729667,0.0,-0.3172844078150333,0.2496318114874816,-0.08629989212513485,-0.09649298597194389,-0.2490266639898838,0.0,0.875211060733217,Biotechnology,Healthcare,CORT
2012Q4,2012,Q4,2013-03-15,2012-12-31,-11124000.0,1377000.0,-9980000.0,-0.11144729196305128,1358000.0,0.9862018881626725,99166000.0,61777000.0,95062000.0,8359000.0,37389000.0,853000.0,-246606000.0,142734020.0,52352020.0,0.6189211934197607,11.37241296805838,0.026722868725167902,0.042896223513605385,,0.6189211934197607,-0.18006701523220617,103.65578794480756,-3.207794408486156,2.3104718584586497,0.0,0.022274325908558032,0.0,0.013885807635681584,11.196195717191051,-0.11217554403727084,-16.219775,0.9862018881626725,-0.393091149538141,-0.06942089008666066,0.0,0.6901244887501067,0.3171677982541222,-0.34137224164958396,-0.3010037804719072,-0.3506247732969009,0.0,0.755319001164001,Biotechnology,Healthcare,CORT
2012Q3,2012,Q3,2012-11-08,2012-09-30,-8293000.0,1055000.0,-7671000.0,-0.08,1031000.0,0.9772511848341232,105524000.0,71651000.0,104619000.0,5548000.0,33873000.0,1837000.0,-235482000.0,272475500.0,201422500.0,0.7231485032599261,18.857065609228552,0.28974451309654675,0.4267211902136746,,0.7231485032599261,-0.11574158071764526,258.2706161137441,-8.21402086096708,3.8028150339841735,0.0,0.0130647795318454,0.0,0.009997725635874304,18.381759192501804,-0.0785887570600053,-29.3584204288331,0.9772511848341232,0.11111111111111106,0.10617583771413648,0.0,0.43703291756266277,0.24667472793228537,-0.09161511122811636,-0.010405690200210748,0.10770170724232167,0.0,2.8854983010937403,Biotechnology,Healthcare,CORT
2012Q2,2012,Q2,2012-08-09,2012-06-30,-7597000.0,875000.0,-7592000.0,-0.09,827000.0,0.9451428571428572,38618000.0,32802000.0,38299000.0,5816000.0,5816000.0,2437000.0,-227188000.0,397908290.0,363009290.0,0.37013800340777014,6.585110041265475,0.0,0.0,,0.37013800340777014,-0.23160173160173161,454.75233142857144,-13.094257272607608,12.130610633497959,0.0,0.019696347968814115,0.0,0.0226578279558755,6.061554332874828,-0.19672173597804132,-50.202913197072924,0.9451428571428572,0.30769230769230776,-1.101795441622635,-0.08281990597827317,0.11937104059825476,0.0,0.31149175276418345,0.31163296763079157,0.12547900876487905,80.88921549820772,0.3673207233004875,Biotechnology,Healthcare,CORT
2012Q1,2012,Q1,2012-05-10,2012-03-31,-11034000.0,0.0,-11029000.0,-0.13,0.0,0.0,42887000.0,39317000.0,42785000.0,3570000.0,3570000.0,56000.0,-219592000.0,331770600.0,289143600.0,0.46573086946221276,11.984593837535014,0.0,0.0,,0.46573086946221276,-0.28064196149248416,0.0,-7.517006525285481,8.43834982323168,0.0,0.0,0.0,0.0,11.940336134453782,-0.25728076106978803,-32.64173553719008,0.0,-0.1045289855072464,-0.3370439434274108,-1.0,-0.0700444362135904,0.0,-0.1105072463768116,-0.11089846897663175,-0.19343201424072307,-1.0,0.2960611372915833,Biotechnology,Healthcare,CORT
2011Q4,2011,Q4,2012-03-13,2011-12-31,-9936000.0,0.0,-9928000.0,-0.11769722814498934,0.0,0.0,39833000.0,34807000.0,39775000.0,5026000.0,5026000.0,0.0,-208558000.0,288716400.0,249081400.0,0.4123075100687041,7.9138479904496615,0.0,0.0,,0.4123075100687041,-0.28545982130031317,0.0,-7.2644021739130435,8.294779785675296,0.0,0.0,0.0,0.0,7.885992837246319,-0.24944141791981522,-45.69020414622567,0.0,-0.47121535181236673,0.21276127927370037,-1.0,0.6811255269027726,0.0,-0.544055944055944,-0.5423333851172907,0.05088848417126808,-1.0,0.21355998246577876,Biotechnology,Healthcare,CORT
2011Q3,2011,Q3,2011-11-08,2011-09-30,-6435000.0,0.0,-6437000.0,-0.08,0.0,0.0,46379000.0,43666000.0,46336000.0,2713000.0,2713000.0,0.0,-198622000.0,260982800.0,215073800.0,0.5186724948923838,17.079248064872836,0.0,0.0,,0.5186724948923838,-0.14736866211697888,0.0,-10.139191919191921,5.976796592314386,0.0,0.0,0.0,0.0,16.92185772207888,-0.13874814032212854,-39.51889763779528,0.0,0.2727272727272727,0.7287910179919717,0.0,0.6886959603697431,0.0,0.2755010132852961,0.2742135528244447,0.3303568306947985,-1.0,0.1814314528117771,Biotechnology,Healthcare,CORT
2011Q2,2011,Q2,2011-08-09,2011-06-30,-8882000.0,0.0,-8869000.0,-0.11,0.0,0.0,52720000.0,48864000.0,52685000.0,3856000.0,3856000.0,0.0,-192187000.0,335199900.0,282969900.0,0.5816450422568742,13.663122406639005,0.0,0.0,,0.5816450422568742,-0.18176981008513424,0.0,-9.434809164602568,6.859853880157171,0.0,0.0,0.0,0.0,13.5451244813278,-0.16847496206373294,-46.51032329679478,0.0,-0.22222222222222227,0.6948695130635879,-1.0,0.01812554982739608,0.0,-0.25080974510632303,-0.2495069033530572,-0.1657944930296115,0.0,0.08798642175339433,Biotechnology,Healthcare,CORT
2011Q1,2011,Q1,2011-05-09,2011-03-31,-7101000.0,0.0,-7098000.0,-0.09,0.0,0.0,59837000.0,56641000.0,59805000.0,3196000.0,3196000.0,0.0,-183305000.0,343247000.0,284046000.0,0.7013149423010252,18.712453066332916,0.0,0.0,,0.7013149423010252,-0.1253685492840875,0.0,-12.084459935220393,6.060044843841034,0.0,0.0,0.0,0.0,18.523466833541928,-0.11867239333522736,-47.05236463331049,0.0,-0.024779359932327664,0.7039887609731228,-1.0,-0.2198353317627342,0.0,-0.0011278725504018047,0.09279141104294479,0.09985360229654139,0.0,-0.06298045083742618,Biotechnology,Healthcare,CORT
2010Q4,2010,Q4,2011-03-15,2010-12-31,-7093000.0,0.0,-7824000.0,-0.08782378287355752,0.0,0.0,25104000.0,21244000.0,24996000.0,3860000.0,3860000.0,0.0,-176204000.0,311749040.0,287171040.0,0.2630379872220296,6.4756476683937825,0.0,0.0,,0.2630379872220296,-0.33388250800225944,0.0,-10.98791202594107,14.674686499717568,0.0,0.0,0.0,0.0,6.367357512953368,-0.282544614404079,-57.14922823098075,0.0,0.12176217126442485,0.6207525686394003,0.0,-0.775884077972521,0.0,0.0015484234234234234,-0.1011963406052076,0.15726451134805944,0.0,-0.28170670450126506,Biotechnology,Healthcare,CORT
2010Q3,2010,Q3,2010-11-12,2010-09-30,-7104000.0,0.0,-7105000.0,-0.1,0.0,0.0,29700000.0,26700000.0,29600000.0,3000000.0,3000000.0,0.0,-169100000.0,280255050.0,251255050.0,0.3706017072662919,9.866666666666667,0.0,0.0,,0.3706017072662919,-0.2660674157303371,0.0,-9.862579180743245,10.49644382022472,0.0,0.0,0.0,0.0,9.666666666666666,-0.2391919191919192,-43.61267507002801,0.0,-0.11111111111111122,0.5729380478065336,0.0,-0.7348709291565215,0.0,-0.24741000877963126,-0.10240496508921644,-0.05301436699301357,0.0,-0.26354427860143237,Biotechnology,Healthcare,CORT
2010Q2,2010,Q2,2010-08-16,2010-06-30,-5695000.0,0.0,-6445000.0,-0.09,0.0,0.0,36097000.0,33238000.0,36006000.0,2859000.0,2859000.0,0.0,-162006000.0,206363040.0,170978040.0,0.502524870732666,12.593913955928647,0.0,0.0,,0.502524870732666,-0.17134003249292978,0.0,-9.05895697980685,6.208647933088634,0.0,0.0,0.0,0.0,12.376705141657922,-0.1577693437127739,-45.68586229798539,0.0,0.10000000000000009,0.5267811311607121,0.0,-0.6899664974787325,0.0,0.06224271365058456,-0.06282981530343008,-1.1110638608701573,-1.0,0.5197352941325108,Biotechnology,Healthcare,CORT
2010Q1,2010,Q1,2010-05-11,2010-03-31,-6073000.0,0.0,-6064000.0,-0.1,0.0,0.0,19216000.0,17073000.0,19129000.0,2143000.0,2143000.0,0.0,-156311000.0,178566750.0,160022750.0,0.27249221929614553,8.92627158189454,0.00020815986677768527,0.00023428805716628595,,0.27249221929614553,-0.35570784279271367,0.0,-7.350845957516879,10.459014232999474,0.0,0.0,0.0,0.0,8.655156322911806,-0.31603871773522063,-30.332384915916425,0.0,-0.2118955512572534,0.603004728244925,0.0,-0.8487315741410991,0.0,-0.17466150870406189,-0.17451094325004843,0.008470600012560645,-1.0,-0.45589680212615336,Biotechnology,Healthcare,CORT
2009Q4,2009,Q4,2010-03-26,2009-12-31,-5170000.0,0.0,-5163000.0,-0.08251536190248185,0.0,0.0,24511000.0,22092000.0,24420000.0,2419000.0,2419000.0,0.0,-150238000.0,174180900.0,150319900.0,0.35259755805602105,10.095080611823068,0.00024478805434294807,0.00027159152634437803,,0.35259755805602105,-0.2340213652000724,0.0,-8.42267408123791,7.8843427485062465,0.0,0.0,0.0,0.0,9.866473749483257,-0.2109257068255069,-39.75825154074412,0.0,0.08316264552797943,0.6492467189494442,0.0,-0.8267538517164627,0.0,-0.1075407026563839,-0.10556745182012849,0.44808141221172054,-1.0,0.4376666470925688,Biotechnology,Healthcare,CORT
2009Q3,2009,Q3,2009-11-12,2009-09-30,-4668000.0,0.0,-4670000.0,-0.09,0.0,0.0,11620000.0,9262000.0,11402000.0,2358000.0,2358000.0,0.0,-145068000.0,74647500.0,63940500.0,0.18611473927459057,4.835453774385072,0.000774526678141136,0.0009717123731375512,,0.18611473927459057,-0.50399481753401,0.0,-3.9978309768637534,8.05954437486504,0.0,0.0,0.0,0.0,4.544529262086514,-0.4017211703958692,-20.02347103004292,0.0,0.10000000000000009,0.48307990793624306,0.0,-0.9175376891402328,-1.0,0.04305043050430504,0.043424825891028265,0.6671775994683995,0.0,-0.3940468957323841,Biotechnology,Healthcare,CORT
2009Q2,2009,Q2,2009-08-11,2009-06-30,-4878000.0,6000.0,-4882000.0,-0.1,6000.0,1.0,15610000.0,13471000.0,15421000.0,2138000.0,2139000.0,0.0,-140400000.0,40308030.0,25873030.0,0.2707031328497076,7.212815715622077,0.0007687379884689302,0.0008908024645534853,,0.2707031328497076,-0.36211120184099177,6718.005,-2.065807195571956,2.9922077054413188,0.0,0.0,0.0,0.0003843689942344651,6.757249766136576,-0.3124919923126201,-6.506542372881356,1.0,0.09090909090909087,0.45903300860160995,0.0,-0.9021659912189511,-0.75,0.10495412844036697,0.1178171304662089,0.7170947156255135,-0.9726350903281554,-0.5261546889436246,Biotechnology,Healthcare,CORT
2009Q1,2009,Q1,2009-05-13,2009-03-31,-5450000.0,24000.0,-5534000.0,-0.11,24000.0,1.0,21169000.0,17882000.0,20972000.0,3283000.0,3287000.0,0.0,-135522000.0,59217970.0,40037970.0,0.3593432871812391,6.388059701492537,0.0006613444187254948,0.0007829101890168885,,0.3593432871812391,-0.304775752153003,2467.4154166666667,-2.7164206422018347,3.3115965775640306,0.0,0.0,0.0,0.0011337332892437054,6.288151081328054,-0.25745193443242476,-16.162109716157204,1.0,0.11295900178253118,0.6153306228287481,0.0,1.0961327121690003,0.0,0.11683681737157672,0.08027256107694865,0.6312802027822877,-0.9096889504183715,-0.6002552925691027,Biotechnology,Healthcare,CORT
2008Q4,2008,Q4,2009-03-31,2008-12-31,-6171000.0,143000.0,-6017000.0,-0.12400779695757892,0.0,0.0,19775000.0,16907000.0,19579000.0,2862000.0,2868000.0,0.0,-130072000.0,50758260.0,36058260.0,0.33975041697646846,6.8410202655485675,0.000809102402022756,0.0009463535813568345,,0.33975041697646846,-0.3649967469095641,354.95286713286714,-2.056322314049587,3.0022038209025848,0.0,0.0,0.0,0.007231352718078381,6.39727463312369,-0.3120606826801517,24.99175775480059,0.0,-0.12734360870526293,0.48971240518171016,0.0,-0.7284589415448718,0.0,-0.10889487870619946,-0.22745818033455734,0.4644999688460409,0.0,-0.7105228839223546,Biotechnology,Healthcare,CORT
2008Q3,2008,Q3,2008-11-14,2008-09-30,-5565000.0,66000.0,-4902000.0,-0.11,0.0,0.0,24699000.0,21404000.0,24514000.0,3286000.0,3295000.0,0.0,-123901000.0,62892660.0,46591660.0,0.4390203880707224,7.460133901399878,0.000769261913437791,0.0008876845449448701,,0.4390203880707224,-0.2599981311904317,952.9190909090909,-2.825366576819407,2.9383601196038125,0.0,0.0,0.0,0.002672172962468116,6.945830797321972,-0.22531276569901615,-5.998918351774132,0.0,-0.22222222222222227,0.5611543290955392,0.0,0.0,0.0,-0.2659235668789809,-0.045871559633027525,0.5056361684233712,0.0,-0.6859240923925423,Biotechnology,Healthcare,CORT
2008Q2,2008,Q2,2008-08-14,2008-06-30,-4396000.0,0.0,-4687000.0,-0.09,0.0,0.0,27843000.0,25914000.0,27761000.0,1917000.0,1929000.0,0.0,-118336000.0,95007080.0,68907080.0,0.5346068945598581,14.481481481481481,0.0008260604101569515,0.0008875511306629621,,0.5346068945598581,-0.16963803349540788,0.0,-5.403041401273885,3.6662452728254995,0.0,0.0,0.0,0.0,13.627021387584767,-0.1578852853499982,-17.438891336270192,0.0,0.10000000000000009,0.7520758566101032,0.0,0.0,0.0,-0.11857506361323156,-0.147930443301494,0.5015708514485815,0.0,-0.6701734428571505,Biotechnology,Healthcare,CORT
2008Q1,2008,Q1,2008-05-13,2008-03-31,-3930000.0,0.0,-4083000.0,-0.1,0.0,0.0,32437000.0,30114000.0,32352000.0,2309000.0,2323000.0,0.0,-113941000.0,129556700.00000001,97791700.00000001,0.7484528395675407,14.011260285838025,0.0008015537811758177,0.0008633858006242943,,0.7484528395675407,-0.13050408447897988,0.0,-8.241520356234098,4.302208275220828,0.0,0.0,0.0,0.0,13.768297964486791,-0.12115793692388321,-28.996575649059984,0.0,0.04042451705222988,0.7257745129934678,0.0,0.0,0.0,0.06272358693059861,0.07603530210454854,0.5999388931103786,0.0,-0.5845118691335498,Biotechnology,Healthcare,CORT
2007Q4,2007,Q4,2008-03-31,2007-12-31,-4193000.0,0.0,-4419000.0,-0.10421275009320244,0.0,0.0,17744000.0,14734000.0,17656000.0,2994000.0,3010000.0,0.0,-110011000.0,124326150.0,112922150.0,0.3661985833229775,5.8971275885103545,0.0016343552750225428,0.0019682367313696215,,0.3661985833229775,-0.2845798832632008,0.0,-7.412720605771524,8.438044658612732,0.0,0.0,0.0,0.0,5.800267201068804,-0.23630522993688008,-38.63460223741454,0.0,-0.15791944548002715,0.5711683063553553,0.0,-0.7073205919650807,0.0,-0.22316219369894982,-0.22139303482587064,0.5570162551587505,0.0,-0.8200710906298618,Biotechnology,Healthcare,CORT
2007Q3,2007,Q3,2007-11-14,2007-09-30,-3428000.0,0.0,-3618000.0,-0.09,0.0,0.0,21104000.0,18422000.0,21012000.0,2663000.0,2682000.0,0.0,-105818000.0,186700800.0,168168800.0,0.5032233391608392,7.8903492301915135,0.0015636846095526914,0.0017913364455542286,,0.5032233391608392,-0.18608185864726956,0.0,-13.615869311551924,10.134665074367604,0.0,0.0,0.0,0.0,7.728877206158468,-0.1624336618650493,-136.8774193548387,0.0,-1.2499999999999998,0.6399840737827502,0.0,0.0,0.0,-1.4191954834156668,-1.291323622545915,0.4839623551224655,0.0,-0.7770356093906825,Biotechnology,Healthcare,CORT
2007Q2,2007,Q2,2007-08-14,2007-06-30,-1417000.0,374000.0,-1579000.0,-0.04,0.0,0.0,12930000.0,11488000.0,12836000.0,1420000.0,1442000.0,0.0,-102390000.0,96235340.0,84321340.0,0.3306660526164297,9.03943661971831,0.0027068832173240526,0.003046657381615599,,0.3306660526164297,-0.12334610027855153,257.313743315508,-16.978712067748763,8.37703168523677,0.0,0.0,0.0,0.028924980665119875,8.414788732394365,-0.10959010054137665,-34.855248098515034,0.0,0.6,0.8884996909848425,0.0,0.0,0.0,0.441025641025641,0.3991628614916286,0.7749129243624361,0.0,-0.8804949719099439,Biotechnology,Healthcare,CORT
2007Q1,2007,Q1,2007-04-02,2007-03-31,-2535000.0,108000.0,-2628000.0,-0.1,0.0,0.0,15208000.0,12987000.0,15112000.0,2195000.0,2221000.0,0.0,-100973000.0,23338800.0,8633800.0,0.5008098102730217,6.884738041002278,0.002564439768542872,0.003003003003003003,,0.5008098102730217,-0.19519519519519518,216.1,-2.3016568047337276,1.797089397089397,0.0,0.0,0.0,0.0071015255128879535,6.717084282460137,-0.16668858495528668,-6.445401822700911,0.0,0.33113231880319827,0.725551271884803,0.0,0.0,0.0,0.3461439257157596,0.3415184164369832,0.6566479719152661,0.0,1.133978307261674,Biotechnology,Healthcare,CORT
