Quarters,Year,Quarter,FillingDate,Date,NetIncome,Revenue,OperatingIncome,EPSDiluted,GrossProfit,GrossProfitRatio,TotalAssets,CommonStockEquity,CurrentAssets,CurrentLiability,TotalLiability,Inventory,RetainedEarnings,MarketCap,EnterpriseValue,bookValuePerShare,currentRatio,debtToAssets,debtToEquity,roic,shareholdersEquityPerShare,roe,priceToSalesRatio,peRatio,pbRatio,payoutRatio,inventoryTurnover,dividendYield,assetTurnover,quickRatio,returnOnAssets,priceToFreeCashFlowsRatio,grossProfitMargin,epsdilutedGrowth,fiveYNetIncomeGrowthPerShare,fiveYRevenueGrowthPerShare,fiveYShareholdersEquityGrowthPerShare,grossProfitGrowth,netIncomeGrowth,operatingIncomeGrowth,threeYNetIncomeGrowthPerShare,threeYRevenueGrowthPerShare,threeYShareholdersEquityGrowthPerShare,Industry,Sector,Symbol
2023Q1,2023,Q1,2023-05-19,2023-03-31,394806.0,0.0,-625661.0,0.02,-575661.0,0.0,131904409.0,48276828.0,434344.0,83627581.0,83627581.0,0.0,-4009627.0,161963796.5,161999355.5,3.0552351679407566,0.005193788876901749,0.0035624510474096434,0.009733510246364985,-0.00668356031859848,3.0552351679407566,0.008177960656404352,0.0,102.55910276186279,3.354897229370579,3.4921708383357903,0.0,0.008512581390372632,0.0,0.005193788876901749,0.002993122087374653,-904.3962168802524,0.0,1.31496062992126,50.27574262304708,0.0,-0.8770021731341078,-1.6926895067937986,1.4840812282822735,0.6034367576256189,50.27574262304708,0.0,-0.8770021731341078,Shell Companies,Financial Services,NBST
2022Q4,2022,Q4,2023-03-31,2022-12-31,-815578.0,1662104.0,-1577708.0,-0.0635,831052.0,0.5,130082389.0,127440351.0,131268.0,2642038.0,2642038.0,0.0,-2511152.0,128567809.36999999,128884069.36999999,9.922218631249905,0.049684372442788484,0.0030742285952328257,0.0031379621671004344,-0.02038044291478015,9.922218631249905,-0.006399684194215692,77.35244567728613,-39.410028645328836,1.0088469496603945,0.0,0.0,0.0,0.012777317612148098,0.031658515131122264,-0.006269703426187844,-395.47644194330286,0.5,-5.75531914893617,0.4356038235180018,0.0,130.2328392924536,2.359943576509631,-4.181299552754625,-1.3865144540934482,0.4356038235180018,0.0,130.2328392924536,Shell Companies,Financial Services,NBST
2022Q3,2022,Q3,2022-11-10,2022-09-30,-157408.0,0.0,-661093.0,-0.0094,-611093.0,0.0,129372329.0,128255929.0,465924.0,1116400.0,1116400.0,0.0,-1066404.0,37453236.03,37483524.03,33.59364361686106,0.4173450376209244,0.003091101498219144,0.0031180079012175727,-0.011677396946306795,33.59364361686106,-0.0012272960885886218,0.0,-59.484327400767434,0.2920195294051474,-3.6822906078471234,0.0,0.015475885702792768,0.0,0.33107757076316735,-0.0012167053126175072,-340.3818493542846,0.0,-1.186046511627907,-130.28273561301086,0.0,182.31939122194416,-1.7782132124623224,-1.183008348819793,-1.448864457195352,-130.28273561301086,0.0,182.31939122194416,Shell Companies,Financial Services,NBST
2022Q2,2022,Q2,2022-08-08,2022-06-30,-72106.0,0.0,-269959.0,-0.0043,-219959.0,0.0,128781888.0,128413337.0,156189.0,368551.0,368551.0,0.0,-908996.0,37224164.25,37443335.25,33.63487296427347,0.4237920939028791,0.0017888152097909917,0.001793949175232476,-0.002223905730492203,33.63487296427347,-0.0005615148837694328,0.0,-129.06056448145785,0.28987771145609276,-2.405306077164175,0.0,0.0046592584009458315,0.0,0.030378427951626777,-0.0005599079274253224,-160.27075170715324,0.0,0.5473684210526316,-0.5186938477502802,0.0,3.285704834139092,0.0,0.5422364428192333,0.1760901677368948,-0.5186938477502802,0.0,3.285704834139092,Shell Companies,Financial Services,NBST
2022Q1,2022,Q1,2022-05-16,2022-03-31,-157518.0,0.0,-327656.0,-0.0095,0.0,0.0,128663497.0,128485443.0,211235.0,123125.0,178054.0,-5000.0,-836890.0,37224164.25,37211077.25,33.653759446056604,1.7156142131979695,0.0,0.0,-0.0016558723873181737,33.653759446056604,-0.0012259598933709555,0.0,-59.07922308878985,0.2897150321534868,-0.0821112507776889,0.0,0.00034746246854957933,0.0,0.1468994923857868,-0.0012242633199997664,-86.09749126284552,0.0,0.6317829457364342,-80.36794835648378,0.0,0.35483491456482164,0.0,0.6332867718955162,0.16699038999338994,-80.36794835648378,0.0,0.35483491456482164,Shell Companies,Financial Services,NBST
2021Q4,2021,Q4,2022-03-31,2021-12-31,-429540.0,0.0,-393340.0,-0.0258,0.0,0.0,129128073.0,288660.0,631620.0,277979.0,400043.0,0.0,-594303.0,37071449.730000004,36635513.730000004,0.07560774181787036,2.272186028440997,0.0,0.0,-1.4225862530747617,0.07560774181787036,-1.4880482228226979,0.0,-21.57625001746054,128.42600197464145,-0.022018903943753783,0.0,0.0002551289487971152,0.0,1.5682335716007325,-0.0033264648811107095,-562.5665770824165,0.0,-257.0,0.0,0.0,0.0,0.0,-357.2485404503753,-2.5663188053638946,0.0,0.0,0.0,Shell Companies,Financial Services,NBST
2021Q3,2021,Q3,2021-11-16,2021-09-30,-1199.0,0.0,-110293.0,-0.0001,0.0,0.0,129240721.0,699631.0,698297.0,0.0,101720.0,0.0,-257002.0,37109628.36,36614540.36,0.18325199201752393,0.0,0.0,0.0,-0.0033906610551672134,0.18325199201752393,-0.0017137605394843853,0.0,-7737.620592160134,53.04171536138337,0.0,0.0,0.0,0.0,0.0,-9.277261769531601e-06,-76.50949184900821,0.0,0.9919354838709677,0.0,0.0,0.0,0.0,0.9941431913989419,0.31498009403317867,0.0,0.0,0.0,Shell Companies,Financial Services,NBST
2021Q2,2021,Q2,2021-08-06,2021-06-30,-204719.0,0.0,-161007.0,-0.0124,0.0,0.0,129537893.0,129194747.0,948438.0,188532.0,343146.0,0.0,-195073.0,158691752.0,158142579.0,7.8481543330619985,5.030647317166316,0.0014554196894340408,0.0014592853376616001,-0.0013931533245017248,7.8481543330619985,-0.0015845768094580502,0.0,-193.79216389294595,1.2283142750378233,0.0,0.0,0.0,0.0,3.912890119449218,-0.0015803792640042402,-1574.0262450530158,0.0,-23.799999999999997,0.0,0.0,0.0,0.0,-76.51571374479364,-6.392763671426604,0.0,0.0,0.0,Shell Companies,Financial Services,NBST
2021Q1,2021,Q1,2021-05-24,2021-03-31,-2641.0,0.0,-21779.0,-0.0005,0.0,0.0,129700116.0,129377610.0,1067097.0,194339.0,322506.0,0.0,-12210.0,51564060.9,50909477.9,24.83974917111309,5.490905067948276,0.001498371828749945,0.0015021068946937572,-3.6356300196246e-05,24.83974917111309,-2.0413114757646242e-05,0.0,-4881.111406664142,0.39855474915636485,0.0,0.0,0.0,0.0,4.36825341285074,-2.0362356499357333e-05,-119.19542696387664,0.0,0.0,0.0,0.0,0.0,0.0,0.0,0.0,0.0,0.0,0.0,Shell Companies,Financial Services,NBST
