Quarters,Year,Quarter,FillingDate,Date,NetIncome,Revenue,OperatingIncome,EPSDiluted,GrossProfit,GrossProfitRatio,TotalAssets,CommonStockEquity,CurrentAssets,CurrentLiability,TotalLiability,Inventory,RetainedEarnings,MarketCap,EnterpriseValue,bookValuePerShare,currentRatio,debtToAssets,debtToEquity,roic,shareholdersEquityPerShare,roe,priceToSalesRatio,peRatio,pbRatio,payoutRatio,inventoryTurnover,dividendYield,assetTurnover,quickRatio,returnOnAssets,priceToFreeCashFlowsRatio,grossProfitMargin,epsdilutedGrowth,fiveYNetIncomeGrowthPerShare,fiveYRevenueGrowthPerShare,fiveYShareholdersEquityGrowthPerShare,grossProfitGrowth,netIncomeGrowth,operatingIncomeGrowth,threeYNetIncomeGrowthPerShare,threeYRevenueGrowthPerShare,threeYShareholdersEquityGrowthPerShare,Industry,Sector,Symbol
2023Q2,2023,Q2,2023-06-07,2023-04-30,1809000.0,35071000.0,12574000.0,0.0471,23025000.0,0.6565253343,986593000.0,561098000.0,67199000.0,44666000.0,365653000.0,0.0,-186495000.0,609736920.0,933943920.0,14.852506749960295,1.504477678771325,0.34224852598792005,0.6017843585256052,0.002678449143721395,14.852506749960295,0.0032240357299437887,17.385786547289783,84.26436152570481,1.0866852492790922,7.177998894416805,0.0,0.021296069786950082,0.03554758649209958,0.8122957059060583,0.0018335828452056724,30.55559609120521,0.6565253343218044,-0.7383333333333333,-0.8565340819991274,0.06719528322323878,-0.038627588092660106,-0.09400330526481467,-0.7546453275464533,-0.11231909636427816,-0.7034089280933853,0.039914536168817315,-0.004319150106156175,REIT—Retail,Real Estate,UBP
2023Q1,2023,Q1,2023-03-10,2023-01-31,7373000.0,38297000.0,14165000.0,0.18,25414000.0,0.6636028932,995316000.0,563870000.0,74576000.0,47133000.0,995316000.0,0.0,-183483000.0,670197063.75,994103063.75,14.092605012550683,1.5822459847665118,0.33959064256979693,0.599428946388352,0.010462795130620239,14.092605012550683,0.013075708940003901,17.499988608768312,22.724707166350196,1.188566626616064,1.7611555676115558,0.0,0.019374898372941433,0.03847722733282696,1.440773980014003,0.007407697655819861,40.047628547953394,0.6636028931770113,0.12499999999999993,-0.09079711085162448,0.1520441426070717,-0.05461685268255098,0.061481914627015286,-0.28625363020329136,0.009982174688057042,-0.13421197038045846,0.11260091087678034,-0.03110989842685054,REIT—Retail,Real Estate,UBP
2022Q4,2022,Q4,2023-01-13,2022-10-31,10330000.0,36064000.0,14025000.0,0.16,23942000.0,0.6638753327,997326000.0,574302000.0,72414000.0,35899000.0,997326000.0,5819000.0,-179754000.0,743431174.8000001,1061281174.8000001,14.646636150184753,2.017159252346862,0.33370833609070655,0.5795139142820328,0.014245418754501233,14.646636150184753,0.017987052108472547,20.61421846716948,17.992041984511133,1.2944951868529102,1.2233301064859632,2.0831758034026464,0.01699821103601102,0.03616069369494027,1.8786317167609126,0.010357696480388558,36.360714799960874,0.6638753327417923,0.06666666666666674,0.1483889221643048,0.08778152878549574,-0.09628265897791083,-0.0021672084687838628,0.02857711839091905,0.017557861133280128,0.0987322185016284,0.018120745145226786,0.0031446711575523574,REIT—Retail,Real Estate,UBP
2022Q3,2022,Q3,2022-09-08,2022-07-31,10043000.0,35484000.0,13783000.0,0.15,23994000.0,0.6761920866,990324000.0,579132000.0,64826000.0,9870000.0,347949000.0,-1485000.0,-177103000.0,704433900.0,1006578900.0,14.880443999075002,6.567983789260385,0.32748373259660474,0.5600018648598247,0.015064685285585263,14.880443999075002,0.01734146964767963,19.85215590125127,17.535445086129645,1.2163615548786806,1.2723289853629394,-7.737373737373737,0.01813938823784602,0.0358306978322246,3.736271529888551,0.01014112553063442,31.417085897778968,0.6761920865742307,-0.11764705882352951,0.010010004858510304,0.1459369920213262,-0.08660501142428217,0.013902387492076907,-0.04543294363653645,0.02164405900229783,-0.045147136096051955,0.016544775879309755,0.005302165205649102,REIT—Retail,Real Estate,UBP
2022Q2,2022,Q2,2022-06-08,2022-04-30,10521000.0,36000000.0,13491000.0,0.17,23665000.0,0.6573611111,996656000.0,587694000.0,68481000.0,15879000.0,345056000.0,32033000.0,-175031000.0,652278500.0,952464500.0,15.0915207231267,4.312677120725486,0.31713951453661043,0.5378292104394464,0.013739656085742583,15.0915207231267,0.017902173580128435,18.11884722222222,15.499441593004468,1.1098947751721133,1.2144282862845737,0.3850716448662317,0.019588258696247078,0.036120787914787046,4.182568171799232,0.010556300268096515,30.54739380883248,0.6573611111111111,-0.2608695652173913,-0.6154068420153208,0.2526869442894592,-0.003699172868847329,0.030974993465191253,0.1411062906724512,-0.001258513473497187,0.21589173192162958,0.06984744310253933,0.050744673059025296,REIT—Retail,Real Estate,UBP
2022Q1,2022,Q1,2022-03-11,2022-01-31,9220000.0,34048000.0,13508000.0,0.23,22954000.0,0.6741658835,973852000.0,575904000.0,67038000.0,11443000.0,330553000.0,0.0,-170493000.0,710819854.32,983211854.32,14.316178168285692,5.858428733723674,0.30440867811536043,0.5147541951436351,0.013608580512303623,14.316178168285692,0.01600961271322998,20.876992901785716,19.273857221258137,1.2342679584097351,1.348590021691974,0.0,0.017492477066351618,0.03496219138020972,6.643537533863498,0.009467557698705758,37.01222881124708,0.6741658834586466,-0.7294117647058823,0.2848885631844843,0.03855362172713683,-0.06456474424496278,-0.0036028996831184617,-0.7255625669722586,-0.01802849665600465,0.018797706298418086,0.030884059485990357,-0.0252399725422712,REIT—Retail,Real Estate,UBP
2021Q4,2021,Q4,2022-01-13,2021-10-31,33596000.0,34330000.0,13756000.0,0.85,23037000.0,0.6710457326,982122000.0,574769000.0,69838000.0,23375000.0,339957000.0,0.0,-167070000.0,671620600.0,946538600.0,14.80523929730565,2.9877219251336897,0.3044173738089565,0.5201654925717984,0.023326427872131687,14.80523929730565,0.058451308264711566,19.563664433440138,4.997772056197166,1.168505260374168,0.37037147279438026,0.0,0.018526828986484334,0.0349549241336616,2.026438502673797,0.03420756280787927,33.83990527535648,0.6710457325953976,2.8636363636363638,1.893339627215289,0.07906441388668524,-0.1313914558694772,0.10351599923356965,0.541949697080962,0.1959659189706138,3.010963380037395,0.021993954707141477,-0.03799776256516367,REIT—Retail,Real Estate,UBP
2021Q3,2021,Q3,2021-09-08,2021-07-31,21788000.0,32926000.0,11502000.0,0.22,20876000.0,0.63402782,1001733000.0,568027000.0,82754000.0,49247000.0,367625000.0,0.0,-175099000.0,651865244.4,944192244.4,14.630067480554267,1.680386622535383,0.33020076207931653,0.5823191503220798,0.012095638569666901,14.630067480554267,0.03835733160571592,19.7978875174634,7.479636088672664,1.1475955269731897,0.4084358362401322,0.0,0.01365159452271605,0.03286903795722014,1.250492415781672,0.021750306718456913,32.614461620053035,0.6340278199599101,1.0,1.236990562677775,-0.002042516606839249,-0.05409414717257912,-0.05547009320423491,1.7123117141790116,-0.027808300228214015,1.4621495200258101,-0.1310598117997938,-0.058400518964826044,REIT—Retail,Real Estate,UBP
2021Q2,2021,Q2,2021-06-07,2021-04-30,8033000.0,34277000.0,11831000.0,0.11,22102000.0,0.6448055547,1009002000.0,567632000.0,87034000.0,54666000.0,374778000.0,0.0,-170543000.0,562014800.0,857418800.0,14.614624098867147,1.5921047817656313,0.32955236956913864,0.5858003072413113,0.011740039470009645,14.614624098867147,0.014151774389040786,16.39626571753654,17.490812896800698,0.9901041519857937,1.107805303124611,0.0,0.015834102589469174,0.03397119133559696,1.1288735228478397,0.007961332088538973,38.41522898154477,0.6448055547451644,2.3698630136986303,-0.14879953722097186,0.10334845862045511,-0.0613892030317051,0.0040886789024168636,3.4954954954954953,-0.028494005583839712,-0.3803482468685074,0.014514580978393116,-0.054025246002018974,REIT—Retail,Real Estate,UBP
2021Q1,2021,Q1,2021-03-11,2021-01-31,-3219000.0,32318000.0,12178000.0,-0.0803,22012000.0,0.6811065041,1010179000.0,571071000.0,85012000.0,53033000.0,377037000.0,0.0,-164651000.0,478034587.01,771673587.01,14.251849583966361,1.6030019044745725,0.33106409854095165,0.5856259554416176,-0.012785541902580506,14.251849583966361,-0.005636777213341248,14.79158942415991,-37.12601638785337,0.8370843327887425,-2.75551413482448,0.0,0.01855514274705493,0.03199234987066649,1.25863141817359,-0.0031865639653962316,30.590298010494656,0.6811065041153537,-1.6176923076923075,-1.4451119626793307,0.03126592658044416,-0.05859380665324702,0.1868226667385561,-1.6266303289857893,0.3474219960168179,-1.3963751167118805,-0.02922703090909492,-0.04393414824401054,REIT—Retail,Real Estate,UBP
2020Q4,2020,Q4,2021-01-13,2020-10-31,5137000.0,28799000.0,9038000.0,0.13,18547000.0,0.6440154172,1021205000.0,572780000.0,88392000.0,58787000.0,385483000.0,0.0,-159151000.0,335078160.0,630880160.0,14.820430552680605,1.5035977341929339,0.3296076693709882,0.5876549460525856,0.00861978044980796,14.820430552680605,0.00896853940430881,11.635062328553074,16.307093634416972,0.5850032473200879,1.1954448121471677,0.0,0.01832706733258891,0.02820099784078613,1.130726180958375,0.005030331813886536,32.9671546635183,0.6440154172019862,0.857142857142857,-0.45612914056975906,-0.11477332139942613,-0.039998901863132076,-0.09839093870011181,0.02987169206094627,-0.07092927631578948,-0.4206064584003136,-0.11870642360073161,-0.08555930832608942,REIT—Retail,Real Estate,UBP
2020Q3,2020,Q3,2020-09-08,2020-07-31,4988000.0,31280000.0,9728000.0,0.07,20571000.0,0.657640665,1018897000.0,570789000.0,83693000.0,57003000.0,381851000.0,0.0,-161165000.0,328860440.0,633245440.0,14.770443018321085,1.468220970826097,0.331979581841933,0.5926060242926896,0.00935926949554969,14.770443018321085,0.0087387808805005,10.513441176470588,16.482580192461906,0.5761506265888094,2.8726944667201284,0.0,0.043571674355237136,0.030699864657565974,1.144852025332,0.004895489926852272,36.28604656294825,0.6576406649616369,-0.4166666666666666,-0.47631153882276756,-0.07750774551815695,-0.04540745596202678,-0.09014109425450043,-0.19703799098518995,-0.22744599745870395,-0.4947942820540634,0.017359658052139355,-0.09335711805263863,REIT—Retail,Real Estate,UBP
2020Q2,2020,Q2,2020-06-08,2020-04-30,6212000.0,34348000.0,12592000.0,0.12,22609000.0,0.658233376,993852000.0,573944000.0,58151000.0,13994000.0,343188000.0,0.0,-163511000.0,428622640.0,719291640.0,14.916935232352635,4.155423753037016,0.6136668236316876,1.0626367729255817,0.009098245233123015,14.916935232352635,0.01082335558869855,12.47882380342378,17.249784288473922,0.7468021967299946,2.3931101094655505,0.0,0.034683188923478235,0.034560477817622746,3.237030155781049,0.006250427629063482,43.24716375744123,0.658233376033539,0.7142857142857141,-0.2391716362501984,0.06949481262918576,-0.04113578804502524,-0.029531699360432675,-0.2677118943769893,-0.08234951173298354,-0.7701712703332018,0.20967816333435643,-0.015224828371327551,REIT—Retail,Real Estate,UBP
2020Q1,2020,Q1,2020-03-09,2020-01-31,8483000.0,34288000.0,13722000.0,0.07,23297000.0,0.6794505366,1072304000.0,579724000.0,132446000.0,11416000.0,414704000.0,0.0,-158213000.0,697497360.0,910024360.0,14.545101647409819,11.601786965662228,0.5718639490293798,1.0577654194064763,0.009850775260145286,14.545101647409819,0.014632825275475917,20.342316845543632,20.555739714723565,1.2031541906148444,1.6812448426264293,0.0,0.020447389220225865,0.03197600680404065,10.24290469516468,0.007911002849938077,46.62103870062162,0.6794505366308913,-0.5882352941176471,0.1615606445142877,0.07609161369740695,0.0044481129100534195,-0.017377367244506305,-0.07491821155943293,-0.03243548159638979,0.19317045319259568,0.05559652739309588,-0.049606625484105424,REIT—Retail,Real Estate,UBP
2019Q4,2019,Q4,2020-01-10,2019-10-31,9170000.0,34549000.0,14182000.0,0.17,23709000.0,0.6862427277,994221000.0,558390000.0,51176000.0,24425000.0,357537000.0,0.0,-148065000.0,729313080.0,959225080.0,14.600721681832445,2.0952302968270216,0.3258742271587504,0.5802234997045076,0.01510894894530073,14.600721681832445,0.016422213864861476,21.109527916871688,19.883126499454743,1.3060998227045613,1.4938931297709923,0.0,0.01878342837344971,0.03474981920518677,4.805363357215967,0.009223301459132326,48.44002922422954,0.6862427277200498,0.21428571428571425,-0.7568128538240287,0.18745199282985076,0.070952246110349,0.0473560984229359,-0.11255201780702603,0.08582803766939744,-0.19832973749137522,0.10236050256567451,-0.1433902992963144,REIT—Retail,Real Estate,UBP
2019Q3,2019,Q3,2019-09-05,2019-07-31,10333000.0,34293000.0,13061000.0,0.14,22637000.0,0.6601055609,1001538000.0,565953000.0,51356000.0,33688000.0,356577000.0,0.0,-144319000.0,636995100.0,955874100.0,14.801961553550411,1.5244597482783186,0.327157831255529,0.5789544361457577,0.013001721190940702,14.801961553550411,0.018257699844333362,18.575076546233927,15.411668924804028,1.1255265013172473,1.3257524436272137,0.0,0.021505659933647843,0.03424033835960293,0.9447874614105913,0.01031713225059858,49.52535375524802,0.6601055609016417,0.0,0.15481868858070164,0.07156691243731375,0.01898454465792341,-0.0018079195696269511,0.1662528216704289,0.02664675365508568,0.07729531306409848,0.0554559207051897,-0.04298034951378413,REIT—Retail,Real Estate,UBP
2019Q2,2019,Q2,2019-06-07,2019-04-30,8860000.0,34455000.0,12722000.0,0.14,22678000.0,0.6581918444,1018458000.0,572698000.0,60940000.0,53227000.0,367355000.0,0.0,-138248000.0,695402687.074005,1018984687.074005,14.362690680306631,1.14490765964642,0.33062139037643185,0.5879608449828706,0.013014420060372128,14.362690680306631,0.015470631991031922,20.182925179915976,19.621971982900817,1.2142572299431897,1.549548532731377,0.0,0.019742517903930612,0.033830555604649384,0.6938020177729348,0.008699425994984574,64.64652664069955,0.65819184443477,0.16666666666666682,0.08756573400715413,0.06325576096192932,-0.021852870104858813,0.03927409376288896,-0.006392284400583156,0.0323784792664124,-0.0855137745822328,0.08031773230642973,-0.07756939522675185,REIT—Retail,Real Estate,UBP
2019Q1,2019,Q1,2019-03-08,2019-01-31,8917000.0,32543000.0,12323000.0,0.12,21821000.0,0.6705282242,1008233000.0,582141000.0,60926000.0,32495000.0,347834000.0,0.0,-133858000.0,686509722.4,998620722.4,14.686874476812216,1.874934605323896,0.3197633880263788,0.55381084651313,0.011981747678860575,14.686874476812216,0.01531759487821679,21.09546515072366,19.24721661993944,1.1792842668700538,1.5103734439834025,0.0,0.01961807613287197,0.032277261307654084,1.1835359286044007,0.008844185818159097,48.3900558539508,0.6705282241956796,-0.07692307692307698,-0.6187805315367855,0.11124138472415013,0.07260933838007012,-0.03893415547236292,0.08996455201075663,-0.02446168461051298,0.24648520562675277,0.04979342949193194,-0.029858229142954544,REIT—Retail,Real Estate,UBP
2018Q4,2018,Q4,2019-01-11,2018-10-31,8181000.0,32809000.0,12632000.0,0.13,22705000.0,0.6920357219,1016475000.0,583559000.0,64197000.0,34417000.0,351034000.0,0.0,-130975000.0,646881042.082,957083042.082,15.390025845245003,1.865270070023535,0.3157441156939423,0.549980379019088,0.012340607860976372,15.390025845245003,0.014019148021022724,19.716572955042825,19.767786397812007,1.1085100942355444,1.6464979831316464,0.0,0.020822993910358734,0.032277232593029836,1.1444925472876777,0.00804840256769719,39.1716750685479,0.6920357219055747,-0.6060606060606061,-0.11124568370664197,0.12378144934860201,0.05313479012775063,-0.13034318982687298,-0.05334413330247628,-0.23944849178156422,-0.1171758211388993,0.02790193117467354,-0.0031030705030567307,REIT—Retail,Real Estate,UBP
2018Q3,2018,Q3,2018-09-07,2018-07-31,8642000.0,37005000.0,16609000.0,0.33,26108000.0,0.7055262802,1021563000.0,589134000.0,66939000.0,27205000.0,354170000.0,0.0,-123315000.0,680610150.0,991774150.0,15.537463406915103,2.4605403418489247,0.3206870256655732,0.5560738304019119,0.01635772646743612,15.537463406915103,0.014668988719035058,18.392383461694365,19.689023084934043,1.1552722300868732,1.5583198333719046,0.0,0.019786657604209987,0.03622390395893352,1.6096305826134902,0.008459585948198985,30.237245101959218,0.705526280232401,0.5714285714285715,-0.11694753832018415,0.28812967793317784,0.05469428181692291,0.21195803546560207,-0.31737756714060034,0.4001854661945709,-0.07528281872516766,0.1122553346553382,0.004163971460208023,REIT—Retail,Real Estate,UBP
2018Q2,2018,Q2,2018-06-08,2018-04-30,12660000.0,32995000.0,11862000.0,0.21,21542000.0,0.652886801,995572000.0,585991000.0,51840000.0,12515000.0,329582000.0,0.0,-124248000.0,650499500.0,947466500.0,15.449274980226733,4.142229324810228,0.30281586866645505,0.5144703587597762,0.011754081785453199,15.449274980226733,0.021604427371751445,19.715093195938778,12.845566745655606,1.1100844552220086,1.0640600315955766,0.0,0.02070870154396737,0.0331417516764232,2.5650019976028764,0.012716307810987051,63.83704612365064,0.6528868010304592,-0.7000000000000001,0.4642930755677883,0.1733824008621153,0.05350612715187929,-0.02714176037573951,0.5856713426853707,-0.05467006694293911,0.5728815811162675,0.04215528263123555,-0.006916860035568332,REIT—Retail,Real Estate,UBP
2018Q1,2018,Q1,2018-03-09,2018-01-31,7984000.0,32729000.0,12548000.0,0.7,22143000.0,0.6765559595,996713000.0,587230000.0,51415000.0,8200000.0,328122000.0,0.0,-120123000.0,678356448.8399999,970753448.8399999,14.90676563522297,6.2701219512195125,0.3020638839866642,0.5126968990003916,0.013586968482572842,14.90676563522297,0.013596035624882924,20.726464262275044,21.241121268787573,1.155180165931577,1.8033567134268538,0.0,0.021224829548861523,0.032836935005362625,3.4519512195121953,0.00801032995456064,60.30907262091038,0.6765559595465794,3.999999999999999,-0.06623250313674829,0.2927100813375588,0.04040810166643863,-0.03700965469252849,-0.07678075855689177,-0.100308310030831,0.10609558515548488,0.039248814613304005,0.02942371767876501,REIT—Retail,Real Estate,UBP
2017Q4,2017,Q4,2018-01-12,2017-10-31,8648000.0,31874000.0,13947000.0,0.14,22994000.0,0.7214030244,1000176000.0,610959000.0,74414000.0,7451000.0,317979000.0,0.0,-108730000.0,675907210.0,946158210.0,16.20709870812001,9.987115823379412,0.5774803634560317,0.9453694928792276,0.010000486802795163,16.20709870812001,0.014154795984673276,21.20559735207379,19.53940824468085,1.1063053494588015,1.5864939870490287,0.0,0.02029864424733685,0.031868391163155284,7.398470004026305,0.008646478219833309,38.61223707512139,0.7214030244086089,-0.8055555555555556,85.57988555975133,0.12506565458637012,0.5342828519530585,0.16384066406843145,-0.10206624441906344,0.2682549786305356,-0.7673283436717308,0.11140838097694337,0.18877882495291082,REIT—Retail,Real Estate,UBP
2017Q3,2017,Q3,2017-09-08,2017-07-31,9631000.0,29992000.0,10997000.0,0.72,19757000.0,0.6587423313,992670000.0,614119000.0,68949000.0,5295000.0,307352000.0,0.0,-104604000.0,678528000.0,947373000.0,16.291357173174873,13.021529745042493,0.5728570421187303,0.9259736305178639,0.030415354198297394,16.291357173174873,0.015682628285397456,22.62363296879168,17.613124286159277,1.1048803244973693,1.424566503997508,0.0,0.02022024146387474,0.030213464696223317,9.732389046270066,0.009702116514047971,43.29279652906272,0.6587423312883436,3.235294117647058,-0.04802728359824258,0.08775586388595734,0.5313937167450884,0.03580790605012058,-0.6519586585718415,0.12512789032126048,0.09175347449707325,-0.04942788789647437,0.12151630112735622,REIT—Retail,Real Estate,UBP
2017Q2,2017,Q2,2017-06-08,2017-04-30,27672000.0,29070000.0,9774000.0,0.17,19074000.0,0.6561403509,944821000.0,596686000.0,62101000.0,28943000.0,329201000.0,0.0,-121508000.0,665563973.4614,955021973.4614,15.147554144447236,2.145631067961165,0.3116992530860343,0.49355942656606655,0.010472625768440363,15.147554144447236,0.04637615094036059,22.895217525331958,6.012973162957142,1.1154342040225513,0.49573576178086154,0.0,0.020611091565934325,0.030767732723976288,1.4441833949486922,0.029288087373163806,74.84133289794221,0.656140350877193,-0.34615384615384615,1.1632419852677924,-0.2734088407714047,0.03840070972875113,-0.13863800578034682,2.963334288169579,-0.2573512651014361,2.4383403772181906,-0.09193477076239327,0.031598949049148096,REIT—Retail,Real Estate,UBP
2017Q1,2017,Q1,2017-03-10,2017-01-31,6982000.0,31899000.0,13161000.0,0.26,22144000.0,0.6941910405,931324000.0,599033000.0,55023000.0,12977000.0,314038000.0,0.0,-114091000.0,696718536.258507,970463536.258507,15.304296134028409,4.2400400708946595,0.3017381706044298,0.4691160587146284,0.014335392322160604,15.304296134028409,0.011655451369123236,21.841391148892036,24.946954177116407,1.1630720448765042,1.9279576052706962,0.0,0.01932057107636002,0.034251238022428285,3.0562533713493103,0.007496853941270707,58.9739746282806,0.6941910404714882,1.0,-0.4790344596893434,-0.17795393417189412,0.040751689662931585,0.12669176757911876,-0.3234496124031008,0.15053763440860216,-0.6977282457055688,0.10303503428948872,0.11770077265996116,REIT—Retail,Real Estate,UBP
2016Q4,2016,Q4,2017-01-13,2016-10-31,10320000.0,28276000.0,11439000.0,0.13,19654000.0,0.6950770972,906645000.0,588113000.0,41649000.0,11515000.0,298695000.0,0.0,-112533000.0,596884696.0,864709696.0,17.04477741711106,3.616934433347807,0.3021535441104291,0.46580504086799646,0.012828934318114568,17.04477741711106,0.017547648156051643,21.109233837883718,14.459416085271318,1.0149149840251788,1.2246124031007752,0.0,0.021173268614010504,0.03118750999564328,2.275293095961789,0.011382624952434525,44.49051103160406,0.6950770971848917,0.08333333333333341,13.800982381329971,0.13230782647904796,0.5563832143600244,-0.0007118161480577588,0.1986062717770035,0.019700481369228025,0.23205757905917057,0.064345958282067,0.16636893715740972,REIT—Retail,Real Estate,UBP
2016Q3,2016,Q3,2016-09-08,2016-07-31,8610000.0,29166000.0,11218000.0,0.12,19668000.0,0.6743468422,862243000.0,530849000.0,41195000.0,40359000.0,314143000.0,0.0,-105919000.0,737923000.0,1027280000.0,15.466726880717907,1.020714091032979,0.33952841600337724,0.5514863925523077,0.013197151910448863,15.466726880717907,0.016219301533957866,25.300795446753067,21.426335656213706,1.3900807951036924,1.4677119628339141,0.0,0.01712509299750787,0.033825731261372956,0.6332168785153249,0.009985584110279817,70.94731275838862,0.6743468422135364,-0.3333333333333333,-0.3165229012359155,-0.15762299240043828,0.034672749062136826,0.0889762471623941,0.03249790142702962,0.17972447155326532,-0.028065995915535758,0.12159852838996951,0.049892635129692615,REIT—Retail,Real Estate,UBP
2016Q2,2016,Q2,2016-06-07,2016-04-30,8339000.0,27451000.0,9509000.0,0.18,18061000.0,0.6579359586,862783000.0,534379000.0,42317000.0,36422000.0,311523000.0,0.0,-101251000.0,636639432.0,922216432.0,15.570483682983683,1.1618527263741694,0.33467279721552234,0.5403468324915462,0.011024166322895974,15.570483682983683,0.015605029389253695,23.1918484572511,19.086204341048088,1.1913631186854274,1.5152896030699126,0.0,0.019847969454710117,0.031816806775284166,0.714156279171929,0.00966523447958525,214.4289093971034,0.6579359586171725,-0.7662337662337663,-0.023589639060491118,-0.02629479416289233,0.401896114710291,-0.02562580923608114,0.29346983092911433,-0.06792785728288571,0.06596719697676433,0.07890988149514834,0.06177150602448088,REIT—Retail,Real Estate,UBP
2016Q1,2016,Q1,2016-03-10,2016-01-31,6447000.0,27937000.0,10202000.0,0.77,18536000.0,0.6634928589,861075000.0,540778000.0,40501000.0,26188000.0,304342000.0,0.0,-94136000.0,671913909.81,948497909.81,15.138895074930641,1.5465480372689782,0.3288993409401039,0.5237028873215996,0.045990287402613836,15.138895074930641,0.011921712791570662,24.05104019078641,26.055293540018614,1.2424949051366734,1.9229098805646037,0.0,0.01845028033949402,0.03244432831054205,1.1064609744921339,0.007487152687048166,49.85634115975365,0.6634928589325984,2.2083333333333335,-0.5059830810102475,-0.16453104863486537,0.3678879079319085,-0.06402746919814178,-0.22947292936536393,-0.12751218677841444,-0.16847393109140824,0.21688108904654713,0.0566094263278054,REIT—Retail,Real Estate,UBP
2015Q4,2015,Q4,2016-01-13,2015-10-31,8367000.0,28819000.0,11693000.0,0.24,19804000.0,0.6871855373,892628000.0,528533000.0,44601000.0,42856000.0,348493000.0,0.0,-108951000.0,595706400.0,913366400.0,15.437930833041243,1.0407177524733993,0.3632375412825948,0.6134640599546292,0.013059379678573933,15.437930833041243,0.015830610387620073,20.670613137166452,17.799282897095733,1.127094050891808,1.4786661885980639,0.0,0.02076862024648384,0.0322855657675986,0.7157224192645137,0.009373445601079061,55.46614525139665,0.6871855373191298,1.3999999999999997,-0.14358987244616023,0.05985655629532249,0.4511502655555744,0.069157263942126,-0.008766733799312877,0.1344717182497332,91.23481209916541,0.12006693695885558,0.46146777861638116,REIT—Retail,Real Estate,UBP
2015Q3,2015,Q3,2015-09-04,2015-07-31,8441000.0,30050000.0,10307000.0,0.1,18523000.0,0.61640599,875047000.0,529905000.0,39833000.0,18987000.0,328418000.0,0.0,-106142000.0,589048400.0,891878400.0,15.473034134376734,2.097909095697056,0.3523262179060096,0.5818061728045593,0.011623944120285818,15.473034134376734,0.015929270340910164,19.602276206322795,17.446049046321523,1.1116113265585341,1.4747067882952256,0.0,0.021132389121165596,0.03434101253989786,1.4680570916943172,0.00964633899664818,51.994739164974845,0.616405990016639,-0.1666666666666666,-0.20503231776353076,0.13758324862337862,0.44895741776582315,-0.02294545838168583,0.1647578308265489,0.15303725248909275,-0.08162563182401751,0.19961867251537818,0.4544710425588839,REIT—Retail,Real Estate,UBP
2015Q2,2015,Q2,2015-06-08,2015-04-30,7247000.0,28506000.0,8939000.0,0.12,18958000.0,0.6650529713,880870000.0,531283000.0,43021000.0,18746000.0,330212000.0,0.0,-103319000.0,591836830.0,893283830.0,15.556879739978331,2.2949429211565135,0.34777095371621236,0.5766060649409072,0.007345988202419696,15.556879739978331,0.01364056444493801,20.76183364905634,20.41661480612667,1.1139766000417854,1.762798399337657,0.0,0.02158534135160193,0.03236118837058817,1.512429318254561,0.008227093668759294,175.1514738088192,0.6650529713042869,-0.930232558139535,-0.13495613161106113,0.12081009397941311,0.4433939801460057,0.06577467955925342,0.20562302445516553,-0.1244000391811147,-0.34653440759540943,-0.17817136781627962,0.06646094868590614,REIT—Retail,Real Estate,UBP
2015Q1,2015,Q1,2015-03-12,2015-01-31,6011000.0,26226000.0,10209000.0,1.72,17788000.0,0.678258217,819005000.0,475043000.0,105262000.0,17172000.0,325098000.0,0.0,-95702000.0,647904161.5,820572161.5,14.480689903702679,6.129862566969485,0.2999945055280493,0.5172100209875737,0.024628302348048525,14.480689903702679,0.01265359135909802,24.70465040417906,26.94660462069539,1.3638852935418477,1.9103310597238397,0.0,0.017723300269309968,0.03202178252880019,5.438504542278127,0.0073393935323960175,53.96952615576843,0.6782582170365287,6.818181818181818,-0.2825265633393556,0.13983954125651704,0.3291295966162781,0.05173535150475965,-0.814142600952322,0.04216006533278889,-0.4648573083412989,-0.1936105054626764,-0.01525673884117605,REIT—Retail,Real Estate,UBP
2014Q4,2014,Q4,2015-01-13,2014-10-31,32342000.0,24955000.0,9796000.0,0.22,16913000.0,0.6777399319,695675000.0,447204000.0,38519000.0,41074000.0,236283000.0,0.0,-114150000.0,602902340.68,816164340.68,13.633401241616157,0.9377951989092856,0.3112847234700111,0.4842376186259515,0.014165634558950072,13.633401241616157,0.07232046224989043,24.159580872770984,4.660366865685487,1.3481595439217897,0.3550182425329293,0.0,0.019044543743269783,0.035871635461961406,0.61846910454302,0.04649009954360873,101.29407605510752,0.6777399318773792,1.7500000000000002,2.8298285675946397,0.007803690248891709,0.23572594409798234,0.07268345278112513,3.457276736493936,0.14319057066168747,47.7916718363083,0.051167905897266275,0.24488553460282747,REIT—Retail,Real Estate,UBP
2014Q3,2014,Q3,2014-09-08,2014-07-31,7256000.0,25952000.0,8569000.0,0.08,15767000.0,0.6075446979,696460000.0,450399000.0,41804000.0,38899000.0,233964000.0,0.0,-109833000.0,541023694.0,748777694.0,14.5261884796491,1.0746805830484074,0.3106280331964506,0.4803296632541369,0.012475385390139043,14.5261884796491,0.016110160102486906,20.847090551787915,18.64056277563396,1.2012098028636833,1.582276736493936,0.0,0.02122088205623024,0.03726272865634782,0.7572688243913726,0.010418401631105878,52.531672395378195,0.6075446979038225,-0.864406779661017,-0.17154142379776163,0.034235165627186565,0.3093247526625067,-0.010667001317688399,0.1455636248815914,-0.011535355865728458,-0.3624049538112915,-0.1702881175057843,-0.028246151655349626,REIT—Retail,Real Estate,UBP
2014Q2,2014,Q2,2014-06-09,2014-04-30,6334000.0,25195000.0,8669000.0,0.59,15937000.0,0.6325461401,693150000.0,455220000.0,46104000.0,30452000.0,226556000.0,0.0,-103963000.0,543775080.0,743348080.0,14.683568802012774,1.5139892289504795,0.29812594676476956,0.4539475418478977,0.03728357713591997,14.683568802012774,0.013914151399323404,21.58265846398095,21.462546574044836,1.1945324897851588,1.8127565519419009,0.0,0.021115347911860913,0.036348553704104454,0.9643701563115723,0.00913799321936089,162.03071513706794,0.6325461401071641,1.5652173913043477,-0.30920669675296447,0.020965479959860013,0.31723105992634865,-0.017810920744484163,-0.6704131543344781,-0.06442909561838982,-0.17897944233272664,-0.010669832672015015,0.3220422995670481,REIT—Retail,Real Estate,UBP
2014Q1,2014,Q1,2014-03-11,2014-01-31,19218000.0,24061000.0,9266000.0,0.23,16226000.0,0.6743693113,650026000.0,445914000.0,36317000.0,10700000.0,192269000.0,0.0,-112168000.0,514574038.716,687125038.7160001,13.692659527832719,3.3941121495327105,0.2699830468319729,0.3935646783909005,0.015167351660905342,13.692659527832719,0.04309799647465655,21.38622828294751,6.6939072577271315,1.153975965580807,0.5915287751066708,0.0,0.02209205895494884,0.03701544245922471,2.254018691588785,0.029564971247303954,50.133869711223696,0.6743693113336935,0.9166666666666669,1.140891008726496,-0.020167393748725136,-0.09239306460400173,0.034491552438635636,1.5813297515110813,0.10008310578178796,0.6153025534934247,-0.21072970486484097,0.23721204901982082,REIT—Retail,Real Estate,UBP
2013Q4,2013,Q4,2014-01-13,2013-10-31,7445000.0,23613000.0,8423000.0,0.12,15685000.0,0.6642527421,651398000.0,448168000.0,37186000.0,7653000.0,190736000.0,0.0,-108897000.0,506022000.0,674115000.0,14.61353854180253,4.859009538742977,0.26295444566916076,0.38219596222845004,0.015269341493312895,14.61353854180253,0.0166120740436622,21.429805615550755,16.992008059100066,1.1290899841131004,1.54734721289456,0.0,0.022765808601207062,0.03624972750914188,3.4419182020122827,0.01142926444355064,54.51061079392438,0.6642527421335704,0.3333333333333333,-0.32187587887784375,-0.25005070959507675,-0.30343161889318887,0.04094770374303159,-0.05938092229943146,-0.02624277456647399,-0.14930419603555473,-0.03056897618697434,0.37365820361469615,REIT—Retail,Real Estate,UBP
2013Q3,2013,Q3,2013-09-06,2013-07-31,7915000.0,23234000.0,8650000.0,0.09,15068000.0,0.6485323233,646691000.0,451763000.0,86138000.0,2279000.0,181941000.0,0.0,-105713000.0,582654000.0,701606000.0,14.731722428748451,37.796401930671344,0.4384999945878325,0.6277052348244544,0.011358541381407133,14.731722428748451,0.01752024844885482,25.077644830851337,18.403474415666455,1.2897337763384784,1.4961465571699306,0.0,0.0203242404583166,0.03592751406776962,33.55199648968846,0.012239230173297602,43.43949899351376,0.6485323233192735,5.147465437788018,-0.14453941174695895,0.0065823167773286775,-0.03581272716855123,-0.00013271400132714,0.06656784799892197,0.017407668783815573,-0.1675236679326079,-0.017736289621036305,0.37953799521311765,REIT—Retail,Real Estate,UBP
2013Q2,2013,Q2,2013-06-07,2013-04-30,7421000.0,24136000.0,8502000.0,-0.0217,15070000.0,0.6243785217,651971000.0,477431000.0,91028000.0,5010000.0,162488000.0,0.0,-99951000.0,635831179.2,752896179.2,14.66462755370333,18.169261477045907,0.43714214282537106,0.5969532770180404,0.010631989540051843,14.66462755370333,0.015543607348496432,26.343684918793507,21.419996604231237,1.3317760664891891,1.6000539010914971,0.0,0.01867476837946169,0.037020051505358365,15.720359281437126,0.011382408113244301,74.82127314662274,0.6243785217103083,-1.0986363636363636,-0.23910767097921656,0.059381185612823385,0.08078976017316315,0.2877040075194395,0.05802680353578557,-0.5032717924748773,-0.07080652763522668,-0.004537515298632797,0.36060929221582544,REIT—Retail,Real Estate,UBP
2013Q1,2013,Q1,2013-03-11,2013-01-31,7014000.0,20769000.0,17116000.0,0.22,11703000.0,0.5634840387,724243000.0,463008000.0,100635000.0,11600000.0,249814000.0,0.0,-90701000.0,597833882.5,674577882.5,14.327806186194206,8.67543103448276,0.21379012292835417,0.33441322828115283,-0.0008938826158996894,14.327806186194206,0.01514876632801161,28.784914174972315,21.308592903478758,1.2911955786941047,1.603222127174223,0.0,0.01880957290840738,0.02867683912719902,8.67543103448276,0.009684594811409982,50.953198883491005,0.5634840387115413,87.0,-0.19248897501183626,-0.017307612915308624,0.04905392865799513,-0.4424222211634666,93.78378378378379,-0.009089330168471025,-0.15011584423044833,-0.08364844584910064,0.3150969590049116,REIT—Retail,Real Estate,UBP
2012Q4,2012,Q4,2013-01-11,2012-10-31,74000.0,20989000.0,17273000.0,0.0025,20989000.0,1.0,592881000.0,295012000.0,27286000.0,21900000.0,286091000.0,0.0,-84840000.0,514154480.0,682331480.0,10.563305643082211,1.2459360730593607,0.2920113817106637,0.586850704378127,0.0003623121116163091,10.563305643082211,0.0002508372540778002,24.49637810281576,1737.0083783783784,1.7428256477702602,141.24324324324326,0.0,0.020328520720076192,0.0354017079312712,1.2459360730593607,0.00012481425446253126,42.15071979012953,1.0,1.1054852320675106,-0.9887619040051931,0.20774140555969908,-0.002872525969946601,0.027663533098315707,-0.9901254336802775,0.052205165692007796,-0.9897078570788754,-0.00443012978304176,-0.04254627240429447,REIT—Retail,Real Estate,UBP
2012Q3,2012,Q3,2012-09-07,2012-07-31,7494000.0,20424000.0,16416000.0,-0.0237,20424000.0,1.0,594792000.0,297052000.0,28393000.0,21900000.0,286132000.0,0.0,-81712000.0,519088570.0,689053570.0,10.638255201804963,1.2964840182648403,0.292604809748618,0.585887319391891,-0.0035474918632741903,10.638255201804963,0.025227906225172698,25.41561741088915,17.316805777955697,1.7474670091431803,1.394582332532693,0.0,0.020133365679772145,0.03433805431142315,1.2964840182648403,0.012599362466206673,42.555219708148876,1.0,-1.1030434782608696,0.12355428186832705,-0.14520991906434944,-0.021557513021151754,-0.021557918942224776,0.12286484866646688,0.8095238095238095,-0.04989658478407383,-0.09619875337666184,-0.04111592105678221,REIT—Retail,Real Estate,UBP
2012Q2,2012,Q2,2012-06-06,2012-04-30,6674000.0,20874000.0,9072000.0,0.23,20874000.0,1.0,584120000.0,299800000.0,26516000.0,46850000.0,281452000.0,0.0,-77919000.0,396653579.448,561892579.448,14.587388088750487,0.5659765208110993,0.2874494966787646,0.5600567044696464,0.013564605985724319,14.587388088750487,0.022261507671781186,19.00227936418511,14.85816524752772,1.3230606385857238,1.56577764459095,0.0,0.026345407028830207,0.03573580771074437,0.5659765208110993,0.011425734438129151,112.5258381412766,1.0,12.855670103092784,-0.640718581125678,0.5549855452048513,0.3924657762169874,0.02449079754601227,-0.051584482023589596,-0.44954796432255323,0.09797356146089366,0.27596274855273106,0.30860289707416877,REIT—Retail,Real Estate,UBP
2012Q1,2012,Q1,2012-03-08,2012-01-31,7037000.0,20375000.0,16481000.0,-0.0194,20375000.0,1.0,576264000.0,302218000.0,28178000.0,41850000.0,271222000.0,0.0,-74462000.0,387405200.0,542861200.0,14.705040871934605,0.6733094384707288,0.27762449155248287,0.5293695279566406,-0.0020400420155962345,14.705040871934605,0.023284516474862516,19.013752147239263,13.76315191132585,1.2818733497012091,1.466676140400739,0.0,0.0266413563886081,0.035357058570377464,0.6733094384707288,0.012211416989435397,109.90218439716313,1.0,-1.9948717948717951,0.28065314710139466,0.6173645913809962,0.1800507666951456,0.012271462639109698,11.52135231316726,-6.067224851352991e-05,0.24217598072809587,0.3147556291089079,-0.02528818061088973,REIT—Retail,Real Estate,UBP
2011Q4,2011,Q4,2012-01-13,2011-10-31,562000.0,20128000.0,16482000.0,0.0195,20128000.0,1.0,559299000.0,304573000.0,25132000.0,16100000.0,250691000.0,0.0,-71052000.0,470284010.0,607361010.0,10.951529970155693,1.5609937888198757,0.24832692352391117,0.4560121875543794,0.0027950837916536067,10.951529970155693,0.0018452062395550493,23.36466663354531,209.20107206405694,1.5440764939768135,18.36120996441281,0.0,0.021942060075570077,0.035987906289837814,1.5586335403726708,0.0010048292594837466,42.29553107293821,1.0,-0.9277777777777777,-0.9163061855433595,0.22374571212829453,-0.10571839213463995,-0.026409983554222694,-0.925285828237171,0.8695553539019963,-0.9435518574749958,-0.29506316436844476,-0.4779847823898012,REIT—Retail,Real Estate,UBP
2011Q3,2011,Q3,2011-09-08,2011-07-31,7522000.0,20674000.0,8816000.0,0.27,20674000.0,1.0,557970000.0,306353000.0,24441000.0,14600000.0,247550000.0,0.0,-68287000.0,340815199.50600004,476380199.50600004,14.948423928954815,1.674041095890411,0.2460275642059609,0.44809745620248537,0.014811937342142872,14.948423928954815,0.02455337470173297,16.48520845051756,11.327279962310557,1.1124917970641712,1.3714437649561286,0.0,0.03026860308739953,0.03705217126368801,1.674041095890411,0.013481011523917057,108.12664958946702,1.0,-0.24999999999999992,0.6754283777569251,0.6335459332698381,0.19635156380480198,-0.09404031551270815,0.08809489367857659,-0.2683817427385892,0.216501966753126,0.3402327402287058,-0.021629672232984648,REIT—Retail,Real Estate,UBP
2011Q2,2011,Q2,2011-06-08,2011-04-30,6913000.0,22820000.0,12050000.0,0.36,22820000.0,1.0,554161000.0,308545000.0,28825000.0,11600000.0,241547000.0,0.0,-64886000.0,471982199.99999994,595106200.0,11.106731461483081,2.4849137931034484,0.2344553297687856,0.4210925472783549,,11.106731461483081,0.02240515970117811,20.68283085013146,17.068646029220307,1.5297029606702426,1.4915376826269349,0.0,0.021846162842581777,0.04117936845068491,2.4849137931034484,0.012474714027150955,149.74054568527916,1.0,0.43999999999999995,0.12541080074276698,0.34685466461986986,-0.09094507661007135,-0.1224764468371467,-0.31884914769928074,0.3162206444565811,-0.1693182542768457,0.17384278380753673,-0.18142880965752275,REIT—Retail,Real Estate,UBP
2011Q1,2011,Q1,2011-03-11,2011-01-31,10149000.0,26005000.0,9155000.0,0.25,26005000.0,1.0,557053000.0,307451000.0,37111000.0,11600000.0,249602000.0,0.0,-64557000.0,451147199.99999994,565274200.0,11.067350611951044,3.1992241379310347,0.2330155299405981,0.42218760062579075,,11.067350611951044,0.03301013820088404,17.348479138627184,11.113094886195682,1.467379192131429,1.0031530200019707,0.0,0.022566913858713965,0.046683170183088506,3.1992241379310347,0.01821909225872583,49.57116800351609,1.0,0.47058823529411753,0.5562019087932007,0.6149644366478849,-0.09649998855023856,0.3018773466833542,0.4141005991361293,-0.0636186969418022,0.35919731166673624,0.43131564642759224,-0.1896702475993879,REIT—Retail,Real Estate,UBP
2010Q4,2010,Q4,2011-01-13,2010-10-31,7177000.0,19975000.0,9777000.0,0.17,19975000.0,1.0,548926000.0,267556000.0,24377000.0,43950000.0,281370000.0,0.0,-58461000.0,410448000.0,570612000.0,10.638409542743538,0.5546530147895335,0.2964734772993081,0.6082539730000448,,10.638409542743538,0.026824290989549852,20.548085106382977,14.29733872091403,1.5340638969038258,1.3332868886721472,0.0,0.023313550072116322,0.036389240079719304,0.5546530147895335,0.013074622080207533,37.286337209302324,1.0,-0.2916666666666666,0.24940222919597246,0.392572603873712,-0.16163959087674967,0.030435904049522827,-0.0789271047227926,0.23074018126888218,0.21033560800368892,0.2763531147008344,0.004216936769224362,REIT—Retail,Real Estate,UBP
2010Q3,2010,Q3,2010-09-08,2010-07-31,7792000.0,19385000.0,7944000.0,0.24,19385000.0,1.0,509611000.0,268378000.0,23719000.0,13300000.0,232992000.0,0.0,-56687000.0,390299960.0,512306960.0,10.678736272481299,1.7833834586466166,0.2423652550671002,0.4602165602247576,,10.678736272481299,0.02903367638181967,20.13412225947898,12.522457648870637,1.45429193152941,1.2276694045174539,0.0,0.024509354292529265,0.0380388178434139,1.7833834586466166,0.015290093816656233,-116.33381818181819,1.0,1.0,0.14089988561739064,0.2694214171908802,-0.057683336214648266,0.03657558419335864,0.2649350649350649,-0.03720761119864259,0.2979690580872127,-0.09859595470289327,-0.017834308537262315,REIT—Retail,Real Estate,UBP
2010Q2,2010,Q2,2010-06-09,2010-04-30,6160000.0,18701000.0,8251000.0,0.12,18701000.0,1.0,498653000.0,270646000.0,25966000.0,13300000.0,232992000.0,0.0,-53247000.0,371642800.0,490846800.0,10.77798574329975,1.9523308270676691,0.24871403561193856,0.45824434870642833,,10.77798574329975,0.022760358549544422,19.872883803005188,15.082905844155846,1.373169379928024,1.5521103896103896,0.0,0.0257263156988377,0.03750303317136365,1.9523308270676691,0.012353279735607728,394.94452709883103,1.0,-0.52,-0.4360746420122843,0.2916331704474195,0.015146954302246725,0.06183284124460595,-0.03945111492281304,-0.014452938365981844,-0.7285940588632549,0.14018570188272458,0.028832316847275306,REIT—Retail,Real Estate,UBP
2010Q1,2010,Q1,2010-03-10,2010-01-31,6413000.0,17612000.0,8372000.0,0.25,17612000.0,1.0,504539000.0,273581000.0,30773000.0,0.0,228007000.0,0.0,-49150000.0,353060660.0,459137660.0,10.89486679144598,0.0,0.230739348197067,0.42553028170815954,,10.89486679144598,0.02344095532950022,20.046596638655462,13.763474972711679,1.290516008056115,1.469047247777951,0.0,0.02668379988866502,0.034907113226133164,0.0,0.012710613054689528,37.051176408857174,1.0,0.6666666666666667,0.15395653759531433,0.3931372922569928,0.046714561052795166,-0.0660232274486928,-0.0027989426216762556,-0.03803286223141446,-0.04479784588153322,0.144218785293723,-0.12570825050716775,REIT—Retail,Real Estate,UBP
2009Q4,2009,Q4,2010-01-13,2009-10-31,6431000.0,18857000.0,8703000.0,0.15,18857000.0,1.0,522097000.0,275597000.0,43540000.0,2100000.0,239241000.0,0.0,-46159000.0,346472600.0,454599600.0,11.032706164931945,20.733333333333334,0.24968348793423445,0.47300587451967907,,11.032706164931945,0.0233347968228972,18.373686164289122,13.46884621365262,1.2571711593377286,1.4669569273829886,0.0,0.027228704376623145,0.036117809525816086,20.78,0.012317634462561554,31.460328702442567,1.0,-0.06250000000000006,0.14509862129895795,0.4088615799547841,0.045412066713306186,-0.06666996634329836,-0.08806012478729439,-0.02672780138671438,0.06625167618455523,0.27640157504381874,-0.09908969475786003,REIT—Retail,Real Estate,UBP
2009Q3,2009,Q3,2009-09-09,2009-07-31,7052000.0,20204000.0,8942000.0,0.16,20204000.0,1.0,501130000.0,276972000.0,23045000.0,17100000.0,214788000.0,0.0,-43778000.0,351756850.0,457869850.0,11.094412177047866,1.3476608187134502,0.2177059844750863,0.39389902228384094,,11.094412177047866,0.025461057435408635,17.410257869728767,12.470109543391946,1.2700087012405588,1.3373511060692003,0.0,0.026811133884102046,0.040316883842515916,1.3476608187134502,0.014072196835152555,36.28603775531256,1.0,0.14285714285714277,0.37479735503886297,0.45474876105435635,0.052640885528719636,0.017065190032720865,-0.04457390597480016,0.06186913668210426,0.28943662916590535,0.31050704566998105,-0.11209252422945704,REIT—Retail,Real Estate,UBP
2009Q2,2009,Q2,2009-06-08,2009-04-30,7381000.0,19865000.0,8421000.0,0.14,19865000.0,1.0,504693000.0,278192000.0,21172000.0,5100000.0,217131000.0,0.0,-41728000.0,361113320.0,469591320.0,11.147299246674146,4.151372549019608,0.2171181292389631,0.3938934261229654,,11.147299246674146,0.02653203542876862,18.17836999748301,12.231178702072889,1.2980722666359925,1.2770627286275573,0.0,0.026102609563114422,0.03936056176725257,4.151372549019608,0.014624732262979672,31.715555945898473,1.0,-0.4615384615384615,0.34911855363223127,0.40561671965083157,0.09013457829982853,0.05563821872675098,0.07297572321558365,0.009107249850209706,0.33757145427938745,0.3051214530458371,-0.08762471679162676,REIT—Retail,Real Estate,UBP
2009Q1,2009,Q1,2009-03-10,2009-01-31,6879000.0,18818000.0,8345000.0,0.26,18818000.0,1.0,506117000.0,376500000.0,20687000.0,5100000.0,217131000.0,0.0,-39181000.0,330167880.0,438557880.0,15.086552332104503,4.056274509803922,0.22752446568678783,0.3058539176626826,,15.086552332104503,0.018270916334661356,17.545322563503028,11.999123419101613,0.8769399203187251,1.3519406890536416,0.0,0.02816748861215694,0.037181126103252804,4.198823529411765,0.013591718910844725,43.92866950505588,1.0,0.625,0.1761574854601698,0.41799941953639924,0.48182929934130897,0.010253932463628067,0.05912240184757506,-0.10143210940023689,0.17415454910069858,0.3008787923709735,0.23161366100345415,REIT—Retail,Real Estate,UBP
2008Q4,2008,Q4,2009-01-12,2008-10-31,6495000.0,18627000.0,9287000.0,0.16,18627000.0,1.0,509385000.0,380628000.0,26903000.0,0.0,120247000.0,0.0,-36376000.0,297908060.00000006,396015060.00000006,20.97933087141046,0.0,0.20981379506659992,0.28078859148565005,,20.97933087141046,0.017063904915035153,15.993346217855803,11.466822940723635,0.7826751053522075,1.4437259430331024,0.0,0.03147615408592839,0.03656762566624459,0.0,0.012750669925498396,117.98339009900992,1.0,0.06666666666666674,0.631253379918899,1.041350230238011,1.0536367906656725,-0.01652587117212249,-0.1444942044257113,-0.004395368782161235,0.5673550029189651,0.8001258250119162,0.6532772442930299,REIT—Retail,Real Estate,UBP
2008Q3,2008,Q3,2008-09-09,2008-07-31,7592000.0,18940000.0,9328000.0,0.15,18940000.0,1.0,511070000.0,384463000.0,28790000.0,0.0,119387000.0,0.0,-34591000.0,422738374.837,518877374.837,15.278901561816953,0.0,0.2100553740192146,0.2792284303040865,,15.278901561816953,0.019747023770818,22.319871955491024,13.920520773083508,1.0995554184329832,1.1562170706006323,0.0,0.020764615948066303,0.03705950261216663,0.0,0.014855107910853699,167.42113854930693,1.0,-0.11764705882352951,0.473728516320158,0.5439897500728512,0.7431879055118217,0.06542161219553355,-0.0023653088042049934,0.0875597528273289,0.11024653277648676,0.23875272841721407,0.3482460076421337,REIT—Retail,Real Estate,UBP
2008Q2,2008,Q2,2008-06-06,2008-04-30,7610000.0,17777000.0,8577000.0,0.17,17777000.0,1.0,479605000.0,344679000.0,20951000.0,0.0,117237000.0,0.0,-32763000.0,439979960.0,554913960.0,13.56843679880329,0.0,0.24811459430156066,0.3452400639435533,,13.56843679880329,0.022078513631523824,24.749955560555776,14.454006570302235,1.2764919243702113,1.1187910643889618,0.0,0.019350881344686696,0.03706591882903639,0.0,0.015867224069807447,-366.34467943380514,1.0,-0.31999999999999995,0.5829482874057866,0.5462963061246964,0.49597730262664563,0.07000120380402071,0.11452841241944933,0.016473097890495378,-0.3113404596712123,0.21370134059206286,0.2779713778625486,REIT—Retail,Real Estate,UBP
2008Q1,2008,Q1,2008-03-07,2008-01-31,6828000.0,16614000.0,8438000.0,0.25,16614000.0,1.0,471770000.0,346950000.0,22111000.0,0.0,131187000.0,0.0,-31077000.0,392476350.0,496740350.0,13.657835688698185,0.0,0.2299467961082731,0.31267329586395737,,13.657835688698185,0.0196800691742326,23.62323040808956,14.370106546572934,1.1312187635105924,1.2092852958406561,0.0,0.021038210327832492,0.03521631303389364,0.0,0.014473154291286008,-326.79129891756867,1.0,0.6666666666666667,0.6480317526786289,0.5192312220275098,0.4996784143769565,-0.0425862963176396,0.038479087452471486,-0.0035427491733585263,0.21450896322229643,0.2990876287263326,0.3121643211875892,REIT—Retail,Real Estate,UBP
2007Q4,2007,Q4,2008-01-11,2007-10-31,6575000.0,17353000.0,8468000.0,0.15,17353000.0,1.0,467829000.0,295424000.0,19444000.0,0.0,121081000.0,0.0,-29395000.0,485228005.79999995,585996005.8,10.59373642608491,0.0,0.2220725949011284,0.3516708188908146,,10.59373642608491,0.022256147097053727,27.962197072552293,18.4497340608365,1.6424799806379982,1.2599239543726235,0.0,0.017072386385328462,0.0370926128991576,0.0,0.014054280517026521,57.09908281948693,1.0,-0.8255813953488372,-0.5640116289634708,-0.6039399159699907,-0.7082236655133718,-0.256926304971524,0.008590274581991103,-0.6764728356384198,0.04871133638987034,0.16135799754189278,0.0038171710410792254,REIT—Retail,Real Estate,UBP
2007Q3,2007,Q3,2007-09-07,2007-07-31,6519000.0,23353000.0,26174000.0,0.86,23353000.0,1.0,468780000.0,296728000.0,21630000.0,0.0,167087000.0,0.0,-27607000.0,453853460.20875007,555100460.20875,10.872642330417259,0.0,0.2272281240667264,0.35898196327950177,,10.872642330417259,0.02196961527055081,19.434482088329126,17.405026085624712,1.5295269075003033,1.2641509433962264,0.0,0.01815784327436779,0.04981654507444857,0.0,0.013906309996160245,53.40709110481879,1.0,2.44,-0.5632960727475574,-0.42782664746664195,-0.5636514010577237,0.3371314056684798,-0.7302631578947368,1.875,0.16256035274077096,0.5381598044814745,0.031599301349635296,REIT—Retail,Real Estate,UBP
2007Q2,2007,Q2,2007-06-08,2007-04-30,24168000.0,17465000.0,9104000.0,0.25,17465000.0,1.0,456132000.0,280115000.0,21838000.0,5000000.0,170699000.0,0.0,-43534000.0,474882668.64000005,581291668.6400001,10.475940118529232,4.3676,0.2383476712881359,0.38811916534280566,,10.475940118529232,0.08627884975813505,27.19053356083596,4.912308306852037,1.6953132414901024,0.34272591857000995,0.0,0.017442203194573083,0.03828935483588084,4.3676,0.05298466233458736,35.861853846850934,1.0,0.08695652173913039,0.6107244909435697,-0.5690064498069111,-0.5805290864177428,0.06558877364246492,2.3806126731011332,0.06206252916472235,3.1229421432526516,0.153396299115484,0.024479948971890268,REIT—Retail,Real Estate,UBP
2007Q1,2007,Q1,2007-03-09,2007-01-31,7149000.0,16390000.0,8572000.0,0.23,16390000.0,1.0,451350000.0,333203000.0,21337000.0,5000000.0,170699000.0,0.0,-42400000.0,480765224.22,587306224.22,12.461362923493194,4.2674,0.2422532402791625,0.32815130716109997,,12.461362923493194,0.021455389057121334,29.33283857352044,16.81232424884599,1.4428598308538638,1.1344243950202826,0.0,0.016868940579381077,0.03631328237509693,4.2674,0.015839149219009637,147.24815443185298,1.0,0.7692307692307693,-0.7439829187918615,-0.6964508881950683,-0.5320459221247191,0.015993057277460948,0.08548436076525964,0.0797329638493513,0.14081988655473512,0.15269168673760938,0.2239783008913488,REIT—Retail,Real Estate,UBP
