Quarters,Year,Quarter,FillingDate,Date,NetIncome,Revenue,OperatingIncome,EPSDiluted,GrossProfit,GrossProfitRatio,TotalAssets,CommonStockEquity,CurrentAssets,CurrentLiability,TotalLiability,Inventory,RetainedEarnings,MarketCap,EnterpriseValue,bookValuePerShare,currentRatio,debtToAssets,debtToEquity,roic,shareholdersEquityPerShare,roe,priceToSalesRatio,peRatio,pbRatio,payoutRatio,inventoryTurnover,dividendYield,assetTurnover,quickRatio,returnOnAssets,priceToFreeCashFlowsRatio,grossProfitMargin,epsdilutedGrowth,fiveYNetIncomeGrowthPerShare,fiveYRevenueGrowthPerShare,fiveYShareholdersEquityGrowthPerShare,grossProfitGrowth,netIncomeGrowth,operatingIncomeGrowth,threeYNetIncomeGrowthPerShare,threeYRevenueGrowthPerShare,threeYShareholdersEquityGrowthPerShare,Industry,Sector,Symbol
2023Q1,2023,Q1,2023-05-04,2023-03-31,-21586000.0,7683000.0,-21554000.0,-0.58,7043000.0,0.916699206,154593000.0,78390000.0,146057000.0,27242000.0,76203000.0,4071000.0,-692515000.0,110208840.0,44829840.0,2.0911807074641198,5.36146391601204,0.26124080650482234,0.5151932644469958,-0.1765807723300675,2.0911807074641198,-0.2753667559637709,14.344506052323311,-1.2763925692578524,1.4059043245311902,0.0,0.15720953082780645,0.0,0.04969823989443248,4.878679979443507,-0.13963116053120128,-6.363464403256539,0.9166992060393075,0.6627906976744187,0.6233345348137003,0.008085696821066178,0.16430656515604156,-0.011231222799382283,0.6635126498417796,0.06433408577878104,0.49501301395727393,-0.6838212522295323,0.4665175860952395,Biotechnology,Healthcare,EYPT
2022Q4,2022,Q4,2023-03-10,2022-12-31,-64151000.0,10533000.0,-23036000.0,-1.72,7123000.0,0.6762555777,180356000.0,96368000.0,172808000.0,34537000.0,83988000.0,2886000.0,-671351000.0,130732000.0,80868000.0,2.5799957164275007,5.00356139792107,0.25377032092084545,0.4749398140461564,-0.22960645545752761,2.5799957164275007,-0.6656877801759921,12.411658596791037,-0.5094698445854312,1.3565913996347334,0.0,1.1815661815661815,0.0,0.05840116214597795,4.63456582795263,-0.35569096675464085,-9.924238973658241,0.6762555777081554,-2.510204081632653,-0.3227086007942316,0.3458890961042218,0.15989105757210106,-0.1724177994655513,-2.4785272746990565,-0.252092618762909,-0.7600372004199629,-0.6515347388277366,2.304128967929001,Biotechnology,Healthcare,EYPT
2022Q3,2022,Q3,2022-11-04,2022-09-30,-18442000.0,10012000.0,-18398000.0,-0.49,8607000.0,0.8596683979,220490000.0,136350000.0,192102000.0,34256000.0,84140000.0,3531000.0,-627899000.0,295343580.0,265942580.0,3.6517756708982807,5.6078351237739374,0.20844936278289264,0.3370810414374771,-0.09769485284340593,3.6517756708982807,-0.13525485881921526,29.49895924890132,-4.00368154213209,2.166069526952695,0.0,0.3979042764089493,0.0,0.04540795500929747,5.200110929472209,-0.08364098145040591,-20.60440770196735,0.859668397922493,0.07547169811320761,0.674489696094404,1.7462232341550998,0.5997057516222554,-0.12450411962160512,0.058889569299857114,0.042568692756036634,0.6624345878740159,0.1428814551400911,1.4502044591198415,Biotechnology,Healthcare,EYPT
2022Q2,2022,Q2,2022-08-05,2022-06-30,-19596000.0,11565000.0,-19216000.0,-0.53,9831000.0,0.8500648508,233433000.0,151366000.0,205866000.0,33390000.0,82067000.0,3254000.0,-609479000.0,293724140.0,256072140.0,4.0556776164192705,6.165498652291105,0.19055574833035605,0.2938704861065233,-0.09669483715176157,4.0556776164192705,-0.1294610414492026,25.39767747514051,-3.747246121657481,1.9404895419050512,0.0,0.5328826060233559,0.0,0.04954312372286695,5.802964959568733,-0.0839469997815219,-15.186605656377644,0.8500648508430609,0.11666666666666659,0.6679963115262718,0.7095057807822902,0.17610393266183597,0.3078355727018757,0.13041934768138452,-0.05097352876832203,0.5148677968043668,-0.5434110991639204,0.5273558263493459,Biotechnology,Healthcare,EYPT
2022Q1,2022,Q1,2022-05-06,2022-03-31,-22535000.0,9294000.0,-18284000.0,-0.6,7517000.0,0.8088013772,244555000.0,166819000.0,219629000.0,31971000.0,77736000.0,3336000.0,-590073000.0,452623950.0,392358950.0,4.478001771669396,6.869631853867568,0.16879638527120688,0.24745382720193743,-0.09362867922882451,4.478001771669396,-0.13508653091074757,48.700661717236926,-5.021344020412692,2.713263776907906,0.0,0.532673860911271,0.0,0.03800372104434585,6.580119483281724,-0.09214696080636257,-22.289060422514403,0.8088013772326232,0.06250000000000006,0.5955524799872488,0.45317657956792934,0.2301439559167902,-0.11679003642345201,-0.08237271853986551,-0.01330082021724673,0.6998616973565305,0.18358232747236558,1.1503960613240791,Biotechnology,Healthcare,EYPT
2021Q4,2021,Q4,2022-03-14,2021-12-31,-20820000.0,11544000.0,-18044000.0,-0.64,8511000.0,0.7372661123,263372000.0,184380000.0,237745000.0,23658000.0,78992000.0,3616000.0,-569097000.0,400248000.0,260859000.0,5.638532110091743,10.049243384901514,0.14885409231049618,0.21262609827530102,-0.0854581575188402,5.638532110091743,-0.11291897168890336,34.67151767151767,-4.8060518731988475,2.170777741620566,0.0,0.8387721238938053,0.0,0.04383153866014611,9.718150308563699,-0.0790516835502635,-24.012958963282937,0.7372661122661123,-0.10344827586206906,-31.478211693824456,-0.7979329818895303,0.3054336263826414,0.17652750898534697,-0.24707996406109614,-0.17834519689153008,0.4786045930115704,0.372557130942452,0.4225408355978808,Biotechnology,Healthcare,EYPT
2021Q3,2021,Q3,2021-11-05,2021-09-30,-16695000.0,9059000.0,-15313000.0,-0.58,7234000.0,0.798542885528204,168251000.0,92748000.0,141775000.0,19933000.0,75503000.0,4571000.0,-549665000.0,299741720.0,218446720.0,3.224223041090176,7.112577133396879,0.2283195939400063,0.4141868288264976,-0.11497800003003408,3.224223041090176,-0.18000388148531504,33.08772712219892,-4.488495357891584,3.231786345797214,0.0,0.3992561802669,0.0,0.05384217627235499,6.688004816134049,-0.09922675050965522,-37.85573629704471,0.798542885528204,-0.6571428571428571,0.7230628912359555,2.8853445491079395,-0.23734895882297374,0.021174477696216828,-0.6678321678321678,-0.39475362054831953,0.8683009931311799,3.870898328473629,-0.4919508521145613,Biotechnology,Healthcare,EYPT
2021Q2,2021,Q2,2021-08-06,2021-06-30,-10010000.0,9013000.0,-10979000.0,-0.35,7084000.0,0.7859758127149673,178823000.0,106865000.0,151826000.0,16250000.0,71958000.0,5381000.0,-532970000.0,258408560.0,169026560.0,3.717819370999165,9.343138461538462,0.2138874753247625,0.3579095120011229,-0.07462311216236424,3.717819370999165,-0.09366958311888832,28.670649062465326,-6.45376023976024,2.4180841248303935,0.0,0.35848355324289166,0.0,0.05040179395267946,8.784061538461538,-0.05597713940600482,-24.451983345950037,0.7859758127149673,0.30000000000000004,0.813788671333553,2.5226113092709506,-0.39193062038042487,0.19399966290241025,0.18485342019543974,-0.004023776863283036,0.9439748637354348,1.4289801605297008,0.7619479892318879,Biotechnology,Healthcare,EYPT
2021Q1,2021,Q1,2021-05-05,2021-03-31,-12280000.0,7323000.0,-10935000.0,-0.5,5933000.0,0.8101870817970777,187140000.0,115707000.0,159353000.0,13441000.0,71433000.0,5586000.0,-522960000.0,251307600.0,153024600.0,4.677865372953305,11.855739900305037,0.21532542481564604,0.34825896445331744,-0.06913229018492176,4.677865372953305,-0.10613013905813823,34.317574764440806,-5.116197068403909,2.171930825274184,0.0,0.24883637665592553,0.0,0.03913113177300417,11.227661632319023,-0.06561932243240355,-16.643989668189946,0.8101870817970777,0.5327102803738318,0.6697012614611529,2.0645680509699105,-0.4091581031216512,0.2704496788008565,0.2061542439718146,0.14147758498861585,0.6752574596541627,0.4561725497166518,1.6044948412183542,Biotechnology,Healthcare,EYPT
2020Q4,2020,Q4,2021-03-12,2020-12-31,-15469000.0,7131000.0,-12737000.0,-1.07,4670000.0,0.6548871126069274,91717000.0,18541000.0,63118000.0,14888000.0,73176000.0,5337000.0,-510680000.0,95416580.0,90814580.0,1.2786014757602924,4.2395217624932835,0.43947141751256585,2.173938838250364,-0.20819575664454543,1.2786014757602924,-0.8343131438433742,13.380532884588417,-1.5420612192126188,5.146247775200906,0.0,0.46112047967022674,0.0,0.07775003543508836,3.651397098334229,-0.16866011753546234,16.730945116605294,0.6548871126069274,-2.566666666666667,0.3944844196417376,1.7520751420578573,-0.7390585715338621,-0.6619126909433143,-3.06971849513286,-5.508431272355646,0.17844074065336585,1.34705645092444,-0.4251779534012537,Biotechnology,Healthcare,EYPT
2020Q3,2020,Q3,2020-11-06,2020-09-30,-3801000.0,15695000.0,-1957000.0,-0.3,13813000.0,0.8800892003822873,76791000.0,7594000.0,47592000.0,12927000.0,69197000.0,3642000.0,-495211000.0,66288304.5,90820304.5,0.5935362851225136,3.681596658157345,0.6935448164498443,7.01316829075586,-0.030899186863503594,0.5935362851225136,-0.5005267316302344,4.223530073271743,-4.359925315706393,8.729036673689755,0.0,0.5167490389895661,0.0,0.20438593064291388,2.9487119981434207,-0.049497988045474076,65.7622068452381,0.8800892003822873,0.7115384615384615,0.8228475951108407,6.743471452074114,-0.9072439921204704,2.8157458563535913,0.7064864864864865,0.8245157819225251,0.80421368823296,11.563309214135742,-0.7399940481904155,Biotechnology,Healthcare,EYPT
2020Q2,2020,Q2,2020-08-05,2020-06-30,-12950000.0,4122000.0,-11152000.0,-1.04,3620000.0,0.8782144590004852,69685000.0,4188000.0,39832000.0,9586000.0,65497000.0,3773000.0,-491410000.0,94451647.0,124522647.0,0.3356549198130976,4.155226371792197,0.7589151180311401,12.627745940783191,-0.1868037990586107,0.3356549198130976,-3.092168099331423,22.91403372149442,-1.8233908687258689,22.552924307545368,0.0,0.1330506228465412,0.0,0.05915189782593098,3.1466722303359065,-0.18583626318432947,-18.350815426462017,0.8782144590004852,0.08771929824561392,0.40678668832377485,1.3757217893106821,-0.9577529848444761,-0.443846981103088,0.01700318809776833,0.02551555400209717,0.343708923931114,0.8225698295254081,-0.9026635969261253,Biotechnology,Healthcare,EYPT
2020Q1,2020,Q1,2020-05-08,2020-03-31,-13174000.0,7489000.0,-11444000.0,-1.14,6509000.0,0.8691414073975163,80290000.0,16474000.0,49694000.0,10298000.0,63816000.0,3358000.0,-478460000.0,117840599.99999999,142021600.0,1.4259499697048386,4.825597203340455,0.6287208867854029,3.0642224110719924,-0.16414699216845005,1.4259499697048386,-0.799684351098701,15.735158232073706,-2.2362342492788825,7.153126138157096,0.0,0.29184038117927336,0.0,0.09327438037115457,3.951155564187221,-0.16408020924149957,-7.202530407676791,0.8691414073975163,-0.1632653061224489,0.32895570069107877,4.812724917823055,-0.8493911713686979,-0.10945409768778219,-0.26551392891450526,-0.2736783528102393,0.23758970415823397,2.775774345793227,-0.6082798028866787,Biotechnology,Healthcare,EYPT
2019Q4,2019,Q4,2020-03-16,2019-12-31,-10410000.0,8633000.0,-8985000.0,-0.98,7309000.0,0.8466350052125565,72971000.0,8330000.0,41717000.0,11520000.0,64641000.0,2138000.0,-465286000.0,165354000.0,193742000.0,0.7808398950131233,3.6212673611111112,0.6934535637445013,6.074669867947179,-0.14419604885172763,0.7808398950131233,-1.2496998799519807,19.153712498552068,-3.9710374639769452,19.850420168067227,0.0,0.6192703461178671,0.0,0.11830727275218923,2.9151041666666666,-0.14265941264337886,-14.388618169161155,0.8466350052125565,0.3287671232876712,0.29676627078056966,3.5614255811593605,-0.9289514323877602,2.34967919340055,0.3346967469802518,0.3609530583214794,-48.77678676359485,-0.5368031459013529,-0.8192198544108961,Biotechnology,Healthcare,EYPT
2019Q3,2019,Q3,2019-11-07,2019-09-30,-15647000.0,2509000.0,-14060000.0,-1.46,2182000.0,0.8696691909127142,79067000.0,15938000.0,47061000.0,10368000.0,63129000.0,2559000.0,-454876000.0,193557780.00000003,212019780.00000003,1.4903963044006807,4.5390625,0.6351828196339813,3.1510854561425523,-0.20186937357320278,1.4903963044006807,-0.981741749278454,77.14538860103629,-3.092570141241133,12.144420880913541,0.0,0.12778429073856976,0.0,0.03173258122857829,3.9173418209876543,-0.19789545575271605,-13.103017871649067,0.8696691909127142,-0.35185185185185175,-1.2086207940087461,-0.9728145617141223,-0.8779317053965109,-0.6645141451414515,-0.36084536441120196,-0.38317757009345793,0.30181063113458567,1.8946586547365445,-0.6474647445813035,Biotechnology,Healthcare,EYPT
2019Q2,2019,Q2,2019-08-07,2019-06-30,-11498000.0,7210000.0,-10165000.0,-1.08,6504000.0,0.9020804438280167,91330000.0,28210000.0,58573000.0,10721000.0,63120000.0,1670000.0,-439229000.0,181666980.00000003,187345980.00000003,2.6553587228675237,5.463389609178249,0.5457133472024527,1.7667493796526055,-0.12451004409603136,2.6553587228675237,-0.4075859624246721,25.196529819694874,-3.949969125065229,6.4398078695498056,0.0,0.4227544910179641,0.0,0.07894448702507391,5.014364331685477,-0.12589510566079054,-10.603956339014712,0.9020804438280167,0.4653465346534653,0.0,0.0,0.0,2.8668252080856123,0.40232872439962575,0.30619070370623164,0.4212891248343548,6.624264189342499,-0.5657017810288221,Biotechnology,Healthcare,EYPT
2019Q1,2019,Q1,2019-05-10,2019-03-31,-19238000.0,2012000.0,-14651000.0,-2.02,1682000.0,0.8359840954274353,81854000.0,19877000.0,48372000.0,24659000.0,61977000.0,886000.0,-427731000.0,167995520.0,160251520.0,2.0824079118300296,1.9616367249280182,0.43534830307620886,1.792775569753987,-0.24750401216318946,2.0824079118300296,-0.9678522915932988,83.49677932405567,-2.1831209065391417,8.451754288876593,0.0,0.3724604966139955,0.0,0.02458035037994478,1.8507238736364005,-0.23502822097881593,-12.429381473808819,0.8359840954274353,-0.6557377049180328,-1.5501554455195687,-0.7071844348436784,-0.6859021490452384,-0.31122031122031124,-0.6593065378644126,-0.3313039527487506,-0.34089678897799386,1.1819012645745801,-0.7369796386586995,Biotechnology,Healthcare,EYPT
2018Q4,2018,Q4,2018-12-31,2018-12-31,-11594000.0,2442000.0,-11005000.0,-1.22,2442000.0,1.0,78168000.0,37633000.0,47601000.0,21459000.0,40535000.0,0.0,-408493000.0,179444160.0,151804160.0,3.9637049207954163,2.2182301132392004,0.22542472623068263,0.4682326681370074,-0.19917110073478844,3.9637049207954163,-0.30808067387665083,73.482457002457,-3.869332413317233,4.768266149390162,,0.0,,0.031240405280933373,2.122605899622536,-0.14832156381127828,0.0,1.0,0.7233560090702948,0.06336339724639403,0.17101791582406484,-0.1520458867354642,4.0246913580246915,0.6500030187767917,0.18806256455658846,0.3068506715339359,0.43941471682807476,-0.19107333781576072,Biotechnology,Healthcare,EYPT
2018Q3,2018,Q3,2018-11-09,2018-09-30,-33126000.0,486000.0,-13554000.0,-4.41,486000.0,1.0,88855000.0,47705000.0,57642000.0,22418000.0,41150000.0,0.0,-396899000.0,265350099.99999997,227049099.99999997,6.34628176134096,2.571237398519047,0.19653367846491474,0.3660622576249869,-0.2079855143628775,6.34628176134096,-0.6943926213185201,545.9878600823045,-2.0025818088510534,5.562312126611466,0.0,0.0,0.0,0.005469585279387766,2.500267642073334,-0.37280963367283776,-22.345271578947365,1.0,0.2909967845659163,-2.097795861249895,-0.719315213823541,0.15532015656693832,-0.3202797202797203,0.03781805507145347,-0.3856062154978532,-1.6278280778313396,-0.5918785516777136,-0.00822278971680551,Biotechnology,Healthcare,EYPT
2018Q2,2018,Q2,2018-09-18,2018-06-30,-34428000.0,715000.0,-9782000.0,-6.22,715000.0,1.0,71670000.0,11687000.0,39909000.0,21663000.0,59983000.0,0.0,-363991000.0,115204960.0,93737960.0,2.110061927889216,1.8422656141808613,0.24150969722338497,1.481047317532301,-0.33735687681059456,2.110061927889216,-2.9458372550697356,161.12581818181818,-0.8365644243057976,9.857530589543938,0.0,0.0,0.0,0.009976280173015209,1.8062595208419887,-0.4803683549602344,-18.80590270976167,1.0,-3.0653594771241828,-2.668908028397225,-0.3887299799298388,-0.3615829515060381,-0.22952586206896552,-3.933791917454858,-1.0910645575032065,-2.5527015642490016,-0.0716762775620646,-0.7344182582031941,Biotechnology,Healthcare,EYPT
2018Q1,2018,Q1,2018-05-10,2018-03-31,-6978000.0,928000.0,-4678000.0,-1.53,928000.0,1.0,50158000.0,8198000.0,17675000.0,21215000.0,41960000.0,0.0,-329563000.0,55685680.0,52189680.0,1.7960739637192182,0.8331369314164506,0.25619043821523985,1.5674554769455964,-0.22225389585708855,1.7960739637192182,-0.8511832154183947,60.00612068965517,-1.9950444253367727,6.792593315442791,0.0,0.0,0.0,0.018501535148929382,0.7930238039123262,-0.13912037960046253,-11.555443037974683,1.0,-0.1769230769230769,-0.2747378062095453,-0.07669132909782524,-0.6277632316273764,-0.0053590568060021436,-0.20684884123140782,0.19455922865013775,0.10034587842673663,0.8231188989656961,-0.8102986769816869,Biotechnology,Healthcare,EYPT
2017Q4,2017,Q4,2018-02-08,2017-12-31,-5782000.0,933000.0,-5808000.0,-1.3,933000.0,1.0,14197000.0,9905000.0,13645000.0,4250000.0,4292000.0,0.0,-322585000.0,48092400.0,35216400.0,2.224343139456546,3.2105882352941175,0.0,0.0,-0.5863705199394246,2.224343139456546,-0.5837455830388693,51.5459807073955,-2.079401591144933,4.855365976779405,0.0,0.0,0.0,0.06571810945974502,3.1371764705882352,-0.4072691413678946,-9.545930924970227,1.0,0.14473684210526314,-0.15989267247970956,-0.1656023308976375,-0.624760882549463,1.4233766233766234,0.03359518636135718,0.03296703296703297,0.06425532934989726,0.18100247714129178,-0.797607172807373,Biotechnology,Healthcare,EYPT
2017Q3,2017,Q3,2017-11-08,2017-09-30,-5983000.0,385000.0,-6006000.0,-1.52,385000.0,1.0,13327000.0,9001000.0,12547000.0,4279000.0,4326000.0,0.0,-316803000.0,47316000.0,35483000.0,2.282779609434441,2.9322271558775417,0.0,0.0,-0.667259193422953,2.282779609434441,-0.6647039217864682,122.8987012987013,-1.977101788400468,5.256749250083324,0.0,0.0,0.0,0.028888722143017933,2.87333489132975,-0.44893824566669166,-7.844164456233422,1.0,0.037974683544303826,-0.3260801187601486,-0.6063621800530984,-0.6851309248732821,-0.4507845934379458,0.021746239372138654,0.0211864406779661,-1.2163469587986881,-0.9886863773926434,-0.8130329409322214,Biotechnology,Healthcare,EYPT
2017Q2,2017,Q2,2017-09-13,2017-06-30,-6116000.0,701000.0,-6136000.0,-1.58,701000.0,1.0,18677000.0,13336000.0,17740000.0,5290000.0,5341000.0,0.0,-310820000.0,66130830.00000001,49232830.00000001,3.4484006929899413,3.3534971644612477,0.0,0.0,-0.46010797840431916,3.4484006929899413,-0.45860827834433116,94.33784593437947,-2.7031895846958798,4.9588204859028195,0.0,0.0,0.0,0.037532794345987046,3.2417769376181473,-0.32746158376612944,-14.44535386631717,1.0,-0.05333333333333338,-0.45443052945480444,-0.46054037249411606,-0.47391405385545793,0.188135593220339,-0.18988326848249026,-0.18914728682170542,0.0,0.0,0.0,Biotechnology,Healthcare,EYPT
2017Q1,2017,Q1,2017-05-08,2017-03-31,-5140000.0,590000.0,-5160000.0,-1.5,590000.0,1.0,17505000.0,12510000.0,16470000.0,4940000.0,4995000.0,0.0,-304582000.0,59109520.0,46238520.0,3.6402258045742886,3.334008097165992,0.0,0.0,-0.41247002398081534,3.6402258045742886,-0.4108713029576339,100.18562711864406,-2.874976653696498,4.724981614708233,0.0,0.0,0.0,0.03370465581262497,3.172064777327935,-0.29363039131676666,-12.965457337135337,1.0,-74.0,-0.1583881175046646,-0.33615495301290915,-0.5131622152840957,-0.9011890805560208,-75.71641791044776,-53.8936170212766,-0.8924564721551839,-0.7615077665021956,-0.45093029290210557,Biotechnology,Healthcare,EYPT
2016Q4,2016,Q4,2017-02-09,2016-12-31,-67000.0,5971000.0,-94000.0,-0.02,5971000.0,1.0,19746000.0,14762000.0,18535000.0,4927000.0,4984000.0,0.0,-299442000.0,58442670.00000001,46757670.00000001,4.31927904731252,3.7619240917393952,0.0,0.0,-0.00636770085354288,4.31927904731252,-0.004538680395610351,9.787752470272988,-218.0696641791045,3.9589940387481377,0.0,0.0,0.0,0.30239035754076776,3.674649888370205,-0.003393092271852527,-11.6558974870363,1.0,0.9904761904761905,0.9976642702411584,4.768973611233025,-0.4950038665697614,20.555956678700362,0.9906450712091595,0.9869190091845255,0.9849635187030376,6.95423719246941,-0.0759780287148634,Biotechnology,Healthcare,EYPT
2016Q3,2016,Q3,2016-11-08,2016-09-30,-7162000.0,277000.0,-7186000.0,-2.1,277000.0,1.0,24933000.0,14448000.0,23503000.0,4842000.0,10485000.0,0.0,-299375000.0,102866750.0,88558750.0,4.227651792245794,4.853985956216439,0.0,0.0,-0.49736987818383166,4.227651792245794,-0.49570874861572534,371.3601083032491,-3.5907131387880478,7.119791666666666,0.0,0.0,0.0,0.011109774194842176,4.773853779429988,-0.2872498295431757,-15.85981344434166,1.0,-0.12299465240641709,-0.7923408472533305,-0.8985879772630766,-0.750927088295737,-0.08881578947368421,-0.12134022232660091,-0.11307311028500619,-0.47317432549841487,-0.6481169073850109,-0.230369606297489,Biotechnology,Healthcare,EYPT
2016Q2,2016,Q2,2016-09-13,2016-06-30,-6387000.0,304000.0,-6456000.0,-1.87,304000.0,1.0,31619000.0,20881000.0,29963000.0,5093000.0,10738000.0,0.0,-292213000.0,96650160.0,81337160.0,6.1141368001873975,5.883172982525035,0.0,0.0,-0.3073519780516497,6.1141368001873975,-0.3058761553565442,317.92815789473684,-3.783081258806952,4.628617403381064,0.0,0.0,0.0,0.009614472310952275,5.788336933045357,-0.20199879819096114,-22.000946961074437,1.0,-0.24666666666666673,-26.711892003814878,-0.9502936283267867,-0.6611605590791879,-0.06172839506172839,-0.267010513786947,-0.2668759811616955,-0.1038591137562157,-0.578505085823873,0.8498837017398155,Biotechnology,Healthcare,EYPT
2016Q1,2016,Q1,2016-05-06,2016-03-31,-5041000.0,324000.0,-5096000.0,-1.5,324000.0,1.0,36165000.0,26553000.0,34278000.0,3968000.0,9612000.0,0.0,-285826000.0,89881840.0,65014840.0,7.917287852585127,8.638608870967742,0.0,0.0,-0.19063229429235218,7.917287852585127,-0.18984672165103755,277.4130864197531,-4.457540170601072,3.38499755206568,0.0,0.0,0.0,0.008958938199917046,8.50453629032258,-0.1393889119314254,-20.74355873528733,1.0,0.14772727272727273,-0.12951457936537822,-0.4585455304430795,-0.5681810104297722,-0.3840304182509506,0.027959892016968763,0.027109583810614738,-0.25329450331727676,-0.5612769176205467,0.6408598443348074,Biotechnology,Healthcare,EYPT
2015Q4,2015,Q4,2016-02-09,2015-12-31,-5186000.0,526000.0,-5238000.0,-1.76,526000.0,1.0,23950000.0,14424000.0,21862000.0,3883000.0,9526000.0,0.0,-280785000.0,141886340.0,130676340.0,4.899955837891089,5.63018284831316,0.0,0.0,-0.3602273754403207,4.899955837891089,-0.35953965612867445,269.7458935361217,-6.83987369841882,9.836823349972269,0.0,0.0,0.0,0.021962421711899792,5.618851403553953,-0.21653444676409186,-44.35334166927165,1.0,-0.047619047619047665,-0.21137623992825655,-0.2001828518088003,0.0,0.12875536480686695,-0.0512872491384553,-0.05096308186195827,-0.5737341793256723,-0.2883993601865668,-0.17339412631898116,Biotechnology,Healthcare,EYPT
2015Q3,2015,Q3,2015-11-06,2015-09-30,-4933000.0,466000.0,-4984000.0,-1.68,466000.0,1.0,27460000.0,18823000.0,25163000.0,2993000.0,8637000.0,0.0,-275599000.0,107368400.0,93280400.0,6.39889855860756,8.407283661877715,0.0,0.0,-0.2625998816007613,6.39889855860756,-0.26207299580300697,230.40429184549356,-5.441333873910399,5.704106678000319,0.0,0.0,0.0,0.016970138383102695,16.527564316739056,-0.17964311726147122,-23.838454706927177,1.0,0.040000000000000036,0.0001258409522619666,-0.38327123751322667,-0.6187938365924366,0.1393643031784841,0.04139137193937038,0.04153846153846154,-0.46556483792637265,-0.3613466930201472,-0.11738511126896649,Biotechnology,Healthcare,EYPT
2015Q2,2015,Q2,2015-09-10,2015-06-30,-5146000.0,409000.0,-5200000.0,-1.75,409000.0,1.0,32367000.0,23368000.0,29838000.0,3348000.0,8999000.0,0.0,-270666000.0,110883240.00000001,91762240.00000001,7.945056439548484,8.912186379928315,0.0,0.0,-0.2204700681019115,7.945056439548484,-0.22021567956179391,271.10816625916874,-5.3868655266226195,4.745089010612804,0.0,0.0,0.0,0.0126363271233046,8.70878136200717,-0.15898909383013562,-35.815000000000005,1.0,-0.02941176470588238,0.0,0.0,0.0,0.24695121951219512,-0.029611844737895156,-0.02929532858273951,-0.6090835428931068,-0.5861456312927465,0.21209305596895806,Biotechnology,Healthcare,EYPT
2015Q1,2015,Q1,2015-05-08,2015-03-31,-4998000.0,328000.0,-5052000.0,-1.7,328000.0,1.0,35702000.0,27847000.0,33077000.0,2218000.0,7855000.0,0.0,-265520000.0,116177400.0,93170400.0,9.467904256765946,14.912984670874662,0.0,0.0,-0.17983670531987084,9.467904256765946,-0.17948073401084497,354.1993902439024,-5.811194477791116,4.171989801414874,0.0,0.0,0.0,0.009187160383171812,14.467087466185752,-0.13999215730211192,-29.066149612209156,1.0,-0.223021582733813,-0.16093095654495393,-0.5998304634922144,-0.10635440694093315,-0.3704414587332054,-0.2265030674846626,-0.22740524781341107,-0.316108382525345,-0.5687858735048335,0.266221872410813,Biotechnology,Healthcare,EYPT
2014Q4,2014,Q4,2015-02-06,2014-12-31,-4075000.0,521000.0,-4116000.0,-1.39,521000.0,1.0,40180000.0,32275000.0,37348000.0,2273000.0,7905000.0,0.0,-260522000.0,120698370.0,90947370.0,10.990227125685292,16.431148262208534,0.0,0.0,-0.12635080659969344,10.990227125685292,-0.1262587141750581,231.66673704414586,-7.404807975460122,3.7396861347792414,0.0,0.0,0.0,0.012966650074664013,15.979762428508579,-0.10141861622697859,5.6855419473361914,1.0,-1.2080838323353293,-104.9037000147558,-0.9053417040321737,-0.10438230074664108,-0.9794128106847908,-1.1981425653992026,-1.1979893212756747,0.834670725660033,-0.41418085627912987,0.28494180236964606,Biotechnology,Healthcare,EYPT
2014Q3,2014,Q3,2014-11-07,2014-09-30,20566000.0,25307000.0,20789000.0,6.68,25307000.0,1.0,43740000.0,35802000.0,40685000.0,2312000.0,7938000.0,0.0,-256447000.0,129607660.00000001,118223660.00000001,12.20952835658016,17.597318339100347,0.0,0.0,0.5743542988854157,12.20952835658016,0.5744371822803195,5.12141541865887,1.5755088495575222,3.6201234567901235,0.0,0.0,0.0,0.5785779606767261,6.66955017301038,0.4701874714220393,-32.401915,1.0,0.0,9.064546050766884,3.6670122590783008,0.03542143405932425,85.66780821917808,6.184270229392488,6.181704885343968,6.998411284366229,9.798177547215435,-0.2806733080792053,Biotechnology,Healthcare,EYPT
2014Q2,2014,Q2,2014-09-11,2014-06-30,-3967000.0,292000.0,-4012000.0,0.0,292000.0,1.0,22671000.0,14924000.0,19342000.0,2126000.0,7747000.0,0.0,-277013000.0,0.0,-15334000.0,0.0,9.097836312323613,0.0,0.0,-0.26594603012704104,0.0,-0.2658134548378451,0.0,0.0,0.0,0.0,0.0,,0.01287989060914825,8.840545625587959,-0.17498125358387367,0.0,1.0,1.0,0.0,0.0,0.0,-0.8534136546184738,-0.8139003200731596,-0.80802163136548,1.0,-1.0,-1.0,Biotechnology,Healthcare,EYPT
2014Q1,2014,Q1,2014-05-14,2014-03-31,-2187000.0,1992000.0,-2219000.0,-0.79,1992000.0,1.0,26021000.0,18346000.0,22462000.0,2276000.0,7675000.0,0.0,-273046000.0,113455200.0,94900200.0,6.629806302399538,9.869068541300527,0.0,0.0,-0.11926229278559601,6.629806302399538,-0.11920854682219557,56.95542168674699,-12.969272976680385,6.184192739561757,0.0,0.0,0.0,0.0765535528995811,9.61335676625659,-0.08404750009607624,-59.52528856243442,1.0,0.3923076923076923,-1.2693394180889883,-0.5843785706314254,-0.42583808652525085,2.364864864864865,0.377632327831531,0.37334086416266593,0.40609013649115494,3.034622241495615,-0.6384018982442682,Biotechnology,Healthcare,EYPT
2013Q4,2013,Q4,2014-02-12,2013-12-31,-3514000.0,592000.0,-3541000.0,-1.3,592000.0,1.0,20819000.0,12599000.0,17232000.0,2151000.0,8220000.0,0.0,-270859000.0,107003410.00000001,91784410.00000001,4.674433272734018,8.01115760111576,0.0,0.0,-0.2789898131095509,4.674433272734018,-0.27891102468449874,180.7490033783784,-7.6126501138303935,8.493008175252005,0.0,0.0,0.0,0.02843556366780345,7.749418874941887,-0.16878812623084682,-47.13806607929516,1.0,0.08450704225352106,-1.7366781937566071,-0.8649463007122636,-0.6082579944625367,-0.008375209380234505,0.046921616490371576,0.04760623991393222,0.10353212253557306,-0.016865106570374596,0.0,Biotechnology,Healthcare,EYPT
2013Q3,2013,Q3,2013-11-13,2013-09-30,-3687000.0,597000.0,-3718000.0,-1.42,597000.0,1.0,22735000.0,14237000.0,19112000.0,2857000.0,8498000.0,0.0,-267345000.0,106522980.0,91976980.0,5.4930936029014585,6.6895344767238365,0.0,0.0,-0.25904277087693894,5.4930936029014585,-0.2589730982650839,178.43045226130653,-7.222876322213182,7.482122638196249,0.0,0.0,0.0,0.026259071915548715,6.087504375218761,-0.16217286122718275,-28.143455746367238,1.0,0.15976331360946747,-4.515680271389974,-0.8500889944199803,-0.6328689965737577,0.21341463414634146,0.06587281479604763,0.06606380306455664,0.1518171283295907,-0.10326370304275737,-0.6727560034868935,Biotechnology,Healthcare,EYPT
2013Q2,2013,Q2,2013-09-27,2013-06-30,-3947000.0,492000.0,-3981000.0,-1.69,492000.0,1.0,16249000.0,7700000.0,12464000.0,3303000.0,8549000.0,0.0,-263658000.0,88761570.0,81862570.0,3.3051465853972615,3.7735392067817135,0.0,0.0,-0.512855053968399,3.3051465853972615,-0.5125974025974026,180.40969512195122,-5.622090828477325,11.527476623376623,0.0,0.0,0.0,0.030278786386854575,3.2909476233726913,-0.24290725583112807,-26.114024713150926,1.0,-0.4083333333333333,0.0,0.0,0.0,-0.04093567251461988,-0.41267000715819613,-0.41571834992887624,0.0,0.0,0.0,Biotechnology,Healthcare,EYPT
2013Q1,2013,Q1,2013-05-14,2013-03-31,-2794000.0,513000.0,-2812000.0,-1.2,513000.0,1.0,19120000.0,11241000.0,15205000.0,2685000.0,7879000.0,0.0,-259711000.0,55446860.0,47448860.0,4.825084774863717,5.662942271880819,0.0,0.0,-0.2488198541112072,4.825084774863717,-0.2485543990748154,108.0835477582846,-4.961243736578382,4.932555822435726,0.0,0.0,0.0,0.026830543933054393,5.486778398510242,-0.1461297071129707,-28.074359493670887,1.0,-0.07142857142857129,-2.9815876601535227,6.419755655630558,-0.011682077384797531,-0.12307692307692308,-0.07131901840490798,-0.061933534743202415,0.1806657692037014,-0.2098453444774547,-0.544575480670711,Biotechnology,Healthcare,EYPT
2012Q4,2012,Q4,2013-02-08,2012-12-31,-2608000.0,585000.0,-2648000.0,-1.12,585000.0,1.0,21042000.0,13810000.0,16810000.0,2083000.0,7232000.0,0.0,-256917000.0,28189370.0,18780370.0,5.927801862900803,8.070091214594335,0.0,0.0,-0.18906285546896923,5.927801862900803,-0.188848660391021,48.186957264957265,-2.7022018788343556,2.0412288196958723,0.0,0.0,0.0,0.027801539777587682,8.034565530484878,-0.12394259100845927,-15.539895259095921,1.0,0.01754385964912263,-2.5279764031429246,34.8275756233367,0.14348346688260663,0.05786618444846293,-0.022344178753430026,-0.022393822393822392,-84.4379247685682,-0.8660210998189378,-0.5169304323408195,Biotechnology,Healthcare,EYPT
2012Q3,2012,Q3,2012-11-09,2012-09-30,-2551000.0,553000.0,-2590000.0,-1.14,553000.0,1.0,23339000.0,16163000.0,18900000.0,3462000.0,7176000.0,0.0,-254309000.0,36116280.0,27728280.0,7.249932717323047,5.459272097053726,0.0,0.0,-0.15819608826412193,7.249932717323047,-0.15782961083957187,65.3097287522604,-3.5394237553900427,2.2345034956381857,0.0,0.0,0.0,0.023694245683191225,5.305892547660312,-0.10930202665067056,-22.225403076923076,1.0,-0.04587155963302736,-24.761476816674598,42.10377754126018,0.2784488496982334,-0.2088698140200286,-0.127763041556145,-0.12121212121212122,-0.3157123672185604,-0.8658644755977949,-0.3851739795535518,Biotechnology,Healthcare,EYPT
2012Q2,2012,Q2,2012-09-27,2012-06-30,-2262000.0,699000.0,-2310000.0,-1.09,699000.0,1.0,20597000.0,13636000.0,15959000.0,3178000.0,6961000.0,0.0,-251758000.0,48054930.0,43429930.0,6.554823823486997,5.021711768407804,0.0,0.0,-0.16646091159013587,6.554823823486997,-0.16588442358462893,68.74811158798283,-5.31111074270557,3.5241221765913764,0.0,0.0,0.0,0.03393698111375443,4.8892385147891755,-0.10982181871146283,-26.06015726681128,1.0,0.15503875968992245,0.0,0.0,0.0,0.2992565055762082,0.15785554728220402,0.15291529152915292,0.0,0.0,0.0,Biotechnology,Healthcare,EYPT
2012Q1,2012,Q1,2012-05-10,2012-03-31,-2686000.0,538000.0,-2727000.0,-1.29,538000.0,1.0,22833000.0,15555000.0,17895000.0,2589000.0,7278000.0,0.0,-249496000.0,38693580.0,32318580.0,7.477286929769745,6.911935110081113,0.0,0.0,-0.1733769526062918,7.477286929769745,-0.1726775956284153,71.92115241635688,-3.60141288160834,2.4875332690453233,0.0,0.0,0.0,0.023562387772084265,6.738895326380842,-0.11763675382122367,-17.897123034227565,1.0,0.8462455303933254,-5.64388246323173,177.2393190331276,0.0,-0.14603174603174604,0.8461626575028637,0.8454344499234824,-2.7074155064112966,-0.8506843073853818,-0.35244361971140953,Biotechnology,Healthcare,EYPT
2011Q4,2011,Q4,2012-02-09,2011-12-31,-17460000.0,630000.0,-17643000.0,-8.39,630000.0,1.0,24948000.0,17793000.0,19853000.0,2634000.0,7155000.0,0.0,-246810000.0,23091330.0,14683330.0,8.553093303850407,7.5372057706909645,0.0,0.0,-0.9890771985696571,8.553093303850407,-0.981284774911482,36.652904761904765,-0.33063187285223367,1.2977760917214634,0.0,0.0,0.0,0.025252525252525252,7.507213363705391,-0.6998556998556998,-9.166863834855102,1.0,-6.170940170940172,-5.453210771088664,10.064884116380643,2.9519706261665477,-0.620253164556962,-6.194066749072929,-5.970762544448834,-16.617624778919488,-0.8137885124377456,-0.28320595697803624,Biotechnology,Healthcare,EYPT
2011Q3,2011,Q3,2011-11-08,2011-09-30,-2427000.0,1659000.0,-2531000.0,-1.17,1659000.0,1.0,43140000.0,35232000.0,22280000.0,3993000.0,7908000.0,0.0,-229350000.0,88632390.0,78821390.0,16.97355109119815,5.579764588029051,0.0,0.0,-0.07024620180833335,16.97355109119815,-0.06888623978201634,53.42518987341772,-9.129830037082819,2.515678644414169,0.0,0.0,0.0,0.03845618915159944,5.699474079639369,-0.0562586926286509,-30.764453314821242,1.0,-15.714285714285712,-1.0003110376034103,-0.9898966774595703,0.0,-0.5534320323014805,-16.335714285714285,-7.217532467532467,-3.5334895848196712,-0.4798333882229735,0.1344275729302467,Biotechnology,Healthcare,EYPT
2011Q2,2011,Q2,2011-09-13,2011-06-30,-140000.0,3715000.0,-308000.0,-0.07,3715000.0,1.0,47113000.0,37433000.0,25366000.0,5032000.0,9680000.0,0.0,-226923000.0,88788600.0,75876600.0,18.044348035671245,5.040937996820349,0.0,0.0,-0.003985898865950763,18.044348035671245,-0.0037400154943499054,23.900026917900405,-158.55107142857145,2.3719338551545426,0.0,0.0,0.0,0.07885297051769151,4.962440381558029,-0.00297157896971112,75.24457627118645,1.0,0.9473684210526315,0.0,0.0,0.0,9.319444444444445,0.9478584729981379,0.9018795794839121,0.0,0.0,0.0,Biotechnology,Healthcare,EYPT
2011Q1,2011,Q1,2011-05-11,2011-03-31,-2685000.0,360000.0,-3139000.0,-1.33,360000.0,1.0,46940000.0,36994000.0,24338000.0,1492000.0,9946000.0,0.0,-226783000.0,79093840.0,65797840.0,18.334737572483522,16.312332439678283,0.0,0.0,-0.08142478178657181,18.334737572483522,-0.07257933718981456,219.7051111111111,-7.364417132216016,2.1380180569822134,0.0,0.0,0.0,0.007669365146996165,16.017426273458444,-0.0572006817213464,-48.76315659679408,1.0,0.0827586206896551,0.7710395716040973,-0.5094470198722775,0.0,-0.13043478260869565,0.0037105751391465678,-0.005767382249279077,-3.417917236402574,5.011988550772161,2.7554883685631464,Biotechnology,Healthcare,EYPT
2010Q4,2010,Q4,2011-02-10,2010-12-31,-2695000.0,414000.0,-3121000.0,-1.45,414000.0,1.0,,,,,,,,94693410.0,,,0.0,0.0,0.0,0.0,,0.0,228.72804347826087,-8.784175324675324,0.0,0.0,0.0,0.0,0.0,0.0,0.0,-149.59464454976305,1.0,0.1369047619047619,0.7559152451677554,-0.6777217176243275,0.0,-0.13025210084033614,0.13288288288288289,0.09141193595342068,-3.583296969576759,30.87594288793104,0.0,Biotechnology,Healthcare,EYPT
2010Q3,2010,Q3,2010-11-09,2010-09-30,-3108000.0,476000.0,-3435000.0,-1.68,476000.0,1.0,41000000.0,31106000.0,17052000.0,2323000.0,9894000.0,0.0,-221403000.0,81165780.0,71039780.0,16.78592628568345,7.340507963839862,0.0,0.0,-0.11074955952693126,16.78592628568345,-0.09991641483958079,170.51634453781512,-6.5287789575289565,2.6093287468655566,0.0,0.0,0.0,0.011609756097560976,6.953077916487301,-0.07580487804878049,-36.42988330341113,1.0,0.0,0.7292883036765435,-0.3374790381685815,0.0,-0.9697239536954586,-1.2377419108085366,-1.2821586988664366,-36.75986633311035,43.63610543969093,1.960020318502374,Biotechnology,Healthcare,EYPT
2010Q2,2010,Q2,2010-09-27,2010-06-30,13073000.0,15722000.0,12174000.0,0.0,15722000.0,1.0,43014000.0,33041000.0,19034000.0,2934000.0,9973000.0,0.0,-218295000.0,0.0,-15514000.0,0.0,6.4873892297205185,0.0,0.0,0.36887456585926515,0.0,0.3956599376532187,0.0,0.0,0.0,0.0,0.0,,0.3655089040777421,6.3653715064758005,0.3039243037150695,0.0,1.0,1.0,0.0,0.0,0.0,29.528155339805824,5.832902033271719,5.252183024799161,0.0,0.0,0.0,Biotechnology,Healthcare,EYPT
2010Q1,2010,Q1,2010-05-13,2010-03-31,-2705000.0,515000.0,-2863000.0,-1.46,515000.0,1.0,29918000.0,19579000.0,5132000.0,3780000.0,10339000.0,0.0,-231368000.0,72811200.0,68840200.0,10.594696969696969,1.3576719576719576,0.0,0.0,-0.15022674312896422,10.594696969696969,-0.1381582307574442,141.3809708737864,-6.729316081330868,3.7188416160171616,0.0,0.0,0.0,0.017213717494484925,1.2391534391534391,-0.09041379771375092,-49.83655030800821,1.0,-145.0,-9.668692505560838,35.08365669604095,0.0,-0.8499854354791727,-111.70833333333333,-24.336283185840706,-6.5319461102111,191.0668747918748,0.0,Biotechnology,Healthcare,EYPT
2009Q4,2009,Q4,2010-02-12,2009-12-31,-24000.0,3433000.0,-113000.0,-0.01,3433000.0,1.0,32630000.0,22477000.0,6060000.0,4011000.0,10153000.0,0.0,-228663000.0,65758030.0,60629030.0,12.27111426543648,1.5108451757666417,0.0,0.0,-0.00354872562541055,12.27111426543648,-0.0010677581527783957,19.154683949898047,-684.9794791666666,2.92556969346443,0.0,0.0,0.0,0.10520992951271836,1.475193218648716,-0.0007355194606190622,-49.70372637944067,1.0,0.9885057471264368,0.9053281627787305,239.57023645439298,0.0,0.014779781259237363,0.9849151477058454,-0.056074766355140186,0.9899257093586127,67.47810719761912,4.66988823862203,Biotechnology,Healthcare,EYPT
2009Q3,2009,Q3,2009-11-13,2009-09-30,-1591000.0,3383000.0,-107000.0,-0.87,3383000.0,1.0,34492000.0,21572000.0,7096000.0,7259000.0,12920000.0,0.0,-228639000.0,59455500.0,53492500.0,11.791844320542255,0.9775451164072186,0.0,0.0,-0.004886422544073013,11.791844320542255,-0.07375301316521417,17.57478569317174,-9.342473287240729,2.7561422213981084,0.0,0.0,0.0,0.09808071436854923,1.0734260917481746,-0.046126638060999654,-64.27621621621621,1.0,0.0,-5.746967078333711,253.8586985393107,0.0,0.04964318957493019,-1.9794007490636705,-0.9454545454545454,-1.0002313498439235,-0.9766237017277755,0.0,Biotechnology,Healthcare,EYPT
2009Q2,2009,Q2,2009-09-25,2009-06-30,-534000.0,3223000.0,-55000.0,0.0,3223000.0,1.0,37104000.0,23541000.0,8127000.0,8719000.0,13563000.0,0.0,-227048000.0,0.0,-6899000.0,0.0,0.932102305310242,0.0,0.0,-0.002009034704997161,0.0,-0.022683828214604306,0.0,0.0,0.0,0.0,0.0,,0.08686394997843898,0.8847344878999885,-0.014391979301423026,0.0,1.0,1.0,0.0,0.0,0.0,0.0189693329117926,0.16037735849056603,0.9295774647887324,0.0,0.0,0.0,Biotechnology,Healthcare,EYPT
2009Q1,2009,Q1,2009-05-13,2009-03-31,-636000.0,3163000.0,-781000.0,-0.35,3163000.0,1.0,36371000.0,21087000.0,9367000.0,11018000.0,15284000.0,0.0,-226514000.0,18442793.8,10423793.8,11.546928047311358,0.8501542929751316,0.0,0.0,-0.03178887389413705,11.546928047311358,-0.030160762555128753,5.830791590262409,-7.249525864779874,0.8746049129795608,0.0,0.0,0.0,0.086964889609854,0.8075875839535306,-0.01748645899205411,-9.857185355424907,1.0,0.27083333333333337,-5.077908487162106,290.68970861106584,0.0,0.06498316498316499,0.2689655172413793,0.45038705137227303,0.9400786609117964,3.762016162790556,0.0,Biotechnology,Healthcare,EYPT
2008Q4,2008,Q4,2009-02-11,2008-12-31,-870000.0,2970000.0,-1421000.0,-0.48,2970000.0,1.0,39231000.0,21791000.0,10906000.0,13108000.0,17440000.0,0.0,-225878000.0,17166280.0,7317280.0,11.932427992552842,0.8320109856576137,0.0,0.0,-0.04959183123333461,11.932427992552842,-0.03992473957138268,5.779892255892256,-4.93283908045977,0.7877692625395806,0.0,0.0,0.0,0.07570543702684102,1.0078577967653342,-0.022176340139175653,-17.06389662027833,1.0,-0.846153846153846,-7.43184240482278,276.7706155756171,0.0,4.13840830449827,-0.8471337579617835,0.4026902059688945,0.9200438902224293,1.3460521738323146,0.0,Biotechnology,Healthcare,EYPT
2008Q3,2008,Q3,2008-11-12,2008-09-30,-471000.0,2806000.0,-2379000.0,-0.26,578000.0,0.2059871703492516,47161000.0,27324000.0,13181000.0,13550000.0,19837000.0,0.0,-225008000.0,25566800.0,14584800.0,14.962216624685139,0.9727675276752767,0.0,0.0,-0.04289564280241012,14.962216624685139,-0.017237593324549848,9.111475409836066,-13.570488322717623,0.9356902356902357,0.0,0.0,0.0,0.05949831428510846,1.0244280442804428,-0.009987065583851063,-5.566470716307425,0.2059871703492516,0.0,-4.057109966530522,289.7345491059672,0.0,-0.7861635220125787,0.992591893549757,0.528256989886972,0.9583708604043987,2.9630618957601076,0.0,Biotechnology,Healthcare,EYPT
2008Q2,2008,Q2,2008-09-26,2008-06-30,-63579000.0,2703000.0,-5043000.0,0.0,2703000.0,1.0,55784000.0,30078000.0,17690000.0,17276000.0,25706000.0,0.0,-224537000.0,0.0,-15609000.0,0.0,1.0239638805278999,0.0,0.0,-0.1670230813856991,0.0,-2.113804109315779,0.0,0.0,0.0,0.0,0.0,,0.048454754051340886,0.9884232461217874,-1.1397354080022946,0.0,1.0,1.0,0.0,0.0,0.0,3.9870848708487086,-10.557716778767498,0.23694961416250568,0.0,0.0,0.0,Biotechnology,Healthcare,EYPT
2008Q1,2008,Q1,2008-05-12,2008-03-31,-5501000.0,542000.0,-6609000.0,-0.3,542000.0,1.0,115866000.0,89162000.0,22406000.0,15897000.0,26704000.0,0.0,-160958000.0,136972312.5,118797312.5,4.88211805579321,1.409448323583066,0.0,0.0,-0.07392193689566111,4.88211805579321,-0.06169668692940939,252.71644372693726,-6.2248824077440466,1.5362184843318902,0.0,0.0,0.0,0.004677817478811731,1.409448323583066,-0.04747725821207257,16.253982734069062,1.0,0.06250000000000006,-5.649238945493191,15.367677043707374,0.0,3.234375,0.05073339085418464,0.17757590841214535,-1.1954119094564601,2.842669576998489,0.0,Biotechnology,Healthcare,EYPT
2007Q4,2007,Q4,2008-02-11,2007-12-31,-5795000.0,128000.0,-8036000.0,-0.32,128000.0,1.0,107670000.0,94675000.0,13145000.0,11190000.0,12995000.0,0.0,-155457000.0,144277502.5,134494502.5,5.183985632132772,1.174709562109026,0.0,0.0,-0.08464614404894026,5.183985632132772,-0.06120940058093478,1127.16798828125,-6.224223576358931,1.523923976762609,0.0,0.0,0.0,0.0011888176836630446,1.019165236818588,-0.05382186310021361,-20.858392728061297,1.0,-7.000000000000001,-6.537022465539759,3.159403214595482,0.0,1.0380047505938241,-6.289308176100629,-0.5415307884135814,-1.2926925755532834,-0.10037631249982207,0.0,Biotechnology,Healthcare,EYPT
2007Q3,2007,Q3,2007-11-14,2007-09-30,-795000.0,103000.0,-5213000.0,-0.04,-3368000.0,-32.699029126213595,116327000.0,101500000.0,19353000.0,12904000.0,14827000.0,0.0,-149443000.0,177194655.0,160740655.0,5.670882115490447,1.499767513949163,0.0,0.0,-0.04070876041825264,5.670882115490447,-0.007832512315270936,1720.3364563106795,-55.72158962264151,1.7457601477832514,0.0,0.0,0.0,0.0008854350236832377,1.499767513949163,-0.006834182949788097,-40.77189484583525,-32.699029126213595,0.0,-0.09133307522424768,2.5326469955598605,0.0,-8.402197802197803,0.9408438127836892,0.0,0.655413077078163,-0.2069000183496562,0.0,Biotechnology,Healthcare,EYPT
2007Q2,2007,Q2,2007-06-30,2007-06-30,-13439000.0,455000.0,0.0,0.0,455000.0,1.0,86118000.0,65907000.0,5688000.0,18086000.0,20211000.0,0.0,-151950000.0,0.0,-2668000.0,0.0,0.3144974013048767,0.0,0.0,0.0,0.0,-0.20390853778809534,0.0,0.0,0.0,,0.0,,0.005283448291878585,0.2861882118765896,-0.15605332218583803,0.0,1.0,1.0,0.0,0.0,0.0,6.0,-0.5436480588100161,0.0,0.0,0.0,0.0,Biotechnology,Healthcare,EYPT
2007Q1,2007,Q1,2007-03-31,2007-03-31,-8706000.0,65000.0,0.0,-0.19,65000.0,1.0,,,,,,,,913883279.9999999,,,0.0,0.0,0.0,0.0,,0.0,14059.742769230766,-26.24291523087526,0.0,,0.0,,0.0,0.0,0.0,0.0,1.0,0.8538461538461539,-3.2900259391659876,-0.1997750690989392,0.0,-0.9223591355824499,0.7811628962469813,1.0,-2.3915910307800523,-0.7556439785223678,0.0,Biotechnology,Healthcare,EYPT
