Quarters,Year,Quarter,FillingDate,Date,NetIncome,Revenue,OperatingIncome,EPSDiluted,GrossProfit,GrossProfitRatio,TotalAssets,CommonStockEquity,CurrentAssets,CurrentLiability,TotalLiability,Inventory,RetainedEarnings,MarketCap,EnterpriseValue,bookValuePerShare,currentRatio,debtToAssets,debtToEquity,roic,shareholdersEquityPerShare,roe,priceToSalesRatio,peRatio,pbRatio,payoutRatio,inventoryTurnover,dividendYield,assetTurnover,quickRatio,returnOnAssets,priceToFreeCashFlowsRatio,grossProfitMargin,epsdilutedGrowth,fiveYNetIncomeGrowthPerShare,fiveYRevenueGrowthPerShare,fiveYShareholdersEquityGrowthPerShare,grossProfitGrowth,netIncomeGrowth,operatingIncomeGrowth,threeYNetIncomeGrowthPerShare,threeYRevenueGrowthPerShare,threeYShareholdersEquityGrowthPerShare,Industry,Sector,Symbol
2023Q1,2023,Q1,2023-05-04,2023-03-31,-20554000.0,53030000.0,-14049000.0,-0.71,9244000.0,0.1743164247,383551000.0,172637000.0,161529000.0,205607000.0,210914000.0,70186000.0,-225362000.0,63806803.97,203930803.97,5.979421413731718,0.7856201393921414,0.4073174102009902,0.9049450581277478,-0.05286648562852219,5.979421413731718,-0.11905906613298424,1.2032208932679616,-0.7760874278729202,0.36960097760039856,0.0,0.6238566095802581,0.0,0.1382606224465586,0.3598175159406051,-0.05358870137217736,-6.232350456143778,0.1743164246652838,0.0,-7.54557447135497,-0.4512157878449063,-0.6604881441818573,0.48497991967871484,-0.014962224087699373,0.23497059464169026,0.14352785073331534,-0.08278904566160541,-0.5307471177414648,Semiconductors,Technology,AAOI
2022Q4,2022,Q4,2023-02-27,2022-12-31,-20251000.0,61584000.0,-18364000.0,-0.71,6225000.0,0.1010814497,408263000.0,184670000.0,183164000.0,138582000.0,223593000.0,79679000.0,-209068000.0,53789400.0,168223400.0,6.488756148981026,1.3217012310401062,0.3674616607431974,0.8123734228624032,-0.054690828821744024,6.488756148981026,-0.10966047544268154,0.8734314107560406,-0.6640338748703768,0.29127308171332644,0.0,0.6947752858344106,0.0,0.1508439412829475,0.7006754123912197,-0.0496028295485998,-12.247131147540983,0.10108144972720187,-0.10937499999999992,-3.4157688937169866,-0.47414390620948466,-0.6221726082072343,-0.3614729715868294,-0.13724939630482394,-0.36565776753179147,0.5961285462257049,-0.1057288545141911,-0.523428572576976,Semiconductors,Technology,AAOI
2022Q3,2022,Q3,2022-11-03,2022-09-30,-17807000.0,56693000.0,-13447000.0,-0.64,9749000.0,0.1719612651,414343000.0,198538000.0,187800000.0,130889000.0,215805000.0,94261000.0,-188818000.0,75722746.4,200504746.4,7.131587081474372,1.434803535820428,0.36455303939007055,0.7608115323011212,-0.04301486800874224,7.131587081474372,-0.08969063856793158,1.335663069514755,-1.0631036446341329,0.3814017790045231,0.0,0.49802145107732787,0.0,0.13682625264575485,0.6043288588040248,-0.04297647118450173,-7.288742554625085,0.1719612650591784,-0.10344827586206906,-1.6369632319832739,-0.5579253663150189,-0.5758964682597126,0.12992582290217894,-0.10623097471578555,-0.049317206398751465,-0.45870656362070417,-0.11518807872144181,-0.5276121271900315,Semiconductors,Technology,AAOI
2022Q2,2022,Q2,2022-08-04,2022-06-30,-16097000.0,52299000.0,-12815000.0,-0.58,8628000.0,0.1649744737,434755000.0,219594000.0,194417000.0,129816000.0,215161000.0,98181000.0,-173191000.0,42799088.25,159357088.25,7.952755862737333,1.4976351143156468,0.3455394417545514,0.6841033908030274,-0.037839070211504074,7.952755862737333,-0.07330346002167637,0.8183538547582172,-0.6647059739392434,0.1949009911472991,0.0,0.4448009288966297,0.0,0.12029533875401088,0.6395051457447464,-0.03702545111614588,33.15188865220759,0.1649744736993059,0.10769230769230778,-1.3826337598884524,-0.6920849670224005,-0.5065185442147008,-0.043988919667590026,0.10087694799754231,0.0988678714577034,-0.022303377222861992,-0.13036682728290092,-0.49148323980772335,Semiconductors,Technology,AAOI
2022Q1,2022,Q1,2022-05-05,2022-03-31,-17903000.0,52242000.0,-14221000.0,-0.65,9025000.0,0.1727537231,446753000.0,239577000.0,193239000.0,116534000.0,207176000.0,92007000.0,-158733000.0,100241121.64999999,222156121.64999998,8.723526189713182,1.658219918650351,0.3444744635178723,0.6423613285081623,-0.039499589106540764,8.723526189713182,-0.07472754062368257,1.9187841516404425,-1.3997810653242473,0.4184087856931174,0.0,0.46971426087145546,0.0,0.11693709947107238,0.7499356411004514,-0.04007359771506851,-21.019316764520863,0.17275372305807588,-0.20370370370370366,-1.6126538308324116,-0.6323372944991648,-0.41254163123735577,0.11488573193329216,-0.231292984869326,-0.08756500458855919,-0.2362463762996835,-0.2832884214666525,-0.4645680997154888,Semiconductors,Technology,AAOI
2021Q4,2021,Q4,2022-02-24,2021-12-31,-14540000.0,54408000.0,-13076000.0,-0.54,8095000.0,0.1487832672,454459000.0,254570000.0,194079000.0,108957000.0,199889000.0,92516000.0,-142671000.0,139669220.0,248433220.0,9.368490781290252,1.7812439769817452,0.32984273608840403,0.5888360765211926,-0.031680484085439935,9.368490781290252,-0.05711592096476411,2.5670713865607997,-2.401465268225585,0.5486476018383941,0.0,0.5005944917635868,0.0,0.11972037081452892,0.8328790256706774,-0.03199408527501931,-48.14519820751465,0.14878326716659315,0.06896551724137918,-1.6632106446509467,-0.5841904800792825,-0.27358186607268575,-0.003569670113244707,0.07957207064632525,0.15382126447938912,-0.23611530751728296,-0.3169161083419421,-0.43654233126681746,Semiconductors,Technology,AAOI
2021Q3,2021,Q3,2021-11-04,2021-09-30,-15797000.0,53267000.0,-15453000.0,-0.58,8124000.0,0.15251469014586894,462524000.0,263968000.0,200570000.0,93335000.0,198556000.0,94507000.0,-128131000.0,194559130.95999998,305044130.96,9.741461275285292,2.148925912037285,0.3329967742214458,0.5834760273972602,-0.0362297434166104,9.741461275285292,-0.05984437507576676,3.6525265353783762,-3.0790518921314174,0.7370557452418476,0.0,0.4776683208651211,0.0,0.11516591571464399,1.02834949375904,-0.03415390336501457,-406.1777264300626,0.15251469014586894,-0.8709677419354838,-1.56374306387381,-0.5193008814647088,-0.10910960801321307,-0.2462423455186491,-0.9257588687065708,-0.13217085500769288,-2.0784146668803833,-0.312961479646596,-0.42776777487919526,Semiconductors,Technology,AAOI
2021Q2,2021,Q2,2021-08-05,2021-06-30,-8203000.0,54189000.0,-13649000.0,-0.31,10778000.0,0.19889645500009226,473144000.0,277291000.0,208224000.0,90485000.0,195853000.0,100399000.0,-112334000.0,227419771.04000002,338157771.04,10.327399237364038,2.3011990937724485,0.32706956021845357,0.5580815821645853,-0.030962470282924703,10.327399237364038,-0.029582640619421473,4.196788481795199,-6.930993875411436,0.8201484038068312,0.0,0.43238478470901104,0.0,0.11452961466276651,1.0635574957175222,-0.017337216576771553,-176.56814521739133,0.19889645500009226,0.47457627118644063,-9.659205889359109,-0.3757334283899969,0.055838514848800085,0.005504244798955126,0.47490718217897837,0.027710500071235218,-1.7449620480332748,-0.5498045747393161,-0.4095238178873586,Semiconductors,Technology,AAOI
2021Q1,2021,Q1,2021-05-06,2021-03-31,-15622000.0,49701000.0,-14038000.0,-0.59,10719000.0,0.21566970483491277,476362000.0,278472000.0,209855000.0,98415000.0,197890000.0,106336000.0,-104131000.0,221022273.55999997,333201273.55999994,10.532992365441487,2.1323477112228826,0.33096888500762023,0.5661646413283921,-0.03155294524873961,10.532992365441487,-0.056098997385733575,4.447038763002756,-3.537035487773652,0.793696578327444,0.0,0.36659268733072525,0.0,0.10433451870636197,0.9601381903165168,-0.03279438746163632,-12.53244916987979,0.21566970483491277,-0.1606861819326408,-6.52163381064392,-0.3687923518509263,0.0750219180663277,-0.04948124501197127,-0.1624376813751023,-0.06663627383937391,-6.432916159834608,-0.43831857469247354,-0.4019361510301106,Semiconductors,Technology,AAOI
2020Q4,2020,Q4,2021-02-25,2020-12-31,-13439000.0,52325000.0,-13161000.0,-0.50832,11277000.0,0.21551839464882944,480805000.0,277891000.0,209169000.0,103148000.0,202914000.0,110397000.0,-88509000.0,224987984.21,328475984.21000004,10.511016480740974,2.0278531818358085,0.30555630661078814,0.5286713135725878,-0.030344960658562344,10.511016480740974,-0.048360688183496404,4.299818140659341,-4.185355759543121,0.8096267392970625,0.0,0.3718216980533891,0.0,0.10882790320400162,0.8421685345329042,-0.02795104044259107,-12.21035407630522,0.21551839464882944,-0.21028571428571433,-4.193934453291419,-0.3708435869063881,0.06973446124084223,-0.4123501823866597,-0.3975665557404326,-0.9414367900870335,-2.725762375081735,-0.5190350977601963,-0.3879643723962741,Semiconductors,Technology,AAOI
2020Q3,2020,Q3,2020-11-05,2020-09-30,-9616000.0,76608000.0,-6779000.0,-0.42,19190000.0,0.25049603174603174,497787000.0,265166000.0,229930000.0,132318000.0,232621000.0,111427000.0,-75070000.0,255874061.25,359970061.25,11.658538131715373,1.7377076437068275,0.30307742066385823,0.5689568044168558,-0.02081376901776062,11.658538131715373,-0.03626407608818627,3.3400436148966164,-6.6522998453099005,0.9649580310069918,0.0,0.5152970105988675,0.0,0.1538971487805025,0.7423404223159359,-0.01931749925168797,-21.136135903684124,0.25049603174603174,0.5280898876404495,-3.4848862374999077,-0.06367215413207114,0.135709454839052,0.39705882352941174,0.48301075268817206,0.3897191213539791,-1.421019075231084,-0.2688205207723361,-0.30668627612591676,Semiconductors,Technology,AAOI
2020Q2,2020,Q2,2020-08-06,2020-06-30,-18600000.0,65222000.0,-11108000.0,-0.89,13736000.0,0.21060378399926405,478091000.0,257455000.0,213009000.0,119769000.0,220636000.0,97251000.0,-65454000.0,226731351.49999997,321639351.5,12.342959328233881,1.778498609823911,0.30546276754843743,0.5672408770464742,-0.04328495168463773,12.342959328233881,-0.07224563515954245,3.476301731011008,-3.04746440188172,0.88066400536016,0.0,0.5294135792948145,0.0,0.13642172724439489,0.8446259048668687,-0.03890472734270254,-10.52508362733265,0.21060378399926405,-0.07228915662650609,-3.187419575092966,-0.058983019931905085,0.5124111643712311,1.16724518775639,-0.10734059653509555,0.3757446330223671,-1.585291304453449,-0.49166219868914146,-0.2340992678355565,Semiconductors,Technology,AAOI
2020Q1,2020,Q1,2020-05-08,2020-03-31,-16797000.0,40467000.0,-17794000.0,-0.83,6338000.0,0.15662144463389924,453536000.0,257499000.0,182688000.0,95514000.0,196037000.0,87109000.0,-46854000.0,153378720.0,238621720.0,12.742428741092636,1.912682957472203,0.31122336484865587,0.5481613520829207,-0.03891126839529101,12.742428741092636,-0.06523132128668462,3.7902172140262436,-2.282829076620825,0.5956478277585544,0.0,0.3917964848637913,0.0,0.08922555210611727,0.8552777603283288,-0.03703564876878572,-13.339599930422683,0.15662144463389924,0.5284090909090909,-17.279131697017682,-0.01682005063591856,0.6461017364719216,-0.44089625970359914,0.5258968641508369,-0.47619047619047616,-1.7811794029145251,-0.6129558451351044,-0.14190130922703942,Semiconductors,Technology,AAOI
2019Q4,2019,Q4,2020-02-28,2019-12-31,-35429000.0,48658000.0,-12054000.0,-1.76,11336000.0,0.2329729951909244,466825000.0,273794000.0,192804000.0,91355000.0,193031000.0,85028000.0,-30057000.0,238894920.00000003,306122920.0,13.615495549256552,2.11049203656067,0.28759385208589944,0.4903540618128958,-0.07778796087435447,13.615495549256552,-0.12940020599428767,4.909674051543426,-1.685730051652601,0.8725352637384312,0.0,0.4389377616785059,0.0,0.10423177850372195,1.1130534727163264,-0.075893536121673,-28.84159362549801,0.2329729951909244,-3.0,-38.192057630642346,-0.014654158359241706,0.7543215363999658,-0.053440213760855046,-3.0351936218678817,-0.09621680611131321,-3.183700585761903,-0.4975035069472084,0.055724246336339746,Semiconductors,Technology,AAOI
2019Q3,2019,Q3,2019-11-07,2019-09-30,-8780000.0,46084000.0,-10996000.0,-0.44,11976000.0,0.25987327488933254,483878000.0,302285000.0,190647000.0,64423000.0,181593000.0,82118000.0,5372000.0,224658060.0,284679060.0,15.096888578135145,2.959300249910746,0.268693761650664,0.4301073490249268,-0.020413277481166607,15.096888578135145,-0.029045437252923564,4.874968752712438,-6.396869589977221,0.743199497163273,0.0,0.41535351567256873,0.0,0.09523888252824059,1.5476305046334384,-0.018145069624988117,-18.853479355488417,0.25987327488933254,0.22807017543859642,-5.116910448355348,-0.0676407867907773,0.9638250611738517,0.13645853103055608,0.2275206756994545,0.2048018513161701,-1.424032491187232,-0.4371880866025842,0.3806627776962315,Semiconductors,Technology,AAOI
2019Q2,2019,Q2,2019-08-08,2019-06-30,-11366000.0,43411000.0,-13828000.0,-0.57,10538000.0,0.2427495335283684,495122000.0,311715000.0,201035000.0,68127000.0,183407000.0,81475000.0,14152000.0,202905164.1,251548164.1,15.639122415021866,2.950885845553158,0.26198189537124184,0.4161269107999294,-0.023965572776684308,15.639122415021866,-0.036462794539884186,4.674049528921241,-4.462985309255675,0.6509316654636447,0.0,0.4034734581159865,0.0,0.08767738052439601,1.6089362514128025,-0.022955958329462234,-43.39289223695466,0.2427495335283684,-0.0754716981132074,-5.393610159198998,-0.013708143328318162,1.0686096850322833,-0.1467897336248077,-0.08516326140920374,-0.1650518156542253,-17.16264713370705,-0.3263129196984906,0.5988912023923928,Semiconductors,Technology,AAOI
2019Q1,2019,Q1,2019-05-09,2019-03-31,-10474000.0,52719000.0,-11869000.0,-0.53,12351000.0,0.2342798611506288,491205000.0,323618000.0,203274000.0,65175000.0,167587000.0,84464000.0,25518000.0,250273800.0,293736800.0,16.292503650002516,3.1188952819332565,0.24102564102564103,0.36584182585641095,-0.02126494825419747,16.292503650002516,-0.032365319605213556,4.747316906618107,-5.973691999236204,0.7733618031135475,0.0,0.47793142640651637,0.0,0.10732586191101474,1.643759110088224,-0.021323072851457132,-27.820564695420188,0.2342798611506288,-0.2325581395348838,-80.35736737830611,0.36576858046669114,0.9094596940927197,0.17215526240865522,-0.22245564892623715,0.033232874480736335,-5.7123260499837425,-0.10883276396271516,0.6628511553273325,Semiconductors,Technology,AAOI
2018Q4,2018,Q4,2019-02-26,2018-12-31,-8568000.0,58018000.0,-12277000.0,-0.43,10537000.0,0.18161605019131993,466840000.0,329094000.0,194275000.0,77418000.0,137746000.0,93256000.0,35992000.0,305405990.0,338304990.0,16.626787248016974,2.509429331679971,0.18966883728900694,0.2690568652117632,-0.02063465921552207,16.626787248016974,-0.026035114587321554,5.26398686614499,-8.911239204014938,0.9280205351662444,0.0,0.5091468645449087,0.0,0.1242781252677577,1.1131778139450774,-0.01835318310341873,-13.216461398649818,0.18161605019131993,-1.263157894736842,-9.49464723806949,0.5593190354059394,2.329469532947071,-0.39915607002337916,-1.2958199356913183,-0.27832153269471055,-3.719923209699675,-0.06818374031323908,0.6921529265521333,Semiconductors,Technology,AAOI
2018Q3,2018,Q3,2018-11-08,2018-09-30,-3732000.0,56386000.0,-9604000.0,-0.19,17537000.0,0.31101691909339196,481085000.0,335485000.0,215170000.0,82704000.0,145600000.0,107905000.0,44560000.0,472968864.0,487759864.0,17.02361532195912,2.601687947378603,0.1479385139840153,0.21214361297822557,-0.00976497808136687,17.02361532195912,-0.011124193332041671,8.38805490724648,-31.68333762057878,1.40980629238267,0.0,0.3600296557156758,0.0,0.11720589916542815,1.1417827432772296,-0.007757464897055614,-20.63383928104005,0.31101691909339196,-1.475,-5.367741083399389,0.2393623393913645,3.8856939512801443,-0.4821191270708443,-1.4645257654966393,-2.0739125573073913,-2.113028080145814,-0.20461475209738728,0.6583452108885666,Semiconductors,Technology,AAOI
2018Q2,2018,Q2,2018-08-08,2018-06-30,8034000.0,87822000.0,8943000.0,0.4,33863000.0,0.3855867550272141,472204000.0,342631000.0,230588000.0,71705000.0,129573000.0,93269000.0,48292000.0,879598363.6,864437363.6,17.489950569071294,3.2157869046788927,0.12924286960720366,0.1781187341483987,0.017230545254387983,17.489950569071294,0.023447965887499964,10.015694969369862,27.371121595718197,2.5671885019160556,0.0,0.5785309159527817,0.0,0.18598317676258566,1.7412732724356739,0.017013833004379465,-1013.362170046083,0.3855867550272141,2.6363636363636367,19.330088014598832,1.8833380409139089,6.218375200264068,0.31069050936677506,2.789622641509434,3.1211981566820275,0.005992952818552021,0.3491201603791499,1.1430838262957586,Semiconductors,Technology,AAOI
2018Q1,2018,Q1,2018-05-08,2018-03-31,2120000.0,65239000.0,2170000.0,0.11,25836000.0,0.39602078511319916,475617000.0,343294000.0,241825000.0,69859000.0,132323000.0,92624000.0,40258000.0,488475810.06,471378810.06,17.611819178811107,3.461615539873173,0.1369883751001331,0.1897906750482094,0.010020571926604072,17.611819178811107,0.006175464761982441,7.487481568693573,57.60327948820754,1.4229080906162066,0.0,0.4254081015719468,0.0,0.13716709032688065,1.9454329435004796,0.0044573680082923865,-29.9311158125,0.39602078511319916,-0.6071428571428572,1.9792704636342036,1.0922253009145222,0.0,-0.19649188281395782,-0.629111266620014,-0.7897286821705426,3.3917789461851044,0.6432386349112893,1.2751428885122063,Semiconductors,Technology,AAOI
2017Q4,2017,Q4,2018-02-28,2017-12-31,5716000.0,79855000.0,10320000.0,0.28,32154000.0,0.4026548118464717,452984000.0,333276000.0,229697000.0,70708000.0,119708000.0,75768000.0,38138000.0,733934920.0,700557920.0,17.173863753478305,3.248529162188154,0.10940563022093495,0.14870257684321703,0.016358952259507082,17.173863753478305,0.017150949963393704,9.190844906392837,32.10002274317705,2.202183535568118,0.0,0.6295665716397424,0.0,0.1762865796584427,2.019884595802455,0.01261854723345637,127.57429515035633,0.4026548118464717,-0.7052631578947368,49.695338087348084,0.9525111414186361,3.9568917191596604,-0.18332825358122523,-0.7049806451612903,-0.42828652152235336,5.217817616251091,0.6756796486888075,1.2128081153513983,Semiconductors,Technology,AAOI
2017Q3,2017,Q3,2017-11-08,2017-09-30,19375000.0,88879000.0,18051000.0,0.95,39372000.0,0.44298428200137263,438704000.0,324442000.0,230067000.0,76891000.0,114262000.0,74552000.0,32423000.0,1247744402.74,1217823402.74,16.815674824046535,2.992118713503531,0.09347760676902878,0.1263985550576066,0.054654720375307886,16.815674824046535,0.05971791568292638,14.038686334679733,16.099927777290322,3.8458165180217114,0.0,0.6640599849769289,0.0,0.20259446004595352,1.872715922539699,0.04416417447755206,-114.31464981584975,0.44298428200137263,-0.3356643356643357,24.588978816688357,1.5114481770189818,0.0,-0.2610637738823618,-0.33352825840184375,-0.4731942215088282,8.428117654697378,0.8661159992031549,1.1874072574027028,Semiconductors,Technology,AAOI
2017Q2,2017,Q2,2017-08-08,2017-06-30,29071000.0,117371000.0,34265000.0,1.43,53282000.0,0.4539622223547554,406986000.0,307502000.0,218512000.0,76670000.0,99484000.0,59701000.0,13047000.0,1179014990.0,1131555990.0,16.115612389287772,2.8500326072779445,0.06724064218425203,0.08899454312492276,0.08709545350530046,16.115612389287772,0.09453922250912189,10.045198473217404,10.139099016201714,3.8341701517388507,0.0,1.0734996063717526,0.0,0.28839075545596166,1.9385157167079692,0.07142997547827198,63.634228734887735,0.4539622223547554,0.42999999999999994,69.09725944638403,2.9563069919835367,5.651164412872335,0.2847704475308642,0.4690484612663601,0.40921242031667693,10.738646650675124,1.785548039821851,1.131635713567009,Semiconductors,Technology,AAOI
2017Q1,2017,Q1,2017-05-09,2017-03-31,19789000.0,96224000.0,24315000.0,1.0,41472000.0,0.43099434652477553,367626000.0,276173000.0,194222000.0,67590000.0,91453000.0,57503000.0,-16024000.0,1044277700.0,1013158700.0,14.849607484675772,2.8735315875129457,0.07766860885791538,0.10338809369489414,0.06735586594857965,14.849607484675772,0.07165436157770673,10.852570044895245,13.192653747031178,3.781244727037038,0.0,0.9521590177903761,0.0,0.26174427271194095,1.8711791685160526,0.0538291633344758,1800.4787931034482,0.43099434652477553,0.2987012987012987,10.580460728777439,2.234300086372518,0.0,0.2864321608040201,0.39114235500878736,0.5346503408230245,159.13163211730546,1.6623917535614925,0.7403541882945401,Semiconductors,Technology,AAOI
2016Q4,2016,Q4,2017-03-09,2016-12-31,14225000.0,84900000.0,15844000.0,0.77,32238000.0,0.3797173144876325,322318000.0,227384000.0,157552000.0,59973000.0,94934000.0,51817000.0,-37013000.0,413270640.0,406179640.0,12.896829448131133,2.6270488386440567,0.13382125726766733,0.18969232663687857,0.053869697950826814,12.896829448131133,0.0625593709319917,4.867734275618375,7.26310439367311,1.8175009675262992,0.0,1.0163073894667773,0.0,0.2634044639145192,1.6679839261000784,0.04413343344150807,21.17165163934426,0.3797173144876325,-0.20618556701030924,137.86319719855325,1.2848525494006988,2.7224114510578894,0.39190881222745133,-0.19795895354082094,1.3437869822485207,20.560292348442715,1.5616193569706385,1.5825554918487617,Semiconductors,Technology,AAOI
2016Q3,2016,Q3,2016-11-08,2016-09-30,17736000.0,70137000.0,6760000.0,0.97,23161000.0,0.3302251308154041,326791000.0,187538000.0,164161000.0,72052000.0,139253000.0,54919000.0,-51238000.0,380923710.0,420540710.0,10.9345227683517,2.278368400599567,0.2923091517208246,0.5093581034243727,0.06614080583763007,10.9345227683517,0.0945728332391302,5.431137773215279,5.369357662381597,2.031181467222643,0.0,0.8553688158924962,0.0,0.2146234137415045,1.390606783989341,0.05427322049872855,-775.8120366598778,0.3302251308154041,31.333333333333332,25.291617373611054,1.229490209703388,0.0,0.3386313720957115,28.412935323383085,2.4279918864097363,22.850791386911734,0.7713568321733107,2.1381543073614813,Semiconductors,Technology,AAOI
2016Q2,2016,Q2,2016-08-08,2016-06-30,603000.0,55254000.0,1972000.0,0.03,17302000.0,0.31313570058276324,301366000.0,167171000.0,153711000.0,78155000.0,134195000.0,59833000.0,-68974000.0,190564650.0,235578650.0,9.78122988707507,1.9667455697012348,0.28969094058387473,0.5222377086934935,0.007134105153411194,9.78122988707507,0.0036070849609082917,3.4488842436746663,79.00690298507463,1.1399384462616124,0.0,0.6342987983219962,0.0,0.18334516833352135,1.0731495105879343,0.0020008892841262785,-42.92963505293985,0.31313570058276324,1.375,2.5769598370176166,1.0793450338879949,3.0368660257850837,0.21391987651722444,1.4533834586466166,2.2673521850899743,2.5769598370176166,1.0793450338879949,3.0368660257850837,Semiconductors,Technology,AAOI
2016Q1,2016,Q1,2016-05-10,2016-03-31,-1330000.0,50422000.0,-1556000.0,-0.08,14253000.0,0.2826742295029947,295861000.0,165879000.0,160479000.0,77804000.0,129982000.0,60258000.0,-69577000.0,252426300.0,302459300.0,9.797932663910219,2.0626060356793996,0.32299289193236014,0.5760885946985453,-0.005200852611313144,9.797932663910219,-0.008017892560239694,5.00627305541232,-47.44855263157895,1.5217495885555135,0.0,0.6002356533572306,0.0,0.1704246250773167,1.1356228471543879,-0.004495354237293864,-33.76940468227425,0.2826742295029947,-1.5333333333333332,0.29266772875884955,0.8617709917301195,0.0,-0.08739915482135997,-1.49645390070922,-1.5649963689179376,0.29266772875884955,0.8617709917301195,0.0,Semiconductors,Technology,AAOI
2015Q4,2015,Q4,2016-03-14,2015-12-31,2679000.0,52952000.0,2754000.0,0.15,15618000.0,0.29494636652062245,273475000.0,165398000.0,153928000.0,74080000.0,108077000.0,66238000.0,-68247000.0,288854280.0,328683280.0,9.825818333036297,2.0778617710583154,0.24829691927964165,0.41054305372495437,0.012584256466909574,9.825818333036297,0.01619729380040871,5.455021151231304,26.955419932810752,1.746419424660516,0.0,0.5636341676983001,0.0,0.19362647408355427,1.0088417926565876,0.009796142243349484,-14.038407853810265,0.29494636652062245,-0.06250000000000006,26.391954450735508,0.49261663826482377,1.8360256159089559,-0.13488062925829503,-0.0077777777777777776,-0.5501470107807906,26.391954450735508,0.49261663826482377,1.8360256159089559,Semiconductors,Technology,AAOI
2015Q3,2015,Q3,2015-11-09,2015-09-30,2700000.0,57085000.0,6122000.0,0.16,18053000.0,0.316247700797057,256949000.0,162902000.0,160194000.0,65361000.0,94047000.0,60237000.0,-70926000.0,298019820.0,312765820.0,10.26542315205747,2.450911093771515,0.203690226465174,0.3212851898687554,0.024724792450793634,10.26542315205747,0.016574382143865637,5.220632740649908,27.59442777777778,1.8294423641207598,0.0,0.6479738366784534,0.0,0.22216470972838967,1.3262495983843576,0.010507921805494475,-12.405087412587413,0.316247700797057,-0.5789473684210527,4.996726247331125,0.961192736373048,0.0,0.07901500209192516,-0.5565774347183445,0.03956529122092036,4.996726247331125,0.961192736373048,0.0,Semiconductors,Technology,AAOI
2015Q2,2015,Q2,2015-08-07,2015-06-30,6089000.0,49632000.0,5889000.0,0.38,16731000.0,0.3371010638297872,222747000.0,121898000.0,132620000.0,70753000.0,100849000.0,52451000.0,-73626000.0,259296633.12,294130633.12,8.16111360389576,1.874408152304496,0.28393648399305044,0.5188436233572331,0.03111775821796238,8.16111360389576,0.04995159887775025,5.224384129593811,10.646109095089505,2.127160684506719,0.0,0.6272711673752646,0.0,0.22281781572815795,0.9843116192952949,0.027335946163135755,-32.636454766519826,0.3371010638297872,8.6,19.220891074079894,1.1371988393558583,2.3682187843957387,0.6646104865187543,10.020740740740742,5.474924012158055,19.220891074079894,1.1371988393558583,2.3682187843957387,Semiconductors,Technology,AAOI
2015Q1,2015,Q1,2015-05-11,2015-03-31,-675000.0,30234000.0,-1316000.0,-0.05,10051000.0,0.33244029900112454,186215000.0,114907000.0,101139000.0,51785000.0,71308000.0,43565000.0,-79715000.0,206034720.0,235064720.0,7.740972783616276,1.9530559042193685,0.2091077517922831,0.33887404596760856,-0.008554008554008554,7.740972783616276,-0.005874315750998634,6.8146695772970824,-76.30915555555555,1.7930562977016196,0.0,0.4632847469298749,0.0,0.16236071208012243,0.9406584918412668,-0.0036248422522353195,-10.187130778739185,0.33244029900112454,-2.0,0.590568156310539,0.27323278339756873,0.0,-0.1801125703564728,-1.9615384615384615,-2.0,0.590568156310539,0.27323278339756873,0.0,Semiconductors,Technology,AAOI
2014Q4,2014,Q4,2015-03-05,2014-12-31,702000.0,36391000.0,1316000.0,0.05,12259000.0,0.33686900607293013,183670000.0,115012000.0,113239000.0,48601000.0,68658000.0,33780000.0,-79040000.0,166269180.0,164013180.0,7.761117484310682,2.329972634307936,0.16289541024663798,0.26013807254895144,0.008927574866254813,7.761117484310682,0.006103710917121692,4.568964304360969,59.212670940170945,1.445668104197823,0.0,0.7143872113676731,0.0,0.19813252028093864,1.5006481348120408,0.003822072194697011,-16.8254584092289,0.33686900607293013,-0.5,7.1532365881638444,0.16520549912177115,1.2400910791907942,0.009303474394862506,-0.5548509828788839,-0.297008547008547,7.1532365881638444,0.16520549912177115,1.2400910791907942,Semiconductors,Technology,AAOI
2014Q3,2014,Q3,2014-11-12,2014-09-30,1577000.0,36549000.0,1872000.0,0.1,12146000.0,0.3323209937344387,168154000.0,113821000.0,110936000.0,39083000.0,54333000.0,33129000.0,-79742000.0,238376600.00000003,226849600.00000003,7.687491557476698,2.838471969910191,0.15168833331351023,0.22409748640409063,0.012810427693280137,7.687491557476698,0.013855088252607164,6.522110044050454,37.78956880152188,2.094311243092224,0.0,0.7366053910471189,0.0,0.21735432995944193,1.7698999565028273,0.009378307979590137,-21.554986888507102,0.3323209937344387,-0.1666666666666666,3.501981803858335,0.3458156824609984,0.0,0.08562745799070433,-0.1782178217821782,0.08208092485549133,3.501981803858335,0.3458156824609984,0.0,Semiconductors,Technology,AAOI
2014Q2,2014,Q2,2014-08-12,2014-06-30,1919000.0,32650000.0,1730000.0,0.12,11188000.0,0.3426646248085758,153524000.0,111781000.0,106114000.0,40176000.0,41743000.0,31200000.0,-81319000.0,343022138.4,320949138.4,7.5602094141688205,2.6412285941855833,0.07820275657226232,0.10740644653384743,0.01338284114234149,7.5602094141688205,0.017167497159624623,10.506037929555895,44.68761573736321,3.068698064966318,0.0,0.6878846153846154,0.0,0.21267033167452645,1.6677618478693748,0.012499674318021937,-51.949437891867326,0.3426646248085758,18.46541176470588,6.801116727750517,0.42029752688686745,2.1202162595326834,0.2929619785045649,21.576470588235296,6.863636363636363,6.801116727750517,0.42029752688686745,2.1202162595326834,Semiconductors,Technology,AAOI
2014Q1,2014,Q1,2014-05-12,2014-03-31,85000.0,24859000.0,220000.0,0.006164780968958515,8653000.0,0.34808318918701475,154654000.0,109148000.0,114403000.0,39922000.0,45506000.0,23933000.0,-83238000.0,315578640.0,285746640.0,8.532520325203253,2.8656630429337207,0.14599687043335446,0.20686590684208597,0.0012905478755304532,8.532520325203253,0.000778759116062594,12.69474395591134,928.1724705882353,2.891291090995712,0.0,0.6771403501441524,0.0,0.16073945711071166,2.1077601322579027,0.0005496139770067376,-32.59099865744088,0.34808318918701475,1.1541195242239628,1.0598286584736687,0.214809985061733,0.0,0.29632958801498127,1.163147792706334,1.7407407407407407,1.0598286584736687,0.214809985061733,0.0,Semiconductors,Technology,AAOI
2013Q4,2013,Q4,2014-03-06,2013-12-31,-521000.0,23744000.0,-297000.0,-0.04,6675000.0,0.28112365229110514,111057000.0,63077000.0,77936000.0,39057000.0,47980000.0,19608000.0,-83323000.0,189591310.0,196040310.0,4.993824716966194,1.9954425583122104,0.2562197790323888,0.45111530351792256,-0.0032447668574924616,4.993824716966194,-0.00825974602469997,7.984809214959569,-90.974716890595,3.0057122247411896,0.0,0.8705120359037127,0.0,0.2138001206587608,1.33305169367847,-0.004691284655627291,-20.97017033513992,0.28112365229110514,-2.0,-8.099239353117786,-0.10804368994823765,0.44136746056641146,0.05600379686758424,-2.335897435897436,-1.4640625,-8.099239353117786,-0.10804368994823765,0.44136746056641146,Semiconductors,Technology,AAOI
2013Q3,2013,Q3,2013-09-30,2013-09-30,390000.0,20766000.0,640000.0,0.04,6321000.0,0.30439179427911006,75934000.0,31342000.0,45585000.0,29974000.0,44592000.0,16421000.0,-82802000.0,89950000.0,112378000.0,3.4843802112284603,1.5208180423033295,0.39182711301920087,0.9493012570991003,0.010475488992552582,3.4843802112284603,0.012443366728351732,4.3315997303284215,57.66025641025641,2.869950864654457,0.0,0.8796662809816698,0.0,0.2734743329733716,0.8129712417428439,0.005136039191929834,-15.780701754385966,0.30439179427911006,2.787869306753676,2.0184826565939957,0.2586341550211455,0.0,0.16045529649348264,2.382978723404255,12.061224489795919,2.0184826565939957,0.2586341550211455,0.0,Semiconductors,Technology,AAOI
2013Q2,2013,Q2,2013-06-30,2013-06-30,-282000.0,19597000.0,49000.0,-0.022373,5447000.0,0.27795070674082767,71996000.0,30540000.0,43376000.0,29372000.0,41456000.0,16087000.0,-83193000.0,125539166.64000002,141693166.64000002,2.4229760969520484,1.4767806073811793,0.3600477804322462,0.8487884741322855,0.0008678403173816018,2.4229760969520484,-0.009233791748526522,6.406040038781447,-111.29358744680852,4.110647237721022,0.0,0.8795922173183316,0.0,0.27219567753764096,0.8118275909029007,-0.003916884271348408,-61.750696822429916,0.27795070674082767,0.7985557746504236,0.0,0.0,0.0,0.18800436205016358,0.716297786720322,1.07,0.0,0.0,0.0,Semiconductors,Technology,AAOI
2013Q1,2013,Q1,2013-03-31,2013-03-31,-994000.0,14317000.0,-700000.0,-0.111063,4585000.0,0.32024865544457637,,,,,,,,89140386.48,,,0.0,0.0,0.0,0.0,,0.0,6.226191693790599,-22.41961430583501,0.0,0.0,0.0,0.0,0.0,0.0,0.0,178.63804905811625,0.32024865544457637,-20.148793103448277,0.0,0.0,0.0,-0.15778839088905217,-20.115384615384617,-3.108433734939759,0.0,0.0,0.0,Semiconductors,Technology,AAOI
2012Q4,2012,Q4,2012-12-31,2012-12-31,52000.0,18862000.0,332000.0,0.0058,5444000.0,0.2886226275050366,65748000.0,31008000.0,39246000.0,25577000.0,34740000.0,12493000.0,-81917000.0,89140386.48,103001386.48,3.4646437175734355,1.5344254603745553,0.3739125144491087,0.792827657378741,0.005972082314002015,3.4646437175734355,0.001676986584107327,4.725924423709045,428.5595503846155,2.8747544659442728,0.0,1.0740414632194029,0.0,0.28688325120155744,0.9884662001016539,0.0007908985824663868,-1310.8880364705883,0.2886226275050366,1.1362429823119025,0.0,0.0,0.0,0.16499037021185534,1.136482939632546,3.128205128205128,0.0,0.0,0.0,Semiconductors,Technology,AAOI
2012Q3,2012,Q3,2012-09-30,2012-09-30,-381000.0,16416000.0,-156000.0,-0.042571,4673000.0,0.284661306042885,,,,,,,,89140386.48,,,0.0,0.0,0.0,0.0,,0.0,5.430091769005848,-58.49106724409449,0.0,0.0,0.0,0.0,0.0,0.0,0.0,-33.03943160859897,0.284661306042885,0.0,0.0,0.0,0.0,0.0,0.0,0.0,0.0,0.0,0.0,Semiconductors,Technology,AAOI
