Quarters,Year,Quarter,FillingDate,Date,NetIncome,Revenue,OperatingIncome,EPSDiluted,GrossProfit,GrossProfitRatio,TotalAssets,CommonStockEquity,CurrentAssets,CurrentLiability,TotalLiability,Inventory,RetainedEarnings,MarketCap,EnterpriseValue,bookValuePerShare,currentRatio,debtToAssets,debtToEquity,roic,shareholdersEquityPerShare,roe,priceToSalesRatio,peRatio,pbRatio,payoutRatio,inventoryTurnover,dividendYield,assetTurnover,quickRatio,returnOnAssets,priceToFreeCashFlowsRatio,grossProfitMargin,epsdilutedGrowth,fiveYNetIncomeGrowthPerShare,fiveYRevenueGrowthPerShare,fiveYShareholdersEquityGrowthPerShare,grossProfitGrowth,netIncomeGrowth,operatingIncomeGrowth,threeYNetIncomeGrowthPerShare,threeYRevenueGrowthPerShare,threeYShareholdersEquityGrowthPerShare,Industry,Sector,Symbol
2023Q1,2023,Q1,2023-03-31,2023-03-31,5310000.0,29430000.0,5856000.0,0.55,12932000.0,0.4394155624,178613000.0,84421000.0,52563000.0,7473000.0,54569000.0,0.0,41241000.0,173596565.88,166330565.88,8.841037679633159,7.033721397029305,0.1924272029471539,0.40712618898141456,0.031230934360525202,8.841037679633159,0.06289904170763198,5.898626091743119,8.173096322033897,2.0563197057604152,0.32693032015065915,0.0,0.010000197821885623,0.16476964162742913,7.033721397029305,0.029729079070392413,-6.530360225708159,0.43941556235134216,0.6176470588235294,1.0407381824606707,0.037104796502063275,0.4254719890637722,0.3218849023816825,0.618409021639744,0.7772382397572078,-0.0559523590515277,0.020443669693620003,0.1888180394356321,Asset Management,Financial Services,SAMG
2022Q4,2022,Q4,2023-03-02,2022-12-31,3281000.0,28492000.0,3295000.0,0.34,9783000.0,0.3433595395,212675000.0,84593000.0,87127000.0,8041000.0,86843000.0,0.0,39761000.0,180249680.21,139050680.21,8.808951051397818,10.835343862703644,0.17036793229105443,0.42832149232205974,0.017494484272611733,8.808951051397818,0.038785715130093504,6.326325993612242,13.734355395458701,2.130787183454896,0.5242304175556233,0.0,0.009542319287313647,0.13396967203479487,10.85350080835717,0.015427295168684612,11.703004818205429,0.3433595395198652,-0.4035087719298245,35.751182077341284,-0.013437605445227301,0.45999208432445926,-0.2339675828047921,-0.4185716817295765,-0.543249237593568,0.2996929233653807,-0.01885138520981766,0.2468967544194982,Asset Management,Financial Services,SAMG
2022Q3,2022,Q3,2022-11-03,2022-09-30,5643000.0,29042000.0,7214000.0,0.57,12771000.0,0.439742442,205089000.0,87055000.0,83437000.0,9307000.0,77118000.0,0.0,39430000.0,160477816.95000002,128662816.95000002,8.869445491294739,8.964972601267863,0.17327599237404248,0.40821319855263916,0.03775508592499868,8.869445491294739,0.06482109011544426,5.52571506611115,7.109596710526317,1.8434072362299698,0.3092326776537303,0.0,0.010873777031399228,0.1416068146024409,8.509508971741699,0.027514883782162866,11.56513526592678,0.4397424419805798,-0.40625000000000006,1.4936370722734864,0.05163346730023052,0.43736709068740015,-0.10076045627376426,-0.40430697772616914,-0.39429051217464317,0.9223487010023431,-0.05737562221990455,0.2490745926121301,Asset Management,Financial Services,SAMG
2022Q2,2022,Q2,2022-07-28,2022-06-30,9473000.0,32173000.0,11910000.0,0.96,14202000.0,0.4414260405,207309000.0,90664000.0,82173000.0,16848000.0,77577000.0,1190000.0,37749000.0,162245965.38,132179965.38,9.170004545354322,4.877314814814815,0.18085080724908228,0.41352686843730696,0.06022071843885023,9.170004545354322,0.10448469072619783,5.042923115034346,4.281799994194025,1.7895301925791935,0.1778739575636018,15.101680672268907,0.010385466264467796,0.15519345518043115,4.734389838556505,0.04569507353756952,9.693849876321922,0.44142604046871603,-0.23200000000000004,3.1793937209169973,0.19384416622145323,0.5143880578840887,-0.04370076089152246,-0.23580187157147467,-0.22902641118591405,3.412625564240025,0.1689706919725421,0.36542676703922344,Asset Management,Financial Services,SAMG
2022Q1,2022,Q1,2022-05-05,2022-03-31,12396000.0,33510000.0,15448000.0,1.25,14851000.0,0.44318114,197903000.0,86262000.0,70019000.0,21156000.0,72680000.0,0.0,33669000.0,201830129.79999998,184332129.79999998,8.740309991120068,3.3096521081489882,0.1997038953426679,0.4581623426305905,0.07926471699574378,8.740309991120068,0.14370174584405648,6.022982088928678,4.070468897224911,2.339733947740604,0.13536624717650855,0.0,0.00831392221598819,0.1693253765733718,3.2024012100586123,0.06263674628479608,-8.556474894013904,0.44318113995822145,-0.4612068965517241,5.014675681631118,0.24958512787594003,0.46578601942190884,-0.5606732931014081,-0.4476428125835487,3.083531588686228,5.260923433689478,0.2814547467156225,0.3157661733933794,Asset Management,Financial Services,SAMG
2021Q4,2021,Q4,2022-03-02,2021-12-31,22442000.0,33804000.0,3783000.0,2.32,33804000.0,1.0,192860000.0,80350000.0,96182000.0,28845000.0,112510000.0,0.0,27782000.0,166034827.18,80290827.18,8.309157322182482,3.334442711041775,0.0,0.0,0.09703401919111006,8.309157322182482,0.2793030491599253,4.911691728197846,1.8495992690045453,2.066394862227754,0.0739684520096248,0.0,0.00999790241718611,0.17527740329772892,3.334442711041775,0.11636420201182204,7.3353137698254915,1.0,5.105263157894736,13.579079593650874,0.3326179698580871,0.4190194617217684,1.299122628035095,5.027934461455815,-0.5375870920425376,5.7168723776267045,0.18152370960653302,0.24433422479937014,Asset Management,Financial Services,SAMG
2021Q3,2021,Q3,2021-11-04,2021-09-30,3723000.0,33461000.0,8181000.0,0.38,14703000.0,0.4394070709183826,212912000.0,75497000.0,81374000.0,28690000.0,103087000.0,0.0,24363000.0,150659441.32,127835441.32,7.8072986976081005,2.836319275008714,0.20245923198316676,0.5709630846258792,0.042109739977740215,7.8072986976081005,0.04931321774375141,4.502538517079585,10.116803741606232,1.995568583122508,0.44211657265645987,0.0,0.010925302693137585,0.15715882618170887,2.701429069362147,0.01748609754264673,7.742802000205571,0.4394070709183826,0.0857142857142858,1.0687833636615773,0.35885978401854224,0.33637220765161907,0.005264597292492821,0.11634182908545727,0.11427403977117952,0.4819458985934656,0.15498621340727764,0.2160394135898049,Asset Management,Financial Services,SAMG
2021Q2,2021,Q2,2021-07-29,2021-06-30,3335000.0,33101000.0,7342000.0,0.35,14626000.0,0.4418597625449382,202762000.0,73675000.0,68638000.0,32350000.0,96784000.0,0.0,22291000.0,145328647.35999998,136915647.35999998,7.6245944631628335,2.1217310664605873,0.22301022874108561,0.6137495758398371,0.037374563275984075,7.6245944631628335,0.04526637258228707,4.3904609335065405,10.894201451274363,1.9725639275195113,0.4638680659670165,0.0,0.01064483863369249,0.16325051045067615,2.000123647604328,0.016447855120782,8.404872324330576,0.4418597625449382,0.34615384615384603,1.9921223839187925,0.4221536443734827,0.3214073540346748,0.07639093317633205,0.3068181818181818,0.29078762306610406,0.22406368480146321,0.1552583933716887,0.21062101782960338,Asset Management,Financial Services,SAMG
2021Q1,2021,Q1,2021-05-06,2021-03-31,2552000.0,31237000.0,5688000.0,0.26,13588000.0,0.4349969587348337,192221000.0,71750000.0,56268000.0,32296000.0,87087000.0,0.0,20505000.0,138792380.70000002,143409380.70000002,7.433873493604538,1.7422591032945256,0.2458680373112199,0.6586898954703833,0.028532552095628116,7.433873493604538,0.03556794425087108,4.443204555495087,13.596432278605018,1.934388581184669,0.6050156739811913,0.0,0.011124529979331926,0.16250565755042373,1.624380728263562,0.013276384994355456,-8.820054696237927,0.4349969587348337,0.3,0.6175433201140353,0.34337181124345073,0.28248151919830145,0.3252706524919536,0.35816923895689196,0.6923534662302886,-0.02968230638631396,0.08903593351762926,0.19858989627296852,Asset Management,Financial Services,SAMG
2020Q4,2020,Q4,2021-03-04,2020-12-31,1879000.0,28415000.0,3361000.0,0.2,10253000.0,0.3608305472461728,213804000.0,70679000.0,75420000.0,30640000.0,110405000.0,0.0,19498000.0,133012987.41000001,119500987.41000001,7.380717696189364,2.4614882506527413,0.058932480215524496,0.17827077349707834,0.022703771856757458,7.380717696189364,0.026584982809603985,4.681083491465776,17.697310725119745,1.8819308056141146,0.8169238956891964,0.0,0.011540226483813247,0.13290209724794672,2.3452023498694516,0.008788423041664328,8.028306820980204,0.3608305472461728,-0.09090909090909087,0.7844168724062068,0.22766157220926336,0.27989438606401484,-0.148421926910299,-0.08742107819329771,-0.3208729036168923,20.957611303121322,-0.013339572120842648,0.22327724949272038,Asset Management,Financial Services,SAMG
2020Q3,2020,Q3,2020-11-05,2020-09-30,2059000.0,27182000.0,4949000.0,0.22,12040000.0,0.4429401810021338,201246000.0,69482000.0,61676000.0,30076000.0,100333000.0,0.0,19155000.0,99708506.52000001,102580506.52000001,7.289064347325458,2.0506716318659395,0.06708207865001044,0.19429492530439538,0.029530033217712397,7.289064347325458,0.0296335741630926,3.668181389154588,12.106423812530355,1.4350264315937942,0.7416221466731423,0.0,0.01531464118052663,0.13506852310108028,1.9490291262135921,0.010231259254842332,6.905977733758139,0.4429401810021338,3.3999999999999995,0.2831259311459202,0.12571814122832983,0.2602161902848621,0.13009198423127463,3.2020408163265306,2.6470154753131907,-0.06313661419549649,0.013481930141158846,0.18125323900254697,Asset Management,Financial Services,SAMG
2020Q2,2020,Q2,2020-08-03,2020-06-30,490000.0,24021000.0,1357000.0,0.05,10654000.0,0.44352857915990174,193511000.0,68915000.0,51299000.0,29496000.0,93093000.0,0.0,18627000.0,120894558.57000001,112015558.57000001,7.245236347778493,1.7391849742337944,0.14882874875330085,0.41790611623013857,0.006303323887916766,7.245236347778493,0.007110208227526663,5.03286951292619,61.680897229591835,1.754256091852282,3.1081632653061226,0.0,0.01259775475434783,0.12413247825704998,1.6113371304583672,0.0025321557947610212,11.509382956016756,0.44352857915990174,-0.9152542372881355,-0.7658502528009772,0.06517094442742033,0.262532709633424,-0.15825235047799638,-0.9114244396240058,-0.8924211193911527,-0.7752881629493319,-0.07348749059119686,0.19652060665358445,Asset Management,Financial Services,SAMG
2020Q1,2020,Q1,2020-04-30,2020-03-31,5532000.0,28365000.0,12614000.0,0.59,12657000.0,0.44621893178212585,189161000.0,69842000.0,45469000.0,27059000.0,85367000.0,0.0,19660000.0,88842331.82000001,86689331.82000001,7.436830016333086,1.6803651280535128,0.16176696041995972,0.43813178316772144,0.0701799051916968,7.436830016333086,0.07920735374130179,3.1321111165168345,4.01492822758496,1.2720473614730392,0.274765003615329,0.0,0.017108961109661244,0.14995162850693325,1.5375660593517868,0.029244928922980952,-5.810486057553957,0.44621893178212585,1.269230769230769,2.2625021055557397,0.3466710898893037,0.34186378333762224,0.23110592354829296,1.2859504132231405,2.0446536326333575,1.8208285676053249,0.11157323874919653,0.24718705375818242,Asset Management,Financial Services,SAMG
2019Q4,2019,Q4,2020-03-05,2019-12-31,2420000.0,27838000.0,4143000.0,0.26,10281000.0,0.3693153243767512,214249000.0,65036000.0,66619000.0,34727000.0,116442000.0,0.0,15648000.0,115808586.6,95376586.6,7.064699639465249,1.918363233219109,0.1512259100392534,0.4981856202718494,0.0222108070063391,7.064699639465249,0.037210160526477645,4.160090042388102,11.963696962809918,1.7806843379051602,0.5702479338842975,0.0,0.011916214855177241,0.12993292850841778,1.8281740432516487,0.011295268589351643,7.8727795105370495,0.3693153243767512,-0.13333333333333328,0.7808125538997527,0.2978953966131893,0.2629818908874179,-0.19333071792859946,-0.08782510365623822,-0.34248531979050945,0.6514015735526316,0.15277455526375505,0.20649373828281273,Asset Management,Financial Services,SAMG
2019Q3,2019,Q3,2019-10-31,2019-09-30,2653000.0,27845000.0,6301000.0,0.3,12745000.0,0.4577123361465254,203098000.0,62989000.0,55812000.0,35488000.0,107863000.0,0.0,14608000.0,109109290.2,102468290.2,7.100813309112701,1.5727006311992786,0.1683916139006785,0.5429519439902205,0.034742862631733984,7.100813309112701,0.042118465128832015,3.9184517938588614,10.28168961552959,1.7321959421486293,0.5190350546551075,0.0,0.012620373549089407,0.13710130084983604,1.44434738503156,0.013062659405804094,9.780323610613124,0.4577123361465254,0.3636363636363636,0.6702215724892593,0.33613164787134514,0.27345668189382843,0.2901103350541553,0.4232832618025751,0.4223476297968397,0.6070578446806648,0.23269385838669762,0.2154433851657498,Asset Management,Financial Services,SAMG
2019Q2,2019,Q2,2019-08-01,2019-06-30,1864000.0,23897000.0,4430000.0,0.22,9879000.0,0.4133991714441143,151285000.0,57653000.0,62437000.0,3803000.0,68757000.0,0.0,13332000.0,118896903.89999999,109947903.89999999,6.715852337682277,16.417828030502235,0.0,0.0,0.03306141488659172,6.715852337682277,0.032331361767817805,4.97539037954555,15.946473162553646,2.062284770957279,0.6936695278969958,0.0,0.010874967787954317,0.15796014145486995,15.382066789376807,0.012321115774862015,11.588392192982456,0.4133991714441143,0.09999999999999995,0.20917075266571664,0.21578285776614198,0.2106208858507871,0.0727549136714084,0.09069631363370392,0.10777694423605902,0.8824005703013376,0.1556635368246737,0.16391458070322792,Asset Management,Financial Services,SAMG
2019Q1,2019,Q1,2019-05-02,2019-03-31,1709000.0,22572000.0,3999000.0,0.2,9209000.0,0.4079833421938685,146454000.0,56590000.0,56626000.0,4903000.0,63414000.0,0.0,12761000.0,117307428.66,114781428.66,6.642753224593611,11.549255557821741,0.0,0.0,0.03006641123678162,6.642753224593611,0.030199681922601165,5.197032990430622,17.16024409888824,2.0729356540024737,0.7478057343475717,0.0,0.01089445071466116,0.15412347904461468,10.863348970018356,0.011669193057205676,-5.543043456031754,0.4079833421938685,-0.4285714285714285,0.5987039729935765,0.19215233656115488,0.21103258928956492,-0.13130836713517594,-0.4106896551724138,-0.23668639053254437,0.22724840789360182,0.09979595791601352,0.14599855034732842,Asset Management,Financial Services,SAMG
2018Q4,2018,Q4,2019-03-07,2018-12-31,2900000.0,24833000.0,5239000.0,0.35,10601000.0,0.426891636129344,133363000.0,56047000.0,81167000.0,2947000.0,50964000.0,0.0,12330000.0,111043279.62,41760279.620000005,6.677592849720265,27.542246352222598,0.0,0.0,0.07239997381387782,6.677592849720265,0.05174228772280408,4.471601482704466,9.572696518965518,1.9812528702695953,0.40827586206896554,0.0,0.01066250928513417,0.1862060691496142,26.650152697658637,0.021745161701521413,8.52866970967742,0.426891636129344,0.34615384615384603,0.0898505322073378,0.10203711458947207,0.03521771710028925,0.06190523890614044,0.34135060129509714,0.014130855594270228,2.1421499372121335,0.22410749243069258,0.15796511295788448,Asset Management,Financial Services,SAMG
2018Q3,2018,Q3,2018-11-01,2018-09-30,2162000.0,24932000.0,5166000.0,0.26,9983000.0,0.40040911278678004,120703000.0,53429000.0,70416000.0,2139000.0,42914000.0,0.0,10614000.0,116257320.19000001,58542320.19000001,6.4202678057618146,32.92005610098177,0.0,0.0,0.07230321285416336,6.4202678057618146,0.04046491605682307,4.66297610259907,13.443260891535617,2.175921694023845,0.5402405180388529,0.0,0.010046679194833761,0.20655658931426726,31.990182328190745,0.017911733759724283,7.597524519017123,0.40040911278678004,-0.07142857142857148,0.8983812947570333,0.0903648707777084,0.00513912940625386,-0.014511352418558736,-0.07488232777064613,-0.05263157894736842,0.5432818539636439,0.18272016066355848,0.11000878154608006,Asset Management,Financial Services,SAMG
2018Q2,2018,Q2,2018-08-01,2018-06-30,2337000.0,24577000.0,5453000.0,0.28,10130000.0,0.41217398380599746,108781000.0,52201000.0,58004000.0,2048000.0,33599000.0,0.0,9620000.0,135100789.6,90518789.6,6.298085322219316,28.322265625,0.0,0.0,0.0792917252494504,6.298085322219316,0.044769257293921574,5.497041526630589,14.452373727000428,2.5880881515679777,0.4976465554129226,0.0,0.008608387881694513,0.22593099897960123,27.30712890625,0.02148353113135566,9.587055747942095,0.41217398380599746,0.03703703703703707,-0.11687227437419401,1.2352113665777344,1.6330338739118127,0.01087715796826664,0.047512326311071267,0.030034000755572346,0.28158449928700413,0.25068522107674907,0.09748507097385707,Asset Management,Financial Services,SAMG
2018Q1,2018,Q1,2018-05-03,2018-03-31,2231000.0,24331000.0,5294000.0,0.27,10021000.0,0.4118614113682134,100149000.0,50779000.0,48655000.0,2800000.0,25866000.0,0.0,8446000.0,124446640.8,89801640.8,6.202182678762993,17.376785714285713,0.007478856503809324,0.014750192008507454,0.07790639276952283,6.202182678762993,0.0439354851414955,5.114735966462537,13.945163693411025,2.4507501289903306,0.5127745405647691,0.0,0.0091926948983584,0.24294800746887138,16.60607142857143,0.022276807556740455,-8.126862195520147,0.4118614113682134,28.000000000000004,-0.14295765452958575,1.3740924938463477,0.0,0.0075407198873919164,28.8875,0.027562111801242236,0.509236923584967,0.32503676915953206,0.11909029734413461,Asset Management,Financial Services,SAMG
2017Q4,2017,Q4,2018-03-09,2017-12-31,-80000.0,24471000.0,5152000.0,-0.01,9946000.0,0.4064402762453516,117360000.0,49095000.0,65697000.0,3506000.0,45241000.0,0.0,7359000.0,130598625.30000001,78256625.30000001,6.033560829525822,18.73844837421563,0.012610770279481936,0.03014563601181383,0.017631088634548847,6.033560829525822,-0.0016294938384764234,5.336873249969352,-408.1207040625,2.6601206904980144,-12.225,0.0,0.007488593373425042,0.2085122699386503,18.533371363377068,-0.0006816632583503749,8.430612955909885,0.4064402762453516,-1.0434782608695652,0.9328217782358235,1.3245450576798143,0.0,0.06522437613794581,-1.0427350427350428,-0.030850263355906696,-1.0666023235984499,0.29077317112241285,0.078641478639789,Asset Management,Financial Services,SAMG
2017Q3,2017,Q3,2017-11-01,2017-09-30,1872000.0,22845000.0,5316000.0,0.23,9337000.0,0.4087108776537536,109550000.0,50102000.0,50625000.0,2649000.0,38949000.0,0.0,8416000.0,118137910.2,80041910.2,6.170619564590876,19.110985277463193,0.013345504335919672,0.029180471837451597,0.07199990757696471,6.170619564590876,0.03736377789309808,5.171280814182534,15.776964503205129,2.357947990100196,0.5208333333333334,0.0,0.008253066254087166,0.20853491556366957,18.378633446583617,0.01708808763121862,9.187891600559963,0.4087108776537536,0.0,-0.4588693448068292,1.410850623446389,0.0,0.03046021410440349,0.007534983853606028,0.03143189755529686,0.2875764103609236,0.19763235230650425,0.10663615192763798,Asset Management,Financial Services,SAMG
2017Q2,2017,Q2,2017-08-03,2017-06-30,1858000.0,22091000.0,5154000.0,0.23,9061000.0,0.41016703634964463,101606000.0,49076000.0,41886000.0,2923000.0,33221000.0,0.0,7519000.0,109008174.64999999,82301174.64999999,6.055254132264291,14.329798152582963,0.032557132452807905,0.06740565653272475,0.06892386761054298,6.055254132264291,0.03785964626293911,4.934506117876058,14.667407783907427,2.2212114811720594,0.523681377825619,0.0,0.008925936088041816,0.2174182627010216,13.187478617858364,0.018286321673916896,9.250523985913102,0.41016703634964463,0.09523809523809533,-0.5324089336944451,1.3087417187130723,0.0,0.02141810393416751,0.1013633669235329,0.08573836107014957,0.27664875123883054,0.19045229582133943,0.09153935391368669,Asset Management,Financial Services,SAMG
2017Q1,2017,Q1,2017-05-04,2017-03-31,1687000.0,21951000.0,4747000.0,0.21,8871000.0,0.4041273746070794,95395000.0,48172000.0,34922000.0,3220000.0,27765000.0,0.0,6634000.0,107445951.9,89575951.9,5.962882627688834,10.845341614906832,0.050715446302217096,0.10043178609980902,0.06244973954259575,5.962882627688834,0.035020343768164076,4.894808979089791,15.922636618257261,2.230464832267707,0.5743924125666864,0.0,0.009018487740718688,0.23010639970648356,9.567080745341615,0.017684365008648253,-9.465769703109858,0.4041273746070794,0.3192185303265941,-0.467716887582578,1.500469263385402,0.0,0.17139838901360094,0.3118195956454121,0.42723992784125076,0.6641567555531966,0.22255718031087407,0.08708617407378592,Asset Management,Financial Services,SAMG
2016Q4,2016,Q4,2017-03-09,2016-12-31,1286000.0,21192000.0,3326000.0,0.15918515027833263,7573000.0,0.3573518308795772,112281000.0,47305000.0,50742000.0,4485000.0,46197000.0,0.0,5916000.0,106234155.45,73689155.45,5.855562623574281,11.31371237458194,0.04428175737658197,0.10510516858683014,0.04414884763922402,5.855562623574281,0.027185286967550997,5.012936742638732,20.652051992612755,2.2457278395518445,0.7542768273716952,0.0,0.009130773392899411,0.18874074865738638,10.478929765886287,0.011453407076887452,12.905023742711371,0.3573518308795772,-0.162183419587723,0.0,0.0,0.0,-0.08802986512524084,-0.14037433155080214,-0.20449653193016024,-0.49788415047042983,-0.022913536208359758,-0.09222045908829471,Asset Management,Financial Services,SAMG
2016Q3,2016,Q3,2016-11-03,2016-09-30,1496000.0,20470000.0,4181000.0,0.19,8304000.0,0.405666829506595,102550000.0,46963000.0,40812000.0,3979000.0,39114000.0,0.0,5600000.0,95418633.05999999,70555633.05999999,5.842158833374509,10.256848454385525,0.04977084349098001,0.10868130230181207,0.05905160287345929,5.842158833374509,0.031854864467772505,4.661389011235954,15.94562718248663,2.0317831710069627,0.6450534759358288,0.0,0.010113328697479877,0.19960994636762555,9.307112339783865,0.014588005850804485,7.8617972365493936,0.405666829506595,0.5833333333333334,-0.5632109868457706,1.1819299400059657,0.0,0.09913964262078094,0.6155507559395248,0.192867332382311,0.3598806057452196,-0.07322564981091785,-0.085367990668369,Asset Management,Financial Services,SAMG
2016Q2,2016,Q2,2016-08-05,2016-06-30,926000.0,19337000.0,3505000.0,0.12,7555000.0,0.39070176345865437,95585000.0,46321000.0,33216000.0,3323000.0,33570000.0,0.0,5069000.0,98260578.0,84181578.0,5.770056023891901,9.995786939512488,0.07507454098446409,0.15491893525614733,0.03869328675697122,5.770056023891901,0.019990932838237517,5.081479960697109,26.528233801295897,2.1212965609550745,1.0399568034557236,0.0,0.009800471558390386,0.20230161636239996,8.800180559735178,0.009687712507192551,13.01292252681764,0.39070176345865437,-0.25000000000000006,-0.7647279327577575,1.0402714792909586,0.0,-0.03401099603631249,-0.2915072685539403,-0.03283664459161148,-0.6387164563221961,0.8157297577620851,1.4122812232595587,Asset Management,Financial Services,SAMG
2016Q1,2016,Q1,2016-05-10,2016-03-31,1307000.0,19263000.0,3624000.0,0.16,7821000.0,0.4060115246846286,93952000.0,46347000.0,30333000.0,4752000.0,30856000.0,0.0,5106000.0,101865472.8,91691472.8,5.796476114721376,6.383207070707071,0.09506982288828338,0.1927201329104365,0.04565670766217086,5.796476114721376,0.028200315014995578,5.288141660177542,19.484596939556237,2.1978870865428184,0.7337413925019127,0.0,0.009414377351223564,0.20503022820163488,5.566077441077441,0.013911358991825613,-9.551380478199718,0.4060115246846286,0.4545454545454546,-0.5833378675555984,1.2170320674907034,0.0,-0.03384805435453984,0.4954233409610984,-0.08183430453508994,-0.48588495798215225,0.9246138810222548,0.0,Asset Management,Financial Services,SAMG
2015Q4,2015,Q4,2016-03-10,2015-12-31,874000.0,19211000.0,3947000.0,0.11,8095000.0,0.4213731716204258,108211000.0,45835000.0,44243000.0,4031000.0,46574000.0,0.0,4758000.0,94504965.97,71970965.97,5.7666615125071825,10.975688414785413,0.08342959588211919,0.1969673830042544,0.03736954111800313,5.7666615125071825,0.019068397512817716,4.919315286554578,27.03231292048055,2.061851553834406,1.097254004576659,0.0,0.01014761489152251,0.1775327831736145,10.028776978417266,0.008076812893328775,13.226727217634709,0.4213731716204258,-0.35294117647058826,0.0,0.0,0.0,-0.036997382821793955,-0.34087481146304677,-0.07542750058561724,1.751347321770402,0.8682156981645729,0.0,Asset Management,Financial Services,SAMG
2015Q3,2015,Q3,2015-11-05,2015-09-30,1326000.0,19953000.0,4269000.0,0.17,8406000.0,0.42129003157419936,101946000.0,45560000.0,36591000.0,3760000.0,42408000.0,0.0,4843000.0,85149613.3,69373613.3,5.783979291424451,9.731648936170213,0.10107311714044691,0.22616330114135205,0.050431714291332065,5.783979291424451,0.029104477611940297,4.267509311882924,16.053848661387633,1.8689555158033362,0.7164404223227753,0.0,0.0111568328167616,0.19572126419869343,8.813031914893617,0.013006885998469778,8.113350481181515,0.42129003157419936,-0.2272727272727272,-0.6048980965304567,1.1704842923348395,0.0,0.03585951940850277,-0.2295177222545032,-0.07256137301759721,-0.6048980965304567,1.1704842923348395,0.0,Asset Management,Financial Services,SAMG
2015Q2,2015,Q2,2015-08-06,2015-06-30,1721000.0,18546000.0,4603000.0,0.22,8115000.0,0.4375606599805888,96386000.0,44890000.0,30550000.0,3806000.0,37767000.0,0.0,4467000.0,109982859.64,103197859.64,5.7386523869802515,8.02679978980557,0.1280268918722636,0.2748941857874805,0.048119059990787916,5.7386523869802515,0.03833815994653598,5.930273894101154,15.976592045322487,2.4500525649365117,0.547356188262638,0.0,0.008564970969871029,0.19241383603427883,7.02706253284288,0.01785529018737161,12.754593487185435,0.4375606599805888,0.22222222222222227,-0.5512561992702398,1.0082016830936908,0.0,0.05857031046177928,0.22665716322166785,0.1123731271145481,-0.5512561992702398,1.0082016830936908,0.0,Asset Management,Financial Services,SAMG
2015Q1,2015,Q1,2015-05-07,2015-03-31,1403000.0,17428000.0,4138000.0,0.18,7666000.0,0.43986688088134035,85384000.0,43066000.0,29581000.0,3973000.0,30810000.0,0.0,3688000.0,110731192.5,100287192.5,5.5421646434449805,7.445507173420589,0.0951934788719198,0.18873357172711652,0.055290091314635324,5.5421646434449805,0.032577903682719546,6.353637393848978,19.731146204561654,2.5711975224074677,0.6642908054169636,0.0,0.008416779219640392,0.20411318279771384,6.4178202869368235,0.016431649957837535,-10.639046166410454,0.43986688088134035,0.2,-0.5397767232076081,1.063944743718082,0.0,0.11912408759124088,0.25044563279857396,0.47364672364672367,-0.5397767232076081,1.063944743718082,0.0,Asset Management,Financial Services,SAMG
2014Q4,2014,Q4,2015-03-13,2014-12-31,1122000.0,17709000.0,2808000.0,0.15,6850000.0,0.3868089671918234,99696000.0,42516000.0,41860000.0,3315000.0,46634000.0,0.0,3217000.0,118951565.35000001,92279565.35000001,5.593666615838275,12.627450980392156,0.04160648371047986,0.09756327029824066,0.03386763376786992,5.593666615838275,0.02639006491673723,6.7170119910779835,26.504359480837792,2.7978070691033965,0.8315508021390374,0.0,0.007843528559332237,0.17762999518536352,12.204524886877827,0.011254212806933077,12.993071037684327,0.3868089671918234,-0.16666666666666666,0.0,0.0,0.0,-0.12827691524560958,-0.17378497790868924,-0.3726541554959786,0.0,0.0,0.0,Asset Management,Financial Services,SAMG
2014Q3,2014,Q3,2014-11-12,2014-09-30,1358000.0,17817000.0,4476000.0,0.18,7858000.0,0.44103945669865857,96507000.0,42288000.0,38913000.0,5096000.0,46653000.0,0.0,3028000.0,103292867.82,86476867.82,5.5760148029163314,7.635989010989011,0.11529733594454289,0.26312429057888764,0.05581989838770413,5.5760148029163314,0.03211312902005297,5.79743322781613,19.015623678203237,2.4426047062996594,0.6759941089837997,0.0,0.008887351269980453,0.18461873231993534,7.054552590266876,0.014071518128218679,12.307025833432622,0.44103945669865857,0.0,-0.5797292876455502,1.0130139427207052,0.0,0.05264567983924983,0.0051813471502590676,0.05491397596040537,-0.5797292876455502,1.0130139427207052,0.0,Asset Management,Financial Services,SAMG
2014Q2,2014,Q2,2014-08-13,2014-06-30,1351000.0,17226000.0,4243000.0,0.18,7465000.0,0.4333565540462092,90274000.0,41736000.0,32280000.0,5294000.0,41000000.0,0.0,2588000.0,129478815.44000001,119204815.44000001,5.547444634546002,6.097468832640725,0.12366794425859051,0.26749089515046964,0.05432626839622404,5.547444634546002,0.03237013609354035,7.516475992104958,23.95981040710585,3.102329294613763,0.6683937823834197,0.0,0.006974113849677956,0.19081906196690077,5.522289384208538,0.014965549327602632,20.01527522646468,0.4333565540462092,0.3846153846153845,-0.6337355393550377,0.9393819700437316,0.0,0.06505920958767299,0.4311440677966102,0.11805006587615283,-0.6337355393550377,0.9393819700437316,0.0,Asset Management,Financial Services,SAMG
2014Q1,2014,Q1,2014-05-15,2014-03-31,944000.0,16720000.0,3795000.0,0.13,7009000.0,0.41919856459330146,87039000.0,41265000.0,28098000.0,6613000.0,37356000.0,0.0,2140000.0,137595194.46,129753194.46000001,5.485197742275861,4.248903674580372,0.1286549707602339,0.27136798739852175,0.043859992484499274,5.485197742275861,0.022876529746758755,8.22937765909091,36.4394053125,3.3344285583424207,0.9565677966101694,0.0,0.0065627291966399975,0.1920977952412137,3.8831090276727656,0.01084571284136996,-31.777181168591227,0.41919856459330146,-0.59375,-0.6801484531783298,1.0452779662621408,0.0,0.10412728418399496,-0.5340572556762093,1.1722953634802518,-0.6801484531783298,1.0452779662621408,0.0,Asset Management,Financial Services,SAMG
2013Q4,2013,Q4,2014-03-20,2013-12-31,2026000.0,17157000.0,1747000.0,0.32,6348000.0,0.36999475432767964,100727000.0,41222000.0,41069000.0,9587000.0,52562000.0,0.0,2099000.0,108959525.4,93140525.4,6.450423654286586,4.283821842077813,0.11221420274603632,0.2741982436563,0.02854465253411825,6.450423654286586,0.04914851292998884,6.350732960307746,13.445153677196446,2.643237237397506,0.0,0.0,0.0,0.17033168862370565,3.680296234484197,0.020113772871226187,17.46706082077589,0.36999475432767964,1.2857142857142856,0.0,0.0,0.0,-0.00015750511891636477,1.7602179836512262,-0.4518355820520866,0.0,0.0,0.0,Asset Management,Financial Services,SAMG
2013Q3,2013,Q3,2013-11-14,2013-09-30,734000.0,14737000.0,3187000.0,0.14,6349000.0,0.43082038406731354,77866000.0,34259000.0,32553000.0,8458000.0,35136000.0,0.0,734000.0,73104409.59,62786409.59,6.38744191518475,3.848782218018444,0.18926103819382015,0.4301643363787618,0.047620031854216,6.38744191518475,0.021425027000204325,4.960603215715546,24.899322067438696,2.1338745903266294,0.0,0.0,0.0,0.18926103819382015,3.6253251359659493,0.009426450568926104,14.59461161708924,0.43082038406731354,-0.5483870967741935,-0.6788034101605065,1.354327069540503,0.0,-0.2571662571662572,-0.7892621303474017,-0.4528755364806867,-0.6788034101605065,1.354327069540503,0.0,Asset Management,Financial Services,SAMG
2013Q2,2013,Q2,2013-06-30,2013-06-30,3483000.0,14472000.0,5825000.0,0.31,8547000.0,0.5905887230514096,114330000.0,26094000.0,68333000.0,55967000.0,80037000.0,0.0,0.0,135163637.49,139070637.49,2.3919499800670834,1.2209516322118392,0.08401994227236946,0.3681306047367211,0.09789915966386555,2.3919499800670834,0.13347896068061624,9.339665387645109,9.701667922049957,5.1798742044148085,0.0,0.0,0.0,0.12658094988192076,1.184841067057373,0.030464445027551825,18.00261554208844,0.5905887230514096,0.0,-0.348788309461279,0.12366472519876788,0.0,0.007425742574257425,0.0020138089758342925,0.008832698302736405,-0.348788309461279,0.12366472519876788,0.0,Asset Management,Financial Services,SAMG
2013Q1,2013,Q1,2013-03-31,2013-03-31,3476000.0,13685000.0,5774000.0,0.31,8484000.0,0.6199488491048594,45037000.0,0.0,11080000.0,14752000.0,134241000.0,0.0,0.0,129332243.95,129327243.95,0.0,0.7510845986984815,0.09658725048293625,0.0,0.796459619318599,0.0,0.0,9.450657212276216,9.301801204689298,0.0,0.0,0.0,0.0,0.3038612696227546,0.6077819956616052,0.07718098452383595,17.579481303520456,0.6199488491048594,3.11818446875,-0.18955467474935883,0.15193602693602695,0.0,-0.10231721510951222,3.1725,0.4489335006273526,-0.18955467474935883,0.15193602693602695,0.0,Asset Management,Financial Services,SAMG
2012Q4,2012,Q4,2012-12-31,2012-12-31,-1600000.0,14144000.0,3985000.0,-0.14635174819449964,9451000.0,0.6681985294117647,52454000.0,0.0,20159000.0,4513000.0,112924000.0,0.0,0.0,129332243.95,119204243.95,0.0,4.466873476623089,0.0631982308308232,0.0,-0.3254998446779679,0.0,0.0,9.14396521139706,-20.2081631171875,0.0,0.0,0.0,0.0,0.269645784878179,4.591181032572568,-0.03050291684142296,20.646909953703705,0.6681985294117647,-1.3509440682995895,0.0,0.0,0.0,0.18970292044310172,-1.34349506225848,-0.19299311462130417,0.0,0.0,0.0,Asset Management,Financial Services,SAMG
2012Q3,2012,Q3,2012-09-30,2012-09-30,4658000.0,12759000.0,4938000.0,0.417023,7944000.0,0.6226193275335058,,,,,,,,129332243.95,,,0.0,0.0,0.0,0.0,,0.0,10.13655019594012,6.94140424806784,0.0,0.0,0.0,0.0,0.0,0.0,0.0,21.747476702539096,0.6226193275335058,-0.1309703420912244,0.0,0.0,0.0,-0.016222910216718265,-0.13097014925373135,-0.09094256259204712,0.0,0.0,0.0,Asset Management,Financial Services,SAMG
2012Q2,2012,Q2,2012-06-30,2012-06-30,5360000.0,12907000.0,5432000.0,0.479872,8075000.0,0.6256295033702642,40419000.0,0.0,10325000.0,3525000.0,103833000.0,0.0,0.0,129332243.95,131178243.95,0.0,2.9290780141843973,0.10920606645389544,0.0,1.174149416037168,0.0,0.0,10.020317963120787,6.032287497667911,0.0,0.0,0.0,0.0,0.31933001806081296,2.334468085106383,0.13261090081397361,34.1156011474545,0.6256295033702642,0.24970897452257496,0.0,0.0,0.0,0.13540494938132733,0.2497085567731406,0.1948966124065112,0.0,0.0,0.0,Asset Management,Financial Services,SAMG
2012Q1,2012,Q1,2012-03-31,2012-03-31,4289000.0,11880000.0,4546000.0,0.383987,7112000.0,0.5986531986531987,,,,,,,,129332243.95,,,0.0,0.0,0.0,0.0,,0.0,10.886552521043772,7.538601302751224,0.0,0.0,0.0,0.0,0.0,0.0,0.0,28.759671770068934,0.5986531986531987,0.0,0.0,0.0,0.0,0.0,0.0,0.0,0.0,0.0,0.0,Asset Management,Financial Services,SAMG
2011Q4,2011,Q4,2011-12-31,2011-12-31,,,,,,,45262000.0,-55666000.0,14494000.0,15751000.0,100928000.0,0.0,0.0,0.0,-2545000.0,0.0,0.9201955431401181,0.0,0.0,,0.0,,0.0,0.0,0.0,0.0,0.0,,,0.8102977588724526,,0.0,0.0,0.0,0.0,0.0,0.0,0.0,0.0,0.0,0.0,0.0,0.0,Asset Management,Financial Services,SAMG
