Quarters,Year,Quarter,FillingDate,Date,NetIncome,Revenue,OperatingIncome,EPSDiluted,GrossProfit,GrossProfitRatio,TotalAssets,CommonStockEquity,CurrentAssets,CurrentLiability,TotalLiability,Inventory,RetainedEarnings,MarketCap,EnterpriseValue,bookValuePerShare,currentRatio,debtToAssets,debtToEquity,roic,shareholdersEquityPerShare,roe,priceToSalesRatio,peRatio,pbRatio,payoutRatio,inventoryTurnover,dividendYield,assetTurnover,quickRatio,returnOnAssets,priceToFreeCashFlowsRatio,grossProfitMargin,epsdilutedGrowth,fiveYNetIncomeGrowthPerShare,fiveYRevenueGrowthPerShare,fiveYShareholdersEquityGrowthPerShare,grossProfitGrowth,netIncomeGrowth,operatingIncomeGrowth,threeYNetIncomeGrowthPerShare,threeYRevenueGrowthPerShare,threeYShareholdersEquityGrowthPerShare,Industry,Sector,Symbol
2023Q1,2023,Q1,2023-05-11,2023-03-31,-44000.0,2045000.0,-138000.0,-0.0128,1022000.0,0.4997555012,14187000.0,13366000.0,12929000.0,821000.0,821000.0,1779000.0,10864000.0,16008858.07,10472858.07,3.8990426254681636,15.74786845310597,0.0002819482624938324,0.0002992667963489451,-0.010089227855042121,3.8990426254681636,-0.003291934759838396,7.828292454767726,-90.95942085227273,1.197729916953464,0.0,0.5750421585160203,0.0,0.14414604919997182,13.319123020706456,-0.003101430887432156,-107.44200046979866,0.4997555012224939,-1.1626429479034308,0.7842433183333579,0.1804265685218428,0.058465071528004876,-0.07427536231884058,-1.1623616236162362,-1.6188340807174888,0.5210675857509701,0.053360370038212264,0.03407647540984799,Scientific & Technical Instruments,Technology,ELSE
2022Q4,2022,Q4,2023-03-17,2022-12-31,271000.0,2114000.0,223000.0,0.0787,1104000.0,0.5222327342,14044000.0,13414000.0,12813000.0,630000.0,630000.0,1745000.0,10908000.0,15347754.919999998,7707754.919999998,3.9504983182256863,20.33809523809524,0.0004272287097692965,0.0004472938720739526,0.01557505784623854,3.9504983182256863,0.020202773222006858,7.260054361400188,14.15844549815498,1.144159454301476,0.0,0.5787965616045845,0.0,0.15052691540871546,17.228571428571428,0.019296496724579892,852.653051111111,0.522232734153264,0.9675000000000001,66.75,0.15204359673024523,0.05563862438026285,-0.05073086844368014,1.221311475409836,0.8739495798319328,1.8229166666666665,0.08912931478619272,0.040570940966565834,Scientific & Technical Instruments,Technology,ELSE
2022Q3,2022,Q3,2022-11-14,2022-09-30,122000.0,2216000.0,119000.0,0.04,1163000.0,0.5248194946,13953000.0,13052000.0,12775000.0,900000.0,901000.0,1790000.0,10637000.0,17213512.799999997,7703512.799999997,3.8367020588615706,14.194444444444445,0.0005733534007023579,0.0006129328838492185,0.007214013412360519,3.8367020588615706,0.009347226478700583,7.767830685920576,35.27359180327869,1.3188410052099295,0.0,0.588268156424581,0.0,0.15881889199455315,12.011111111111111,0.008743639360710959,291.7544542372881,0.5248194945848376,1.4784688995215312,-0.19886874858050638,0.07685380655949567,0.028305502534351528,-0.17400568181818182,1.4295774647887325,1.326027397260274,5.409050011355949,0.07948156108989961,0.015085118560674666,Scientific & Technical Instruments,Technology,ELSE
2022Q2,2022,Q2,2022-08-02,2022-06-30,-284000.0,2564000.0,-365000.0,-0.0836,1408000.0,0.5491419657,13996000.0,12899000.0,12776000.0,1094000.0,1097000.0,1720000.0,10515000.0,20508946.84,14088946.84,3.798827926553834,11.678244972577696,0.0006430408688196628,0.0006977285060857431,-0.022416433585638947,3.798827926553834,-0.022017210636483448,7.998809219968798,-18.053650387323945,1.589964093340569,0.0,0.672093023255814,0.0,0.18319519862817948,9.949725776965265,-0.02029151186053158,-113.93859355555556,0.5491419656786272,-29.962962962962962,-2.273542600896861,0.11429813124728379,0.032085133621379415,0.20754716981132076,-30.555555555555557,-25.071428571428573,-3.7572815533980584,0.13451327433628327,0.006947697111631548,Scientific & Technical Instruments,Technology,ELSE
2022Q1,2022,Q1,2022-05-13,2022-03-31,-9000.0,2135000.0,-14000.0,-0.0027,1166000.0,0.5461358314,14016000.0,13180000.0,12784000.0,831000.0,836000.0,1758000.0,10799000.0,17391519.0099,9798519.0099,3.881584004339835,15.38387484957882,0.0007848173515981735,0.000834597875569044,-0.0007341544987356228,3.881584004339835,-0.0006828528072837632,8.145910543278688,-483.09775027500007,1.3195386198710166,0.0,0.5511945392491467,0.0,0.15232591324200914,13.01684717208183,-0.0006421232876712328,-159.55522027431192,0.546135831381733,-1.0513307984790874,0.8928571428571428,0.29393939393939406,0.07565494164694365,0.053297199638663056,-1.0497237569060773,-1.0828402366863905,0.7096774193548387,0.06324701195219128,0.03795873365884391,Scientific & Technical Instruments,Technology,ELSE
2021Q4,2021,Q4,2022-03-31,2021-12-31,181000.0,2090000.0,169000.0,0.0526,1107000.0,0.5296650718,13891000.0,13188000.0,12628000.0,697000.0,6000.0,1663000.0,10808000.0,21338812.172399998,14625812.172399998,3.8839400492590093,18.11764705882353,0.0,0.0,0.013724598119502577,3.8839400492590093,0.013724598119502577,10.20995797722488,29.473497475690607,1.6180476321201092,0.0,0.5911004209260373,0.0,0.15045713051616155,11.077474892395983,0.013030019437045568,263.4421255851852,0.529665071770335,9.641837070588236,0.4140624999999999,0.37049180327868847,0.07045454545454546,-0.08056478405315615,9.647058823529411,7.45,2.770833333333333,0.1279007015650297,0.03638506876227906,Scientific & Technical Instruments,Technology,ELSE
2021Q3,2021,Q3,2021-11-05,2021-09-30,17000.0,2154000.0,20000.0,0.00494275562114883,1204000.0,0.5589600742804085,13909000.0,13006000.0,12670000.0,895000.0,903000.0,1477000.0,10627000.0,17079470.630000003,12473470.630000003,3.830340027347791,14.156424581005586,0.0010065425264217413,0.001076426264800861,0.0012421724866101113,3.830340027347791,0.001307089035829617,7.929187850510679,251.16868573529413,1.313199341073351,0.0,0.6431956668923493,0.0,0.15486375727945934,12.27486033519553,0.0012222302106549717,210.85766209876547,0.5589600742804085,-0.9176207396475194,-0.26086956521739135,0.17256396298312462,0.06729033316921046,-0.125,-0.9205607476635514,-0.9261992619926199,-0.9090909090909092,0.0037278657968313113,0.0270867882808181,Scientific & Technical Instruments,Technology,ELSE
2021Q2,2021,Q2,2021-08-12,2021-06-30,214000.0,2462000.0,271000.0,0.06,1376000.0,0.5588952071486596,14018000.0,12988000.0,12694000.0,1021000.0,1030000.0,1525000.0,10610000.0,16604097.69,15079097.69,3.825038926279649,12.432908912830559,0.0010700527892709374,0.001154912226670773,0.01643877707789215,3.825038926279649,0.016476747767169696,6.744150158407798,19.397310385514018,1.2784183623344625,0.0,0.7121311475409836,0.0,0.17563133114566987,10.766895200783546,0.015266086460265373,33.408647263581486,0.5588952071486596,102.86757215619694,0.5285714285714286,0.2254853160776507,0.06958741661862804,0.3898989898989899,108.0,68.75,5.976744186046512,0.38314606741573054,0.04112224448897794,Scientific & Technical Instruments,Technology,ELSE
2021Q1,2021,Q1,2021-05-13,2021-03-31,-2000.0,1901000.0,-4000.0,-0.000589,990000.0,0.5207785376117833,13469000.0,12773000.0,12089000.0,685000.0,696000.0,1568000.0,10396000.0,16298500.799999999,15270500.799999999,3.7617202190768366,17.64817518248175,0.0012621575469596853,0.0013309324356063571,-0.00031232919497149996,3.7617202190768366,-0.00015658028654192438,8.573645870594424,-2037.3126,1.2760119627338917,0.0,0.5809948979591837,0.0,0.14113891157472716,15.058394160583942,-0.00014848912317172767,-362.18890666666664,0.5207785376117833,0.6000076262,0.9775280898876405,0.10780885780885785,0.06619365609348912,0.17717003567181927,0.6,0.8571428571428571,0.9900990099009901,0.10780885780885785,0.021186440677966104,Scientific & Technical Instruments,Technology,ELSE
2020Q4,2020,Q4,2021-03-25,2020-12-31,-5000.0,1707000.0,-28000.0,-0.0014725280744840041,841000.0,0.4926772114821324,13319000.0,12774000.0,11856000.0,533000.0,545000.0,1572000.0,10398000.0,16332456.009999998,15260456.009999998,3.7620147246917335,22.24390243902439,0.0004504842705908852,0.0004697040864255519,-0.00040515589820168667,3.7620147246917335,-0.00039142007202129324,9.567929707088458,-816.6228004999999,1.2785702215437607,0.0,0.5508905852417303,0.0,0.12816277498310685,18.975609756097562,-0.00037540355882573765,583.3020003571428,0.4926772114821324,0.8527471925515995,0.8333333333333334,0.08656906429026104,0.060963455149501584,-0.15221774193548387,0.8913043478260869,0.48148148148148145,-2.25,-0.06975476839237052,0.005272684347210121,Scientific & Technical Instruments,Technology,ELSE
2020Q3,2020,Q3,2020-11-12,2020-09-30,-46000.0,1899000.0,-54000.0,-0.01,992000.0,0.5223802001053186,13551000.0,12777000.0,12020000.0,760000.0,774000.0,1659000.0,10403000.0,11754614.597800002,4712614.5978000015,3.762898241536424,15.81578947368421,0.00044277175116227583,0.00046959380136182204,-0.0035929079122080762,3.762898241536424,-0.003600219143773969,6.189897102580306,-63.88377498804348,0.9199823587540111,0.0,0.5467148884870404,0.0,0.1401372592428603,13.375,-0.0033945834255774483,235.09229195600003,0.5223802001053186,-2.886400555555556,-1.235897435897436,-0.10928705440900564,0.05998008959681434,-0.0965391621129326,-3.5555555555555554,-3.8421052631578947,-1.3026315789473684,-0.07546251217137297,0.008524745441629228,Scientific & Technical Instruments,Technology,ELSE
2020Q2,2020,Q2,2020-08-13,2020-06-30,18000.0,2092000.0,19000.0,0.005301101068142414,1098000.0,0.5248565965583174,13619000.0,12822000.0,12015000.0,782000.0,797000.0,1735000.0,10449000.0,11816413.08,9575413.08,3.77615099420678,15.364450127877237,0.000440560980982451,0.0004679457182966776,0.0014008872285780996,3.77615099420678,0.0014038371548900327,5.648381013384321,164.11684833333334,0.9215733177351427,0.0,0.5729106628242074,0.0,0.15360892870254791,12.937340153452686,0.001321682942947353,72.94082148148148,0.5248565965583174,1.1767033689380804,-0.9637096774193549,0.021484374999999983,0.08266486532128682,0.0990990990990991,1.1978021978021978,1.1347517730496455,-0.9192825112107624,-0.09083007388092135,0.025924147863658105,Scientific & Technical Instruments,Technology,ELSE
2020Q1,2020,Q1,2020-05-11,2020-03-31,-91000.0,1923000.0,-141000.0,-0.03,999000.0,0.5195007800312013,13434000.0,12803000.0,11765000.0,615000.0,631000.0,1721000.0,10431000.0,10118652.58,2290652.58,3.770555387523741,19.130081300813007,0.00044662795891022776,0.00046864016246192297,-0.00909090909090909,3.770555387523741,-0.007107709130672498,5.26190981799272,-27.798496098901097,0.7903344981644926,0.0,0.536897152818129,0.0,0.143144260830728,16.0,-0.006773857376805121,153.31291787878789,0.5195007800312013,-2.0611003125,-1.1645569620253164,0.02015915119363394,0.09774500557318014,0.00909090909090909,-1.9479166666666667,-8.4,-0.08333333333333341,0.16545454545454547,0.04488696645719422,Scientific & Technical Instruments,Technology,ELSE
2019Q4,2019,Q4,2020-03-25,2019-12-31,96000.0,1941000.0,-15000.0,0.02827253903009288,990000.0,0.5100463678516228,13475000.0,12891000.0,11720000.0,565000.0,584000.0,1695000.0,10522000.0,12325741.23,3564741.2300000004,3.7964718816346594,20.743362831858406,0.00037105751391465676,0.0003878675044604763,-0.001592215833701902,3.7964718816346594,0.007447056085641145,6.350201561051005,32.098284453125,0.9561508983011403,0.0,0.5610619469026549,0.0,0.14404452690166977,17.461946902654866,0.00712430426716141,-152.16964481481483,0.5100463678516228,4.057113520397824,-0.4636871508379888,0.16787003610108303,0.11803989592367743,-0.0782122905027933,4.052631578947368,0.16666666666666666,-0.25,0.27278688524590156,0.04634740259740261,Scientific & Technical Instruments,Technology,ELSE
2019Q3,2019,Q3,2019-11-12,2019-09-30,19000.0,2049000.0,-18000.0,0.005590647494080534,1074000.0,0.5241581259150805,13595000.0,12834000.0,11781000.0,741000.0,761000.0,1719000.0,10426000.0,13055778.245000001,9963778.245000001,3.7796850615855417,15.898785425101215,0.0003677822728944465,0.00038959015116097863,-0.0010634328358208956,3.7796850615855417,0.001480442574411719,6.3717805002440215,171.78655585526315,1.0172805239987532,0.0,0.5671902268760908,0.0,0.15071717543214416,13.317139001349528,0.0013975726369988967,146.69413758426967,0.5241581259150805,-0.8136450835306489,-0.9392971246006391,0.0688575899843505,0.13254500529474056,-0.13036437246963561,-0.8155339805825242,-1.2045454545454546,-0.17391304347826086,0.11540555253130096,0.05317577548005904,Scientific & Technical Instruments,Technology,ELSE
2019Q2,2019,Q2,2019-08-12,2019-06-30,103000.0,2260000.0,88000.0,0.03,1235000.0,0.5464601769911505,13664000.0,12810000.0,11939000.0,833000.0,854000.0,1712000.0,10407000.0,11137308.879999999,10138308.879999999,3.7726169268280185,14.332533013205282,0.0003659250585480094,0.00039032006245121,0.005388275032680982,3.7726169268280185,0.008040593286494925,4.928012778761062,27.032303106796114,0.8694230195160031,0.0,0.5987149532710281,0.0,0.16539812646370022,12.091236494597839,0.007538056206088993,253.12065636363633,0.5464601769911505,4.0,-0.4900990099009901,0.2840909090909091,0.14059300151366763,0.15745079662605435,4.32258064516129,2.0232558139534884,-0.2642857142857143,0.12493777999004481,0.054928765543934784,Scientific & Technical Instruments,Technology,ELSE
2019Q1,2019,Q1,2019-05-13,2019-03-31,-31000.0,2008000.0,-86000.0,-0.01,1067000.0,0.5313745019920318,13350000.0,12698000.0,11578000.0,629000.0,652000.0,1638000.0,10304000.0,11488405.7514,10562405.7514,3.739632297959577,18.406995230524643,0.0003745318352059925,0.000393762797290912,-0.005235252533186709,3.739632297959577,-0.002441329343203654,5.721317605278884,-92.64843347903225,0.904741357016853,0.0,0.5744810744810744,0.0,0.1504119850187266,15.537360890302066,-0.0023220973782771535,-73.17455892611464,0.5313745019920318,-1.7074002083333333,-1.0774995891646673,0.17978222995831683,0.12470617241971983,0.10684647302904564,-1.6458333333333333,-8.166666666666666,0.6516853932584269,0.17016317016317026,0.059933222036727934,Scientific & Technical Instruments,Technology,ELSE
2018Q4,2018,Q4,2019-03-20,2018-12-31,48000.0,1853000.0,12000.0,0.01413626951504644,964000.0,0.5202374527792768,13275000.0,12725000.0,11468000.0,526000.0,550000.0,1618000.0,10335000.0,11544771.4,10516771.4,3.74758394956179,21.802281368821294,0.0003766478342749529,0.0003929273084479371,0.0009213184450831825,3.74758394956179,0.0037721021611001964,6.23031376146789,60.12901770833333,0.9072511905697446,0.0,0.5494437577255872,0.0,0.13958568738229754,18.431558935361217,0.003615819209039548,74.96604805194805,0.5202374527792768,-0.7643955080825593,-0.7109136290503006,0.07207742008325621,0.12953105240536367,-0.19330543933054392,-0.7433155080213903,-0.9396984924623115,2.6,0.17950350095480586,0.056893687707641104,Scientific & Technical Instruments,Technology,ELSE
2018Q3,2018,Q3,2018-11-13,2018-09-30,187000.0,2146000.0,199000.0,0.06,1195000.0,0.5568499534016775,13281000.0,12663000.0,11438000.0,618000.0,618000.0,1604000.0,10287000.0,12292125.5721,11439125.5721,3.7293246014381887,18.508090614886733,0.0,0.0,0.012399658662017754,3.7293246014381887,0.01476743267788044,5.727924311323393,16.43332295735294,0.9707119617863066,0.0,0.5928927680798005,0.0,0.16158421805586928,15.635922330097088,0.014080265040283112,236.38703023269233,0.5568499534016775,6.999999999999999,0.7976400494832867,0.25613500733846944,0.14725177228851957,0.2294238683127572,5.348837209302325,3.6533333333333333,-0.041025641025641,0.0065666041275797326,0.050522648083623674,Scientific & Technical Instruments,Technology,ELSE
2018Q2,2018,Q2,2018-08-14,2018-06-30,-43000.0,1780000.0,-75000.0,-0.01,972000.0,0.5460674157303371,13092000.0,12475000.0,11167000.0,617000.0,617000.0,1640000.0,10100000.0,13683949.63,12925949.63,3.6739575458375904,18.098865478119937,0.0,0.0,-0.0053857715430861725,3.6739575458375904,-0.0034468937875751504,7.687612151685394,-79.55784668604652,1.09690978997996,0.0,0.4926829268292683,0.0,0.13596089214787657,15.238249594813615,-0.0032844485181790406,104.45763076335878,0.5460674157303371,0.8333333333333333,-1.1591755378575133,0.13244065392093454,0.15245789682786579,0.0611353711790393,0.7871287128712872,0.7330960854092526,-1.0866935483870968,-0.13085937500000008,0.05336485687748046,Scientific & Technical Instruments,Technology,ELSE
2018Q1,2018,Q1,2018-05-10,2018-03-31,-202000.0,1716000.0,-281000.0,-0.06,916000.0,0.5337995337995338,13036000.0,12508000.0,11074000.0,528000.0,528000.0,1579000.0,10143000.0,13989546.52,13388546.52,3.6836762311291844,20.973484848484848,0.0,0.0,-0.017726779860889032,3.6836762311291844,-0.01614966421490246,8.152416386946387,-17.313795198019804,1.118447914934442,0.0,0.506649778340722,0.0,0.13163547100337528,17.65909090909091,-0.015495550782448604,-58.53366744769874,0.5337995337995338,-51.932815,-2.216198743431119,0.1180293197710469,0.14165536622399205,-0.027600849256900213,-51.5,-55.2,-1.3652802893309224,-0.08965517241379314,0.0724513418502957,Scientific & Technical Instruments,Technology,ELSE
2017Q4,2017,Q4,2018-03-20,2017-12-31,4000.0,1835000.0,-5000.0,0.0011780224595872033,942000.0,0.5133514986376022,13415000.0,12707000.0,11359000.0,708000.0,708000.0,1552000.0,10352000.0,13751860.049999999,12788860.049999999,3.742282848493648,16.043785310734464,0.0,0.0,-0.00012107197123329964,3.742282848493648,0.00031478712520657907,7.49420166212534,859.491253125,1.0822271228456755,0.0,0.5753865979381443,0.0,0.1367871785314946,13.652542372881356,0.0002981736861721953,259.46905754716977,0.5133514986376022,-0.9705494385103199,-0.9941325486333717,0.2269365107992782,0.12840689784030623,-0.1693121693121693,-0.9736842105263158,-1.0225225225225225,-0.9776536312849162,0.10409145607701568,0.10208152645273208,Scientific & Technical Instruments,Technology,ELSE
2017Q3,2017,Q3,2017-11-13,2017-09-30,152000.0,2054000.0,222000.0,0.04,1134000.0,0.5520934761441091,13456000.0,12669000.0,11352000.0,787000.0,787000.0,1528000.0,10348000.0,11952233.92,10767233.92,3.7310916351275694,14.424396442185515,0.0,0.0,0.011382518604872383,3.7310916351275694,0.011997789880811429,5.819003855890944,19.65827947368421,0.9434236261741259,0.0,0.6020942408376964,0.0,0.15264565992865636,12.257941550190598,0.011296076099881093,43.621291678832115,0.5520934761441091,-0.3333333333333333,0.054429906011150976,0.3093871119821404,0.1878627479997374,-0.14350453172205438,-0.3183856502242152,-0.3392857142857143,-0.5143769968051118,0.07146583202921236,0.11798446876103064,Scientific & Technical Instruments,Technology,ELSE
2017Q2,2017,Q2,2017-08-10,2017-06-30,223000.0,2301000.0,336000.0,0.06,1324000.0,0.5754019991308127,13423000.0,12498000.0,11241000.0,925000.0,925000.0,1478000.0,10196000.0,12257830.809999999,11362830.809999999,3.6807311749802167,12.152432432432432,0.0,0.0,0.017478714961740815,3.6807311749802167,0.017842854856777085,5.327175493263797,13.741962791479821,0.9807833901424227,0.0,0.6610284167794317,0.0,0.1714221858004917,10.424864864864865,0.01661327572077777,58.3706229047619,0.5754019991308127,4.0,0.2168795867428976,0.28010619189942065,0.21654820715033582,0.4727474972191324,3.6547619047619047,3.3496503496503496,0.10396039603960389,0.30738636363636374,0.11281275042293662,Scientific & Technical Instruments,Technology,ELSE
2017Q1,2017,Q1,2017-05-11,2017-03-31,-84000.0,1650000.0,-143000.0,-0.02,899000.0,0.5448484848484848,12960000.0,12253000.0,10725000.0,707000.0,707000.0,1550000.0,9973000.0,13514173.58,12844173.58,3.6085772993305003,15.16973125884017,0.0,0.0,-0.007426752632008488,3.6085772993305003,-0.0068554639680078345,8.19040823030303,-40.22075470238095,1.1029277385130172,0.0,0.48451612903225805,0.0,0.12731481481481483,12.728429985855728,-0.006481481481481481,-73.84794306010929,0.5448484848484848,-1.5305501562500001,-2.0754000751170554,0.003451001011868478,0.14149375984780438,0.16149870801033592,-1.65625,-2.7439024390243905,-1.2099988867687756,-0.030557430562140123,0.0852909694958912,Scientific & Technical Instruments,Technology,ELSE
2016Q4,2016,Q4,2017-03-29,2016-12-31,128000.0,1525000.0,82000.0,0.037696718706790505,774000.0,0.5075409836065574,13058000.0,12320000.0,10792000.0,543000.0,738000.0,1515000.0,10057000.0,11748502.66,10908502.66,3.628309175528586,19.87476979742173,0.0,0.0,0.009792506344230482,3.628309175528586,0.01038961038961039,7.7039361704918035,22.9462942578125,0.9536122288961039,0.0,0.4957095709570957,0.0,0.11678664420278756,16.76427255985267,0.009802419972430693,301.24365794871795,0.5075409836065574,5.069206130536439,-0.41388415487624464,0.0697811221417804,0.18490950190858424,-0.2275449101796407,4.565217391304348,1.8275862068965518,-0.2291030108008018,-0.11769127597033688,0.09358134111073331,Scientific & Technical Instruments,Technology,ELSE
2016Q3,2016,Q3,2016-11-10,2016-09-30,23000.0,1837000.0,29000.0,0.006211144900339479,1002000.0,0.5454545454545454,13138000.0,12186000.0,10783000.0,569000.0,952000.0,1517000.0,9929000.0,11903338.4176,11111338.4176,3.588845423132415,18.95079086115993,0.0,0.0,0.0015638554781833955,3.588845423132415,0.0018874117840144429,6.479770504953729,129.3841132347826,0.9768043999343508,0.0,0.5504284772577456,0.0,0.1398234130004567,15.956063268892795,0.0017506469782310853,69.61016618479532,0.5454545454545454,-0.844721377491513,-0.8054300286380753,0.12361877696715018,0.2441866722695979,-0.1465076660988075,-0.8357142857142857,-0.8599033816425121,-0.7788998869619488,0.07526561438992002,0.10403617603315964,Scientific & Technical Instruments,Technology,ELSE
2016Q2,2016,Q2,2016-08-12,2016-06-30,140000.0,2009000.0,207000.0,0.04,1174000.0,0.5843703334992534,13153000.0,12143000.0,10746000.0,627000.0,1010000.0,1517000.0,9906000.0,10729846.360000001,10169846.360000001,3.5761816816918524,17.138755980861244,0.0,0.0,0.010997973078874594,3.5761816816918524,0.011529276126163222,5.340889178695869,19.16043992857143,0.8836240105410524,0.0,0.5504284772577456,0.0,0.15274081958488558,14.486443381180223,0.010643959552953698,223.53846583333336,0.5843703334992534,2.3333333333333335,0.18389694811268803,0.20257510632226428,0.1373160688339857,0.2569593147751606,2.5730337078651684,2.3986486486486487,-0.48175406278949157,0.2781310526557065,0.12178727384214617,Scientific & Technical Instruments,Technology,ELSE
2016Q1,2016,Q1,2016-05-12,2016-03-31,-89000.0,1716000.0,-148000.0,-0.03,934000.0,0.5442890442890443,12986000.0,11980000.0,10494000.0,551000.0,1006000.0,1495000.0,9766000.0,11621510.1746,11116510.1746,3.5281772664636737,19.045372050816695,0.0,0.0,-0.008144438261299696,3.5281772664636737,-0.007429048414023373,6.772441826689977,-32.644691501685394,0.9700759745075126,0.0,0.5230769230769231,0.0,0.1321423070999538,16.02722323049002,-0.006853534575696905,-166.02157392285713,0.5442890442890443,-2.3955209999999996,-1.9435310203108804,0.07754244599892574,0.11138799147365351,0.13075060532687652,-1.9666666666666666,0.0975609756097561,-1.5358499414127205,0.1180293197710469,0.09346268686947753,Scientific & Technical Instruments,Technology,ELSE
2015Q4,2015,Q4,2016-03-14,2015-12-31,-30000.0,1571000.0,-164000.0,-0.008835168446904025,826000.0,0.5257797581158498,13421000.0,12040000.0,10878000.0,926000.0,1381000.0,1564000.0,9855000.0,12155965.18,11976965.18,3.545847603357482,11.74730021598272,0.029058937486029356,0.03239202657807309,-0.002370159118609121,3.545847603357482,-0.0024916943521594683,7.737724493952896,-101.29970983333332,1.0096316594684385,0.0,0.47634271099744246,0.0,0.1170553610014157,9.859611231101512,-0.00223530288354072,-94.96847796875,0.5257797581158498,-1.1767033689380806,-1.1688110177884936,0.1313755913085812,0.18319284258741278,-0.3184818481848185,-1.1538461538461537,-1.5578231292517006,-1.0440058852497118,0.05041812450445016,0.06917596993761603,Scientific & Technical Instruments,Technology,ELSE
2015Q3,2015,Q3,2015-11-10,2015-09-30,195000.0,2132000.0,294000.0,0.05,1212000.0,0.5684803001876173,13744000.0,12054000.0,11237000.0,1235000.0,1690000.0,1558000.0,9885000.0,12565804.5647,10520804.5647,3.549970681966037,9.098785425101214,0.028376018626309663,0.03235440517670483,0.01540815898704457,3.549970681966037,0.016177202588352414,5.893904580065666,16.110005852179487,1.042459313481002,0.0,0.5905006418485238,0.0,0.15512223515715948,7.68582995951417,0.014188009313154832,176.9831628830986,0.5684803001876173,-0.6428571428571429,0.46027876665911144,0.36030751477123796,0.18749784863429847,0.0763765541740675,-0.6068548387096774,1.31496062992126,0.35272257679062125,0.3591106731966521,0.13019950780557546,Scientific & Technical Instruments,Technology,ELSE
2015Q2,2015,Q2,2015-08-11,2015-06-30,496000.0,2048000.0,127000.0,0.14,1126000.0,0.5498046875,13677000.0,11843000.0,11097000.0,1379000.0,1834000.0,1458000.0,9690000.0,13921636.1,11952636.1,3.487829997222812,8.04713560551124,0.028515025224830008,0.03293084522502744,0.006739987066141153,3.487829997222812,0.04188128008106054,6.797673876953125,7.016953679435483,1.1755160094570631,0.0,0.6323731138545954,0.0,0.14974044015500476,6.895576504713561,0.03626526285004021,-121.0577052173913,0.5498046875,-0.06666666666666654,2.382021472259147,0.19930203555178239,0.18550798002134727,0.060263653483992465,-0.10307414104882459,2.8484848484848486,1.7066021301546066,0.1393557066536347,0.15279087992330181,Scientific & Technical Instruments,Technology,ELSE
2015Q1,2015,Q1,2015-05-14,2015-03-31,553000.0,1885000.0,33000.0,0.15,1062000.0,0.563395225464191,13534000.0,11663000.0,10966000.0,1236000.0,1871000.0,1346000.0,9194000.0,13597024.2924,12356024.2924,3.434818986541388,8.872168284789645,0.028816314467267623,0.03343908085398268,0.0017854515199378842,3.434818986541388,0.04741490182628826,7.21327548668435,6.146936841048825,1.1658256274028982,0.0,0.611441307578009,0.0,0.13927885325846018,7.638349514563107,0.04086005615486922,-66.65207986470588,0.563395225464191,1.8454086592178773,6.75343959640685,0.20517570231749382,0.14306900414227372,0.11437565582371459,2.089385474860335,5.714285714285714,6.079717161187281,0.14636674964083157,0.08652915376682799,Scientific & Technical Instruments,Technology,ELSE
2014Q4,2014,Q4,2015-03-18,2014-12-31,179000.0,1662000.0,-7000.0,0.05271650506652734,953000.0,0.5734055354993983,13764000.0,11530000.0,11113000.0,981000.0,2234000.0,1224000.0,8641000.0,13276487.110000001,12857487.110000001,3.3956497397601133,11.328236493374108,0.056015693112467305,0.06686903729401561,-0.0006929363079269592,3.3956497397601133,0.015524718126626192,7.988259392298437,18.542579762569833,1.1514732966175196,0.0,0.579248366013072,0.0,0.12074978204010461,9.914373088685016,0.013004940424295263,91.56198006896552,0.5734055354993983,-0.41426105481636283,-0.15377533128691204,0.0006041713929958575,0.16624809839858617,-0.16913687881429817,-0.4281150159744409,-1.031111111111111,-0.18035362283474843,0.1658860491800911,0.10892910365308243,Scientific & Technical Instruments,Technology,ELSE
2014Q3,2014,Q3,2014-11-12,2014-09-30,313000.0,1917000.0,225000.0,0.09,1147000.0,0.5983307250912885,13739000.0,11332000.0,11000000.0,1093000.0,2407000.0,1265000.0,8462000.0,12697550.7795,12581550.7795,3.337337628010547,10.064043915827996,0.05611762136982313,0.06803741616660784,0.012097308222235927,3.337337628010547,0.027620896576067772,6.623657161971831,10.141813721645367,1.1205039515972468,0.0,0.6086956521739131,0.0,0.13952980566271198,8.7419945105215,0.022781861853118857,-6348.77538975,0.5983307250912885,0.7999999999999998,0.9421210710374051,0.11230540761170035,0.13902552718544803,0.12893700787401574,0.5495049504950495,1.0833333333333333,1.647843523316626,0.17255154896354208,0.1569935475265947,Scientific & Technical Instruments,Technology,ELSE
2014Q2,2014,Q2,2014-08-13,2014-06-30,202000.0,1760000.0,108000.0,0.05,1016000.0,0.5772727272727273,13647000.0,11231000.0,10884000.0,966000.0,2416000.0,1123000.0,8149000.0,14430964.25,14364964.25,3.3075925609059698,11.267080745341614,0.05649593317212574,0.06864927432997953,0.00584468504981217,3.3075925609059698,0.017985931795922002,8.199411505681818,17.86010426980198,1.284922469058855,0.0,0.6625111308993766,0.0,0.12896607312962555,9.9472049689441,0.014801787938741115,-288.619285,0.5772727272727273,-0.5454545454545454,29.627077510974857,0.3834930996501318,0.1796146280342735,0.04742268041237113,-0.495,0.6615384615384615,0.7081941679911642,0.05352523002846445,0.051897946889112444,Scientific & Technical Instruments,Technology,ELSE
2014Q1,2014,Q1,2014-05-13,2014-03-31,400000.0,1702000.0,65000.0,0.11,970000.0,0.5699177438307873,13982000.0,11290000.0,11187000.0,1038000.0,2692000.0,1023000.0,7947000.0,13446191.879999999,12535191.879999999,3.3249860182718143,10.777456647398845,0.055142325847518235,0.0682905225863596,0.0035052170437134267,3.3249860182718143,0.0354295837023915,7.900230246768507,8.403869925,1.190982451727192,0.0,0.7155425219941349,0.0,0.12172793591760836,9.60597302504817,0.028608210556429696,108.43703129032257,0.5699177438307873,1.2494973493975903,14.682856210212398,0.3200907287405464,0.2365860527176883,-0.00205761316872428,1.4096385542168675,-0.6408839779005525,3.2406113352390786,0.06875697275083456,0.04738204841645526,Scientific & Technical Instruments,Technology,ELSE
2013Q4,2013,Q4,2014-03-21,2013-12-31,166000.0,1728000.0,181000.0,0.04889981312023227,972000.0,0.5625,12609000.0,11263000.0,11392000.0,324000.0,1346000.0,1060000.0,7547000.0,13612730.959999999,12107730.959999999,3.3178228624890123,35.160493827160494,0.0,0.0,0.014498222344035298,3.3178228624890123,0.014738524371836988,7.877737824074074,20.501100843373493,1.2086238977181922,0.0,0.7132075471698113,0.0,0.13704496788008566,31.47222222222222,0.013165199460702673,72.79535272727273,0.5625,1.4449906560116135,8.684648258896335,0.26762773246835914,0.19818281176565553,-0.009174311926605505,0.5961538461538461,11.066666666666666,-0.06568536048838375,0.24474356594475472,0.10710462010628921,Scientific & Technical Instruments,Technology,ELSE
2013Q3,2013,Q3,2013-11-12,2013-09-30,104000.0,1708000.0,15000.0,0.02,981000.0,0.5743559718969555,12571000.0,11035000.0,11331000.0,494000.0,1536000.0,1260000.0,7381000.0,13816412.72,12700412.72,3.2506592637455607,22.937246963562753,0.0,0.0,0.0009424558223833257,3.2506592637455607,0.009424558223833257,8.08923461358314,33.21253057692308,1.2520537127322158,0.0,0.5769841269841269,0.0,0.13586826823641715,20.0668016194332,0.008273009307135471,65.17175811320755,0.5743559718969555,-0.7142857142857143,-0.5647791642080037,-0.07482432127643067,0.044923396159197444,0.09242761692650334,-0.6148148148148148,-0.8660714285714286,-0.22099538526452445,0.09004215925300343,0.08737542592976728,Scientific & Technical Instruments,Technology,ELSE
2013Q2,2013,Q2,2013-08-09,2013-06-30,270000.0,1571000.0,112000.0,0.07,898000.0,0.5716104392106939,12348000.0,10819000.0,11086000.0,419000.0,1529000.0,1322000.0,7277000.0,13982192.32,13211192.32,3.1879321196463133,26.458233890214796,0.0,0.0,0.006735139095990209,3.1879321196463133,0.02495609575746372,8.900186072565246,12.94647437037037,1.2923738164340512,0.5037037037037037,0.5090771558245083,0.009726657800684577,0.12722708130871396,23.04057279236277,0.021865889212827987,-317.7770981818182,0.5716104392106939,0.7500000000000001,0.750348462059304,-0.08715960991568385,0.049587050689010724,0.006726457399103139,0.6265060240963856,0.38271604938271603,0.8419880724006561,-0.07954371195152753,0.08357315884557427,Scientific & Technical Instruments,Technology,ELSE
2013Q1,2013,Q1,2013-05-09,2013-03-31,166000.0,1534000.0,81000.0,0.04,892000.0,0.5814863102998696,12659000.0,10950000.0,11371000.0,420000.0,1709000.0,1323000.0,7143000.0,15610812.999999998,14785812.999999998,3.2266096583182438,27.073809523809523,0.0,0.0,0.00649706457925636,3.2266096583182438,0.015159817351598173,10.176540417209907,23.510260542168673,1.4256450228310502,0.8192771084337349,0.4852607709750567,0.008711910135622022,0.1211786081049056,23.6,0.013113200094794218,-62.19447410358565,0.5814863102998696,-0.8007694566813509,-0.1726032328332146,-0.17262491556458814,0.02221909312248533,0.08121212121212121,-0.7562408223201175,-0.625,1.3287136862970523,-0.018697052451203133,0.07377928890612745,Scientific & Technical Instruments,Technology,ELSE
2012Q4,2012,Q4,2013-03-22,2012-12-31,681000.0,1494000.0,216000.0,0.200772428432442,825000.0,0.5522088353413654,13338000.0,11249000.0,12034000.0,634000.0,2089000.0,1330000.0,7113000.0,12787463.0,11685463.0,3.3164303192900735,18.981072555205046,0.0,0.0,0.012908551178005335,3.3164303192900735,0.06053871455240466,8.55921218206158,4.694369676945668,1.1367644235043115,0.19970631424375918,0.5030075187969925,0.010635416892310852,0.11201079622132254,16.764984227129336,0.05105713000449843,-134.60487368421053,0.5522088353413654,4.01931071081105,0.4899641022467042,-0.21362957301184718,0.02407694506609532,-0.05281285878300804,3.7291666666666665,-0.004608294930875576,2.2228726377546506,-0.09957972003755738,0.13903990392622317,Scientific & Technical Instruments,Technology,ELSE
2012Q3,2012,Q3,2012-11-09,2012-09-30,144000.0,1567000.0,217000.0,0.04,871000.0,0.5558391831525208,12677000.0,10654000.0,11496000.0,633000.0,2023000.0,1382000.0,6568000.0,13126653.0,7418653.0,3.1410124119225213,18.161137440758292,0.0,0.0,0.013271415914996343,3.1410124119225213,0.01351605030974282,8.376932354818123,22.789328125,1.232086821850948,0.9513888888888888,0.5036179450072359,0.0104367808001019,0.12360968683442455,15.775671406003159,0.011359154374063265,63.413782608695655,0.5558391831525208,-0.20000000000000004,-0.6224299065420561,-0.2390556672329397,-0.039529888010282545,-0.1359126984126984,-0.21311475409836064,-0.213768115942029,-0.10554636044694717,-0.08980527749877654,0.07202019009350857,Scientific & Technical Instruments,Technology,ELSE
2012Q2,2012,Q2,2012-08-10,2012-06-30,183000.0,1795000.0,276000.0,0.05,1008000.0,0.5615598885793872,11933000.0,10259000.0,10744000.0,520000.0,1674000.0,1221000.0,6561000.0,13834402.8,8200402.800000001,3.0255530798915293,20.661538461538463,0.0,0.0,0.017458464078245774,3.0255530798915293,0.017837995906033726,7.707188189415042,18.89945737704918,1.348513773272249,0.7377049180327869,0.6445536445536445,0.009758281723588386,0.1504231961786642,18.123076923076923,0.015335623900108942,73.58724893617021,0.5615598885793872,1.5,-0.14829264991963403,0.10592918145872324,-0.10301023828516957,0.07692307692307693,1.3461538461538463,1.2622950819672132,26.97065491998376,0.4129765359417178,0.07902850947174393,Scientific & Technical Instruments,Technology,ELSE
2012Q1,2012,Q1,2012-05-11,2012-03-31,78000.0,1642000.0,122000.0,0.02,936000.0,0.5700365408038977,12638000.0,10719000.0,11454000.0,449000.0,1919000.0,1223000.0,6513000.0,13596783.19,8015783.1899999995,3.1612764136456013,25.510022271714924,0.0,0.0,0.007045788741842479,3.1612764136456013,0.007276798208788134,8.280623136419,43.57943330128205,1.2684749687470847,1.7307692307692308,0.5772690106295993,0.009928819053266083,0.12992562114258585,22.485523385300667,0.006171862636493116,57.61348809322034,0.5700365408038977,-0.6890361467889907,-0.4912805095010046,0.0434602672312728,-0.07725866215552143,0.18932655654383734,-0.6422018348623854,0.05172413793103448,3.6719214908452282,0.2753509106780947,0.17570128127377035,Scientific & Technical Instruments,Technology,ELSE
2011Q4,2011,Q4,2012-03-29,2011-12-31,218000.0,1423000.0,116000.0,0.06431615698570824,787000.0,0.5530569219957836,11928000.0,10379000.0,10749000.0,324000.0,1549000.0,1228000.0,6570000.0,13305505.803,7829505.802999999,3.0620981346544305,33.175925925925924,0.0,0.0,0.013213781032212482,3.0620981346544305,0.021003950284227767,9.350320311314125,15.258607572247708,1.2819641394161287,0.6192660550458715,0.5179153094462541,0.010146175725958608,0.119299128101945,29.02777777777778,0.018276324614352784,-739.1947668333333,0.5530569219957836,1.143871899523608,-0.5962929126702485,-0.015721460467407675,-0.0814540239480566,-0.16098081023454158,0.847457627118644,-0.5166666666666667,11.737867857266446,0.045483963055523026,0.10583159648558994,Scientific & Technical Instruments,Technology,ELSE
2011Q3,2011,Q3,2011-11-10,2011-09-30,118000.0,1632000.0,240000.0,0.03,938000.0,0.5747549019607843,11261000.0,9777000.0,10080000.0,567000.0,1484000.0,1204000.0,6487000.0,12066641.36,6425641.359999999,2.8844911323360987,17.77777777777778,0.0,0.0,0.01472844430806996,2.8844911323360987,0.012069141863557328,7.393775343137254,25.56491813559322,1.2341864948348165,1.152542372881356,0.5764119601328903,0.01127074186946748,0.1449249622591244,15.481481481481481,0.010478643104520026,143.6504923809524,0.5747549019607843,0.0,-0.4427208298468594,0.04330177828441644,-0.16440020829689828,-0.04964539007092199,0.0,0.24352331606217617,-0.5054356264917645,-0.11463779798475722,-0.07278123431529053,Scientific & Technical Instruments,Technology,ELSE
2011Q2,2011,Q2,2011-08-12,2011-06-30,118000.0,1667000.0,193000.0,0.03,987000.0,0.5920815836832634,12684000.0,10654000.0,11529000.0,615000.0,2030000.0,1212000.0,6505000.0,15416496.549999999,14926496.549999999,3.1444044269578226,18.746341463414634,0.0,0.0,0.010906127046275617,3.1444044269578226,0.011075652337150367,9.248048320335933,32.662068961864406,1.4470148817345598,1.1610169491525424,0.5610561056105611,0.008886584546344287,0.1314254178492589,16.640650406504065,0.009303058971933145,230.0969634328358,0.5920815836832634,0.0,-0.2570528178999645,0.14003781577398156,-0.01633926518565851,0.03894736842105263,0.2553191489361702,0.2781456953642384,-0.2337922818274267,-0.02980725066459651,0.03525609856156104,Scientific & Technical Instruments,Technology,ELSE
2011Q1,2011,Q1,2011-05-12,2011-03-31,94000.0,1587000.0,151000.0,0.03,950000.0,0.5986137366099559,12667000.0,10742000.0,11504000.0,448000.0,1925000.0,1089000.0,6524000.0,15057763.15,14509763.15,3.17456846171737,25.678571428571427,0.0,0.0,0.008470227098043149,3.17456846171737,0.008750698194004841,9.488193541272842,40.04724242021277,1.4017653276857196,1.4361702127659575,0.5849403122130394,0.00896547506128093,0.12528617667956107,22.988839285714285,0.00742085734585932,160.18896968085107,0.5986137366099559,-0.4267986440677966,-0.8898258829690654,0.12316286040983673,-0.2743329663705317,0.1728395061728395,-0.4689265536723164,0.2905982905982906,-0.5301049995523038,-0.14153766630576126,0.005731971831810984,Scientific & Technical Instruments,Technology,ELSE
2010Q4,2010,Q4,2011-03-17,2010-12-31,177000.0,1383000.0,117000.0,0.05233762915862382,810000.0,0.5856832971800434,11553000.0,10135000.0,10379000.0,340000.0,1418000.0,1057000.0,6565000.0,15117039.36,14534039.36,2.996846731766398,30.526470588235295,0.0,0.0,0.017027627035027134,2.996846731766398,0.017464232856438087,10.930614143167027,21.351750508474577,1.4915677710902813,0.7627118644067796,0.5421002838221382,0.00893032007029186,0.11970916645027266,27.179411764705883,0.015320695923136847,487.64643096774194,0.5856832971800434,0.30844072896559543,-0.5778439000998695,-0.017299232079507235,-0.29365176403192267,-0.14012738853503184,0.3308270676691729,-0.4657534246575342,-0.6115941354502777,-0.26989962004813667,-0.07460692659582073,Scientific & Technical Instruments,Technology,ELSE
2010Q3,2010,Q3,2010-11-12,2010-09-30,133000.0,1561000.0,219000.0,0.04,942000.0,0.6034593209481102,11778000.0,10110000.0,10581000.0,1668000.0,1668000.0,1075000.0,6523000.0,13561370.879999999,12875370.879999999,2.9894544112637673,6.343525179856115,0.0,0.0,0.013036239375914714,2.9894544112637673,0.013155291790306627,8.687617475976937,25.49129864661654,1.341381887240356,1.0150375939849625,0.575813953488372,0.009954745814016114,0.13253523518424182,5.646882494004796,0.011292239769060962,112.07744528925619,0.6034593209481102,0.0,-0.5126339096483828,0.23794049736995615,-0.2798609824600327,-0.07827788649706457,-0.08904109589041095,-0.08368200836820083,-0.6502396656016469,-0.23972517012365505,-0.08587384046112749,Scientific & Technical Instruments,Technology,ELSE
2010Q2,2010,Q2,2010-08-13,2010-06-30,146000.0,1700000.0,239000.0,0.04,1022000.0,0.6011764705882353,11477000.0,9945000.0,10296000.0,1532000.0,1532000.0,961000.0,6525000.0,13352145.5,12509145.5,2.9420552674474676,6.7206266318537855,0.0,0.0,0.014439085753537459,2.9420552674474676,0.014680744092508798,7.854203235294118,22.863262842465755,1.3425988436400202,0.9246575342465754,0.7055150884495317,0.010110734638114901,0.14812233161976127,6.04242819843342,0.012721094362638321,53.19579880478088,0.6011764705882353,1.0,2.030102048100581,0.41497163632027234,-0.3192034324446285,0.09071504802561366,1.056338028169014,0.8818897637795275,-0.3183860756342307,0.05065003368400792,-0.12776494623780404,Scientific & Technical Instruments,Technology,ELSE
2010Q1,2010,Q1,2010-05-11,2010-03-31,71000.0,1557000.0,127000.0,0.02,937000.0,0.6017983301220295,11734000.0,10157000.0,10531000.0,1577000.0,1577000.0,909000.0,6514000.0,12844513.0,12117513.0,3.0049095672214277,6.677869372225745,0.0,0.0,0.006881877011538992,3.0049095672214277,0.006990253027468741,8.249526653821452,45.22715845070422,1.2645971251353745,1.9014084507042253,0.682068206820682,0.010510324525344013,0.13269132435657066,6.035510462904249,0.006050792568604056,72.56787005649717,0.6017983301220295,-0.6789526666666668,0.32606459012238664,0.23179555130607304,-0.31651012668043726,-0.021920668058455117,-0.6619047619047619,-0.43805309734513276,-0.535484856451934,-0.007457458173894046,-0.12290040118256607,Scientific & Technical Instruments,Technology,ELSE
2009Q4,2009,Q4,2010-03-09,2009-12-31,210000.0,1649000.0,226000.0,0.06229611002323645,958000.0,0.5809581564584597,11034000.0,9815000.0,9806000.0,1219000.0,1219000.0,908000.0,6578000.0,12540108.84,11794108.84,2.9116015232288843,8.044298605414275,0.0,0.0,0.021115528099535735,2.9116015232288843,0.021395822720326033,7.604674857489387,14.928701,1.2776473601630158,0.6428571428571429,0.7610132158590308,0.010765456801250538,0.14944716331339497,7.230516817063166,0.019032082653616094,63.33388303030303,0.5809581564584597,0.24592220046472893,2.298225477036658,0.3871802465710555,-0.321193950143863,-0.05054509415262636,0.3125,-0.12062256809338522,-0.6089725769056289,0.14686371549983424,-0.12659890525343287,Scientific & Technical Instruments,Technology,ELSE
2009Q3,2009,Q3,2009-11-12,2009-09-30,160000.0,1711000.0,257000.0,0.05,1009000.0,0.5897136177673875,11255000.0,9877000.0,10003000.0,1378000.0,1378000.0,1010000.0,6503000.0,9506211.54,8829211.54,2.9299937080928875,7.2590711175616836,0.0,0.0,0.01565115583329083,2.9299937080928875,0.01619925078465121,5.555938947983635,14.853455531249999,0.9624594046775337,0.8375,0.695049504950495,0.014096046509817096,0.15202132385606398,6.4593613933236576,0.014215904042647711,30.86432318181818,0.5897136177673875,25.280214285714287,5.337317138281497,0.3144160988998711,-0.2384795120042828,0.3635135135135135,23.857142857142858,14.526315789473685,-0.24021830390777033,0.09981045474775437,-0.1512187003358965,Scientific & Technical Instruments,Technology,ELSE
2009Q2,2009,Q2,2009-08-12,2009-06-30,-7000.0,1262000.0,-19000.0,-0.002059289898006313,740000.0,0.5863708399366085,10472000.0,9445000.0,9191000.0,1027000.0,1027000.0,1110000.0,6477000.0,7915857.5,7426857.5,2.803960278466357,8.949367088607595,0.0,0.0,-0.0011734603846832539,2.803960278466357,-0.000741132874536792,6.272470285261489,-282.70919642857143,0.8381003176283748,-19.285714285714285,0.4702702702702703,0.017054374715563033,0.1205118411000764,7.79649464459591,-0.0006684491978609625,54.971232638888885,0.5863708399366085,0.7940710101993688,-1.1546115764745764,-0.0038318040658627496,-0.3979604345994519,-0.023746701846965697,0.7586206896551724,0.6415094339622641,-1.0443320853517868,-0.1318651300767854,-0.12284005064357496,Scientific & Technical Instruments,Technology,ELSE
2009Q1,2009,Q1,2009-05-15,2009-03-31,-29000.0,1279000.0,-53000.0,-0.01,758000.0,0.5926505082095387,9846000.0,9057000.0,8537000.0,789000.0,789000.0,1182000.0,6619000.0,8084071.199999999,7604071.199999999,2.6888432155322928,10.820025348542458,0.0,0.0,-0.0035354790033491593,2.6888432155322928,-0.0032019432483162196,6.320618608287724,-69.69026896551723,0.8925771447499171,-4.655172413793103,0.4407783417935702,0.016699506555558297,0.12990046719479992,9.195183776932826,-0.002945358521226894,149.7050222222222,0.5926505082095387,-2.9805082352941175,-1.2650014628469715,-0.006669443526900002,-0.4702880443511052,-0.05955334987593052,-2.7058823529411766,-2.325,-1.0341453277264314,-0.09067754779019263,-0.3853637419888931,Scientific & Technical Instruments,Technology,ELSE
2008Q4,2008,Q4,2009-03-23,2008-12-31,17000.0,1352000.0,40000.0,0.005049208996858798,806000.0,0.5961538461538461,10098000.0,9323000.0,8762000.0,775000.0,775000.0,1239000.0,6783000.0,10774301.486399999,5245301.486399999,2.769045616336151,11.305806451612904,0.0,0.0,0.0014885284801467516,2.769045616336151,0.0018234473881797704,7.969157904142011,158.44561009411765,1.1556689355786764,7.9411764705882355,0.4406779661016949,0.012529814593586925,0.13388789859378095,9.59483870967742,0.0016835016835016834,229.2404571574468,0.5961538461538461,-0.9278684429020171,-0.9494025618368431,0.06085915475230463,-0.50983691398028,-0.28227960819234194,-0.9282700421940928,-0.889196675900277,-0.9592730046820751,-0.03503968334920033,-0.3473438378807823,Scientific & Technical Instruments,Technology,ELSE
2008Q3,2008,Q3,2008-11-14,2008-09-30,237000.0,1831000.0,361000.0,0.07,1123000.0,0.6133260513380666,12069000.0,10474000.0,10701000.0,1595000.0,1595000.0,1271000.0,6901000.0,13332781.44,7715781.4399999995,3.110906766652885,6.709090909090909,0.0,0.0,0.020679778499140728,3.110906766652885,0.022627458468588886,7.281693850354997,14.064115443037975,1.2729407523391254,0.569620253164557,0.5570416994492525,0.010125419111347858,0.15171099511144254,5.870846394984326,0.01963708675118071,55.553256,0.6133260513380666,0.4000000000000001,0.49878796291467636,0.5022201692505462,-0.3914588384687047,0.03789279112754159,0.5490196078431373,0.46747967479674796,-0.12766025376839643,0.45854172760097994,-0.2506039449356303,Scientific & Technical Instruments,Technology,ELSE
2008Q2,2008,Q2,2008-08-13,2008-06-30,153000.0,1707000.0,246000.0,0.05,1082000.0,0.6338605741066198,11634000.0,10224000.0,10237000.0,1410000.0,1410000.0,1183000.0,6798000.0,15315868.75,9808868.75,3.037320360949163,7.260283687943263,0.0,0.0,0.01573221379559408,3.037320360949163,0.014964788732394365,8.97238942589338,25.02592933006536,1.498030981025039,0.8758169934640523,0.5283178360101437,0.008749095607129697,0.14672511603919547,6.360283687943262,0.013151108818978855,137.98079954954954,0.6338605741066198,-0.1666666666666666,1.5069862807057803,0.5653394340598161,-0.2297146899068911,-0.07679180887372014,-0.23115577889447236,-0.09225092250922509,2.188743242697787,0.42677685410143906,-0.2971589285967912,Scientific & Technical Instruments,Technology,ELSE
2008Q1,2008,Q1,2008-05-14,2008-03-31,199000.0,1839000.0,271000.0,0.06,1172000.0,0.6373028820010875,12348000.0,10625000.0,10921000.0,1723000.0,1723000.0,1105000.0,6780000.0,15214753.919999998,9684753.919999998,3.156475632305199,6.338363319791062,0.0,0.0,0.01626817496229261,3.156475632305199,0.018729411764705883,8.273384404567699,19.114012462311557,1.4319768395294117,0.678391959798995,0.6036199095022624,0.008872966379202537,0.1489310009718173,5.643064422518862,0.01611597019760285,-126.78961599999998,0.6373028820010875,-0.554730463576159,1.5712302260333104,0.7494984303226022,-0.13758158570337586,0.023580786026200874,-0.5607064017660044,-0.11437908496732026,2.732217579851159,0.46096326564992857,-0.2820352553719332,Scientific & Technical Instruments,Technology,ELSE
2007Q4,2007,Q4,2008-03-31,2007-12-31,453000.0,1883000.0,306000.0,0.1347498427174849,1145000.0,0.608072225172597,13065000.0,10887000.0,11607000.0,2178000.0,2178000.0,1027000.0,6716000.0,19800913.65,14021913.649999999,3.238458140541409,5.3292011019283745,0.0,0.0,0.034599003198869015,3.238458140541409,0.041609258748966656,10.51562063197026,10.927656539735098,1.8187667539267014,0.2980132450331126,0.7185978578383642,0.006817867214930257,0.14412552621507846,4.815886134067952,0.03467278989667049,57.89740833333333,0.608072225172597,0.22499857015895375,1.9366211128838409,0.6657712437231345,-0.19367549170132084,-0.15870683321087437,0.1984126984126984,-0.45454545454545453,6.134239427015859,0.5883674959138533,-0.244991129291783,Scientific & Technical Instruments,Technology,ELSE
2007Q3,2007,Q3,2007-11-14,2007-09-30,378000.0,2041000.0,561000.0,0.11,1361000.0,0.6668299853013229,13705000.0,10994000.0,12402000.0,2711000.0,2711000.0,1028000.0,6296000.0,19431117.3,13869117.3,3.2702864698367087,4.574695684249354,0.0,0.0,0.03071420543226241,3.2702864698367087,0.03438239039476078,9.520390641842235,12.851268055555556,1.7674292614153175,0.3544973544973545,0.6614785992217899,0.006896155168596507,0.14892375045603795,4.144596090003689,0.027581174753739512,90.37728976744187,0.6668299853013229,0.8333333333333334,3.283997523219223,0.6592326352066569,-0.20413332472282725,0.3111753371868979,0.7746478873239436,0.968421052631579,11.27499043873252,0.5722235449719055,-0.15003566679437708,Scientific & Technical Instruments,Technology,ELSE
2007Q2,2007,Q2,2007-08-14,2007-06-30,213000.0,1609000.0,285000.0,0.06,1038000.0,0.6451211932877564,14222000.0,11338000.0,12951000.0,2884000.0,2884000.0,1016000.0,6054000.0,20605332.96,15130332.96,3.3730073731358914,4.490638002773925,0.0,0.0,0.015210565034718324,3.3730073731358914,0.018786382077967897,12.806297675574891,24.18466309859155,1.817369285588287,0.6291079812206573,0.562007874015748,0.006503170817968671,0.11313458022781606,4.1182385575589455,0.014976796512445507,45.08825592997812,0.6451211932877564,0.4999999999999999,-0.7624579253596807,0.33929122359716063,-0.3407432022720234,0.0602655771195097,0.40131578947368424,0.4393939393939394,3.7144877860652707,0.27274179061786724,-0.27578007840885993,Scientific & Technical Instruments,Technology,ELSE
2007Q1,2007,Q1,2007-05-15,2007-03-31,152000.0,1560000.0,198000.0,0.04,979000.0,0.6275641025641026,14207000.0,11516000.0,12939000.0,2691000.0,2691000.0,986000.0,6075000.0,18084288.96,12929288.96,3.425961625421849,4.808249721293199,0.0,0.0,0.010329673648760892,3.425961625421849,0.013199027440083362,11.592492923076923,29.743896315789474,1.5703620145883987,0.8881578947368421,0.5892494929006086,0.007465043292473468,0.1098050256915605,4.413600891861761,0.01069895122122897,-92.73994338461539,0.6275641025641026,-0.7489233771106941,-0.6603970100083746,0.2730998643366182,-0.44020914375910597,0.04930332261521972,-0.7148217636022514,-0.05714285714285714,0.391853697195123,0.21408075571847604,-0.32507301946907485,Scientific & Technical Instruments,Technology,ELSE
