Quarters,Year,Quarter,FillingDate,Date,NetIncome,Revenue,OperatingIncome,EPSDiluted,GrossProfit,GrossProfitRatio,TotalAssets,CommonStockEquity,CurrentAssets,CurrentLiability,TotalLiability,Inventory,RetainedEarnings,MarketCap,EnterpriseValue,bookValuePerShare,currentRatio,debtToAssets,debtToEquity,roic,shareholdersEquityPerShare,roe,priceToSalesRatio,peRatio,pbRatio,payoutRatio,inventoryTurnover,dividendYield,assetTurnover,quickRatio,returnOnAssets,priceToFreeCashFlowsRatio,grossProfitMargin,epsdilutedGrowth,fiveYNetIncomeGrowthPerShare,fiveYRevenueGrowthPerShare,fiveYShareholdersEquityGrowthPerShare,grossProfitGrowth,netIncomeGrowth,operatingIncomeGrowth,threeYNetIncomeGrowthPerShare,threeYRevenueGrowthPerShare,threeYShareholdersEquityGrowthPerShare,Industry,Sector,Symbol
2023Q1,2023,Q1,2023-04-27,2023-03-31,-29575000.0,67958000.0,-31632000.0,-0.71,67736000.0,0.9967332764,504085000.0,67185000.0,490457000.0,207117000.0,436900000.0,6461000.0,-2169023000.0,559628100.0,831264100.0,1.6123110151187905,2.3680190423770138,0.6606822262118492,4.95705886730669,-0.07331878453168249,1.6123110151187905,-0.4402024261367865,8.234911268724801,-4.730584108199492,8.329658405894172,0.0,0.03436000619099211,0.0,0.134814565003918,2.2322648551301922,-0.058670660702064135,-10.84613640327926,0.9967332764354454,-0.44897959183673464,0.7798395493478796,0.1477205597430915,1.7806021899883588,-0.12247700479336701,-0.4509640386596674,-0.6728541964144058,0.7514604927343743,-0.2690843705140268,2.5120959406458407,Biotechnology,Healthcare,ICPT
2022Q4,2022,Q4,2023-03-02,2022-12-31,-20383000.0,77219000.0,-18909000.0,-0.49,77190000.0,0.9996244448,553711000.0,93077000.0,540127000.0,230077000.0,460634000.0,0.0,-2136888000.0,513095229.99999994,795251230.0,2.243954772294414,2.347592327785915,0.6008061967343975,3.5741697734134106,-0.051603379720039644,2.243954772294414,-0.21899072810683629,6.644675921729108,-6.293176053574057,5.512588824306756,0.0,0.0,0.0,0.13945722588137133,2.2272021975251763,-0.03681162194718906,-113.79357507207806,0.9996244447610044,-1.0968379446640317,0.8889489053145002,0.24214769864185245,2.4435790738505636,0.00033694468923332123,-1.1174744971471384,-0.864057570977918,0.8358945232451311,-0.14650928087799764,0.42673670253337925,Biotechnology,Healthcare,ICPT
2022Q3,2022,Q3,2022-11-01,2022-09-30,173510000.0,77588000.0,-10144000.0,5.06,77164000.0,0.9945352374,559404000.0,107676000.0,545370000.0,221584000.0,451728000.0,6274000.0,-2116063000.0,478387350.0,697500350.0,3.1398827749103315,2.4612336630803666,0.5940393704728604,3.086184479364018,0.038432653921378256,3.1398827749103315,1.611408298970987,6.165738902923133,0.6892792202178548,4.4428410230692075,0.0,0.06758049091488684,0.0,0.13869761388906765,2.333286699400679,0.31016939456993514,-28.27014241815388,0.9945352374078466,11.326530612244898,2.7493127089358818,0.3739554978040821,-0.29420332297792334,0.08000223939088567,12.977771641584978,0.24088902192621417,2.9513163289971165,0.19487160579130233,-0.21423073586460153,Biotechnology,Healthcare,ICPT
2022Q2,2022,Q2,2022-08-03,2022-06-30,-14486000.0,71757000.0,-13363000.0,-0.49,71448000.0,0.9956937999,498597000.0,-369833000.0,487015000.0,151427000.0,868430000.0,6891000.0,-2383516000.0,410806070.0,1066646070.0,-12.432615053618852,3.2161701678036283,1.431735449671779,-1.9302198559890544,-0.0276895633698259,-12.432615053618852,0.0391690303461292,5.72496160653316,-7.089708511666436,-1.1107880313546925,0.0,0.04484109708315194,0.0,0.1439178334406344,2.854788115725729,-0.02905352418887398,28.901510482622765,0.9956937999080229,0.40243902439024387,0.8591971357754185,0.9547394159289985,-2.8336392906297214,-0.18646383676443798,0.40377016792887716,-0.30091510903426794,0.7864735174413151,0.13939381088202818,-3.222220926691483,Biotechnology,Healthcare,ICPT
2022Q1,2022,Q1,2022-05-06,2022-03-31,-24296000.0,88582000.0,-10272000.0,-0.82,87824000.0,0.9914429568,503357000.0,-371761000.0,477353000.0,151036000.0,875118000.0,0.0,-2375988000.0,483153920.0,1160565920.0,-12.518891433189655,3.160524643131439,1.4417838631428588,-1.9521466748798286,-0.03979758390251707,-12.518891433189655,0.06535381602696357,5.454312614300874,-4.9715377016792885,-1.299635841306646,0.0,0.0,0.0,0.1759824538051522,2.925434995630181,-0.04826792912386239,-24.000492772341165,0.9914429568083809,-1.433862433862434,0.7731849178911184,2.533266458403985,-2.299163672361788,-0.03901958638800744,-1.4344545178191441,0.9200516799887923,0.7302718281935802,0.6989380211811724,-5.773735187573392,Biotechnology,Healthcare,ICPT
2021Q4,2021,Q4,2022-03-02,2021-12-31,55923000.0,92404000.0,-128483000.0,1.89,91390000.0,0.9890264491,527023000.0,-183962000.0,502292000.0,166817000.0,710985000.0,0.0,-2489772000.0,481581270.0,944082270.0,-6.222710820958631,3.011036045486971,1.0383038311420945,-2.974581707091682,0.5342867246846469,-6.222710820958631,-0.3039921288092106,5.211692892082594,2.1528765892387747,-2.61783014970483,0.0,0.0,0.0,0.17533200638302313,2.801309219084386,0.10611111849008488,124.98865040228394,0.9890264490714687,18.181818181818183,1.390997630602134,4.616596980919707,-1.49025789976765,-0.008451865594722737,16.397301762114537,-19.656430868167202,1.6378384605095897,0.7408211089687934,-10.652520695301956,Biotechnology,Healthcare,ICPT
2021Q3,2021,Q3,2021-11-03,2021-09-30,-3632000.0,92827000.0,-6220000.0,-0.11,92169000.0,0.9929115451323429,523074000.0,-156030000.0,496335000.0,143853000.0,679104000.0,0.0,-2453492000.0,471279600.0,942877600.0,-4.9164986135618856,3.4502930074451004,1.03221915063643,-3.4604050503108374,-0.015810236492669338,-4.9164986135618856,0.0232775748253541,5.0769668307712195,-32.43939977973568,-3.0204422226494905,0.0,0.0,0.0,0.17746437406561977,3.2414617700013206,-0.006943568214057667,101.59077387367967,0.9929115451323429,0.6666666666666667,0.968123405530179,12.97682565295424,-1.293110963921054,-0.039486025135997,0.6726158283756986,-9.18421052631579,0.9474157705122869,0.8435944423039902,-2.519712202826825,Biotechnology,Healthcare,ICPT
2021Q2,2021,Q2,2021-07-29,2021-06-30,-11094000.0,96576000.0,760000.0,-0.33,95958000.0,0.9936008946322068,523224000.0,-203195000.0,493105000.0,145281000.0,726419000.0,0.0,-2449860000.0,662584630.0,1104229630.0,-6.124205069471654,3.3941465160619764,1.1223969083986973,-2.890154777430547,0.0019215210355987054,-6.124205069471654,0.054597800142720046,6.860758677104043,-14.931148143140435,-3.260831368882108,0.0,0.0,0.0,0.18457868905096098,3.164026954660279,-0.021203155818540435,147.27375639030896,0.9936008946322068,0.7295081967213114,0.8935387922704068,11.977984128777107,-1.3617376542288833,0.18684988435517186,0.725531914893617,1.0258970252495996,0.8701579287324068,0.9504575541037275,-2.219985971942902,Biotechnology,Healthcare,ICPT
2021Q1,2021,Q1,2021-05-06,2021-03-31,-40420000.0,81661000.0,-29347000.0,-1.22,80851000.0,0.9900809443920598,520111000.0,-199998000.0,487563000.0,146233000.0,720109000.0,0.0,-2438766000.0,764848120.0,1253126120.0,-6.035124777452548,3.3341516620735403,1.1174999182866734,-2.906149061490615,-0.07442130568854986,-6.035124777452548,0.20210202102021022,9.366137078899353,-4.730629143988124,-3.8242788427884276,0.0,0.0,0.0,0.1570068696874321,3.1031094212660615,-0.07771418024229443,-13.89950606066113,0.9900809443920598,0.22784810126582283,0.7641454958566136,134.6407032230262,-1.3027226586872769,-0.019999757578696015,0.2248835024066581,0.2772030934436727,0.6216489332218527,0.7341807761075058,-1.9219124436642094,Biotechnology,Healthcare,ICPT
2020Q4,2020,Q4,2021-02-25,2020-12-31,-52147000.0,83268000.0,-40602000.0,-1.58,82501000.0,0.9907887784022674,580489000.0,-166853000.0,545741000.0,179076000.0,747342000.0,0.0,-2398346000.0,815272900.0,1332635900.0,-5.055079225618808,3.0475384752842367,0.9914296394935994,-3.449227763360563,-0.09585144230428737,-5.055079225618808,0.3125325885659832,9.79095090550992,-3.908532130323892,-4.886174656733772,0.0,0.0,0.0,0.1434445786225062,2.854743237508097,-0.08983288227683901,-45.60712127992839,0.9907887784022674,0.21393034825870635,0.5640811212584995,136.73807920347377,-1.2044281967138426,0.06185726237209602,0.21546886518527433,0.2639631637148088,0.6429686988990541,0.6832531036600327,-8.757538277029814,Biotechnology,Healthcare,ICPT
2020Q3,2020,Q3,2020-11-09,2020-09-30,-66469000.0,79521000.0,-55163000.0,-2.01,77695000.0,0.977037512103721,591352000.0,-130287000.0,561091000.0,163124000.0,721639000.0,0.0,-2346199000.0,1367723940.0,1887060940.0,-3.9494073782169816,3.4396594002108825,0.9548424626956533,-4.3338782840958805,-0.12374128799689542,-3.9494073782169816,0.5101736934613584,17.199531444524087,-5.144217379530308,-10.497777521932349,0.0,0.0,0.0,0.13447320715918776,3.2467877197714623,-0.11240175056480742,-32.71284238220522,0.977037512103721,-0.04687499999999993,0.04135505078572775,130.17032178400632,-1.141078262864067,0.03082046383272303,-0.050378470630995084,-0.060215260426676916,0.30337602805919467,0.4638489665599395,-1.8877651821990782,Biotechnology,Healthcare,ICPT
2020Q2,2020,Q2,2020-08-10,2020-06-30,-63281000.0,77249000.0,-52030000.0,-1.92,75372000.0,0.975701950834315,637494000.0,-78796000.0,606652000.0,163536000.0,716290000.0,0.0,-2279730000.0,1579113600.0,2087193600.0,-2.3906553398058255,3.7095929948145976,0.8766482508070664,-7.092466622671202,-0.10555743781281256,-2.3906553398058255,0.8030991420884309,20.441864619606726,-6.2384981274000095,-20.040529976140917,0.0,0.0,0.0,0.12117604244118375,3.511465365424127,-0.09926524798664772,-104.7991505176533,0.975701950834315,0.32867132867132864,0.03734384771274834,125.47707762272279,-1.079410820329139,0.049749303621169916,0.31943473538173645,0.37647552279944874,0.4448730491312786,0.8992119459643215,-1.3525886985574884,Biotechnology,Healthcare,ICPT
2020Q1,2020,Q1,2020-05-11,2020-03-31,-92983000.0,72652000.0,-83445000.0,-2.86,71800000.0,0.988272862412597,662381000.0,-34719000.0,628191000.0,149968000.0,697100000.0,0.0,-2216449000.0,2050040560.0,2554196560.0,-1.0662756057860632,4.188833617838473,0.8236407747202894,-15.713701431492842,-0.1587599052520429,-1.0662756057860632,2.678158933148996,28.21726256675659,-5.5118692664250455,-59.04664765690256,0.0,0.0,0.0,0.10968309779416982,3.9534634055265125,-0.14037691298512486,-20.67344231215272,0.988272862412597,0.04347826086956533,-0.6075602354123424,33.22669163784896,-1.0597129748492486,0.040187755338568075,0.052721123087267466,0.06546085787882182,0.20833594752929555,1.6428876626743825,-1.110654089394069,Biotechnology,Healthcare,ICPT
2019Q4,2019,Q4,2020-02-25,2019-12-31,-98158000.0,71500000.0,-89290000.0,-2.99,69026000.0,0.9653986013986015,754886000.0,51556000.0,721315000.0,162005000.0,703330000.0,0.0,-2123466000.0,4062097600.0,4530576600.0,1.5727882855399633,4.452424307891731,0.7133977845661464,10.44561253782295,-0.14967831483238508,1.5727882855399633,-1.9039103111180076,56.81255384615385,-10.345813891888588,78.79000698269843,0.0,0.0,0.0,0.09471628828723808,4.263238788926268,-0.13003022973005196,-67.05455025668961,0.9653986013986015,-0.15444015444015458,-0.8385710830035938,103.70930875142741,-0.8543510204187952,0.12304963962058474,-0.15707330873598718,-0.18213231302874242,0.38105947419358177,2.919476696711176,-0.8760874635133375,Biotechnology,Healthcare,ICPT
2019Q3,2019,Q3,2019-11-05,2019-09-30,-84833000.0,61950000.0,-75533000.0,-2.59,61463000.0,0.9921388216303471,802094000.0,130735000.0,769084000.0,139974000.0,671359000.0,0.0,-2025308000.0,2171100120.0,2639277120.0,3.9959348351010178,5.49447754582994,0.662707862170768,4.065889012123762,-0.11298810478321746,3.9959348351010178,-0.6488927984089953,35.04600677966102,-6.398159089033748,16.606877423796227,0.0,0.0,0.0,0.07723533650669373,5.323795847800306,-0.10576441165249958,-46.41780770957604,0.9921388216303471,-0.1359649122807018,-0.5379886450135642,89.3820522719218,-0.6745801904830058,-0.0633924081495817,-0.18780453654438534,-0.18652507893620698,0.27777982434480564,8.048034688333393,-0.7617710481904045,Biotechnology,Healthcare,ICPT
2019Q2,2019,Q2,2019-08-08,2019-06-30,-71420000.0,66300000.0,-63659000.0,-2.28,65623000.0,0.989788838612368,852969000.0,175203000.0,819189000.0,125234000.0,677766000.0,0.0,-1940475000.0,2479287720.0,2937356720.0,5.5946800357644655,6.5412667486465335,0.6466471817850356,3.148176686472264,-0.0859274397108171,5.5946800357644655,-0.40764142166515416,37.394988235294115,-8.678548445813497,14.150943305765312,0.0,0.0,0.0,0.07772849892551781,6.347134164843413,-0.08373106173846881,-53.61897359371959,0.989788838612368,0.24752475247524755,-2.4285378229941035,98.65267704559139,-0.5954579162451862,0.2698440342118503,0.20881799047302538,0.24165822860206088,0.2738604679364949,8.43949066701561,-0.6695397346527457,Biotechnology,Healthcare,ICPT
2019Q1,2019,Q1,2019-05-08,2019-03-31,-90270000.0,52252000.0,-83945000.0,-3.03,51678000.0,0.989014774554084,438258000.0,-55001000.0,402801000.0,108341000.0,493259000.0,0.0,-1869055000.0,3318240000.0,3645568000.0,-1.84815188172043,3.7178999640025476,0.8717513428163319,-6.94627370411447,-0.25151909202042233,-1.84815188172043,1.641242886492973,63.504554849575136,-9.189764041209704,-60.33053944473737,0.0,0.0,0.0,0.11922657430098253,3.5349682945514624,-0.20597456292868585,-39.428693647662726,0.989014774554084,-0.02020202020202007,0.7703882807470036,83.47406174670903,0.7655337712395736,-0.01138254930843839,-0.02573717402420317,-0.024081687426040915,0.413459804109813,95.6461880584753,-1.0927035433273113,Biotechnology,Healthcare,ICPT
2018Q4,2018,Q4,2019-03-01,2018-12-31,-88005000.0,53280000.0,-81971000.0,-2.97,52273000.0,0.9810998498498499,509167000.0,19130000.0,482425000.0,114205000.0,490037000.0,0.0,-1778785000.0,2990842460.0,3711756460.0,0.6446721035249714,4.224202092727989,0.7291320922212162,19.40669106116048,-0.20997745786157077,0.6446721035249714,-4.600365917407214,56.134430555555554,-8.496228793818535,156.34304547830632,0.0,0.0,0.0,0.10464150268968728,4.044078630532813,-0.17284113070957072,-56.501349982997695,0.9810998498498499,-0.3623853211009174,-3.6769483196380643,85.38456546297057,-0.8474121828131111,0.1249488884584759,-0.36539237285505943,-0.4063583021651855,0.1816979159116118,97.0324972322557,-0.9739293590242006,Biotechnology,Healthcare,ICPT
2018Q3,2018,Q3,2018-11-01,2018-09-30,-64454000.0,46986000.0,-58286000.0,-2.18,46467000.0,0.9889541565572724,556953000.0,95809000.0,528918000.0,88417000.0,461144000.0,0.0,-1690780000.0,3745112900.0,4482674900.0,3.2351511058585176,5.982084893176651,0.6593608437336723,3.8329697627571524,-0.12587627040311677,3.2351511058585176,-0.6727342942729806,79.70699570084706,-14.526301315666986,39.0893642559676,0.0,0.0,0.0,0.08436259433022177,5.781388194577966,-0.11572610256161651,-72.60644229464337,0.9889541565572724,0.15503875968992245,-0.316582668628523,74.13501215061353,-0.31717494206901303,0.08410713452475387,0.1428191453991728,0.16468177193057884,-0.03549005471451531,85.33355798044947,-0.8844359534459224,Biotechnology,Healthcare,ICPT
2018Q2,2018,Q2,2018-08-07,2018-06-30,-75193000.0,43575000.0,-69777000.0,-2.58,42862000.0,0.9836374067699369,604914000.0,146576000.0,577740000.0,88703000.0,458338000.0,0.0,-1626326000.0,2450088090.0,3196286090.0,5.019897941710332,6.513195720550601,0.6005812396472887,2.478577666193647,-0.1368509206159929,5.019897941710332,-0.5129966706691409,56.22692117039587,-8.145997931988349,16.715479273550923,0.0,0.0,0.0,0.07203503307908232,6.288930475857637,-0.12430362001871341,-51.677629453080506,0.9836374067699369,0.1987577639751553,-2.2427540086871542,61.47025788702914,-0.2673185283484415,0.20118824089902754,0.07840421620296605,0.07526240458015267,-0.2912029051512297,79.53331508582524,-0.8332531641503156,Biotechnology,Healthcare,ICPT
2018Q1,2018,Q1,2018-05-10,2018-03-31,-81590000.0,35963000.0,-75456000.0,-3.22,35683000.0,0.992214220170731,393818000.0,-52275000.0,363845000.0,79446000.0,446093000.0,0.0,-1551133000.0,1557009680.0,2144808680.0,-2.0654707811450472,4.579777458902902,0.9127287224047657,-6.87611669057867,-0.2456457903338173,-2.0654707811450472,1.5607843137254902,43.29476628757334,-4.77083490623851,-29.784977140124344,0.0,0.0,0.0,0.09131883255717108,4.3178511189990685,-0.2071769192875897,-17.503340790287226,0.992214220170731,0.27313769751692996,-4.228120369905657,57.03733936126102,-1.562507738670368,-0.032036675347222224,0.26675174347544756,0.28115919938267486,-0.8147774844471086,20.796964122783066,-1.1156693486534834,Biotechnology,Healthcare,ICPT
2017Q4,2017,Q4,2018-02-28,2017-12-31,-111272000.0,37687000.0,-104969000.0,-4.43,36864000.0,0.9781622310080399,484347000.0,16386000.0,448307000.0,104034000.0,467961000.0,0.0,-1469543000.0,1469029320.0,2099597320.0,0.6516344547840611,4.309235442259261,0.7343433530093094,21.70615159282314,-0.28212695161840873,0.6516344547840611,-6.790674966434762,38.97973624857378,-3.300536792724136,89.65149029659464,0.0,0.0,0.0,0.07780991727005639,4.166801238056789,-0.22973611893952064,-19.140696556306924,0.9781622310080399,-0.5328719723183389,-1.1949009390884924,55.277408225206415,-0.8494984503697125,-0.10441669500996065,-0.5326510654123221,-0.5863293587825482,-1.7169438084198962,70.94669629283038,-0.9396550099769665,Biotechnology,Healthcare,ICPT
2017Q3,2017,Q3,2017-11-06,2017-09-30,-72601000.0,41334000.0,-66171000.0,-2.89,41162000.0,0.9958387767939226,560426000.0,111667000.0,521515000.0,87589000.0,448759000.0,0.0,-1358271000.0,1456862040.0,2061108040.0,4.448707222819808,5.9541152427816275,0.6280650790648542,3.1520861131757814,-0.14271725931789211,4.448707222819808,-0.6501562681902442,35.246093772681085,-5.016673461798047,13.046486786606607,0.0,0.0,0.0,0.07375460810169407,5.791103905741589,-0.1295460952917959,-25.117444915692563,0.9958387767939226,0.16473988439306353,-0.8564567303332222,9.478633298657664,-0.05285724347417982,0.3448118139048615,0.16130262002680099,0.17809189034766298,-0.7155894091987176,77.60148898961214,-0.6377074409897627,Biotechnology,Healthcare,ICPT
2017Q2,2017,Q2,2017-08-03,2017-06-30,-86564000.0,30887000.0,-80509000.0,-3.46,30608000.0,0.9909670735260789,615745000.0,169704000.0,578560000.0,87571000.0,446041000.0,0.0,-1285670000.0,3030261030.0,3804871030.0,6.780294857964761,6.606753377259595,0.5657650488432712,2.0527919200490263,-0.15540147971996116,6.780294857964761,-0.510088153490784,98.1079751999223,-8.75150475370824,17.856155600339413,0.0,0.0,0.0,0.05016199887940625,6.435178312455037,-0.14058417039521232,-50.91335444739406,0.9909670735260789,0.0415512465373961,-1.2639512342769352,4.414759343711775,0.12884517158918313,0.4609326523793614,0.037429111531190926,0.04113716756190226,-3.1663668436420873,57.08633239720614,-0.5097280643792316,Biotechnology,Healthcare,ICPT
2017Q1,2017,Q1,2017-05-10,2017-03-31,-89930000.0,21048000.0,-83963000.0,-3.61,20951000.0,0.9953914861269479,668020000.0,240238000.0,634986000.0,72680000.0,427782000.0,0.0,-1199106000.0,2819696100.0,3638634100.0,9.636115679274798,8.73673637864612,0.516189635040867,1.4353474471149443,-0.14351104069134435,9.636115679274798,-0.37433711569360384,133.9650370581528,-7.838585844545757,11.737094464655883,0.0,0.0,0.0,0.0315080386814766,8.511805173362685,-0.13462171791263736,-34.586888684452624,0.9953914861269479,0.25413223140495866,-3.481552728726099,2.7044065065916314,0.0,0.5173088064889919,0.25083929657367066,0.2635276781250274,0.726946071294725,39.61855990615489,2.2224881112669004,Biotechnology,Healthcare,ICPT
2016Q4,2016,Q4,2017-03-01,2016-12-31,-120041000.0,13808000.0,-114007000.0,-4.84,13808000.0,1.0,739253000.0,314932000.0,707865000.0,78512000.0,424321000.0,0.0,-1108460000.0,2695823800.0,3639214800.0,12.692729324520393,9.01601029142042,0.46175801789103327,1.0839038268578614,-0.1737148934614072,12.692729324520393,-0.3811648228824,195.23637022016223,-5.614381336376738,8.560018670697167,0.0,0.0,0.0,0.01867831446067855,8.937742001222743,-0.1623814850937365,-29.77626358575594,1.0,-0.34818941504178275,-3.4184984811353325,1.4421326846637412,17.510240059512395,1.6671817655012555,-0.35158475482745033,-0.37298280263981887,-6.629553947646283,25.774232788625564,2.0042495265153972,Biotechnology,Healthcare,ICPT
2016Q3,2016,Q3,2016-11-09,2016-09-30,-88815000.0,5177000.0,-83036000.0,-3.59,5177000.0,1.0,812267000.0,414943000.0,794581000.0,54527000.0,397324000.0,0.0,-988418000.0,4071627420.0,4979052420.0,16.77350634651144,14.572248610779981,0.4159937557478021,0.814323895089205,-0.11029686215283174,16.77350634651144,-0.21404144665652872,786.4839520958084,-11.460979057591622,9.812498150348361,0.0,0.0,0.0,0.006373520037130648,14.304087883067105,-0.10934212518790004,-36.37980182273052,1.0,-0.14331210191082794,-3.2078657314615997,0.08711426084916743,0.0,-0.06213768115942029,-0.1489799350573746,-0.06326909533260772,-1.171859520697934,8.910583008097813,2.540289175989834,Biotechnology,Healthcare,ICPT
2016Q2,2016,Q2,2016-08-09,2016-06-30,-77299000.0,5520000.0,-78095000.0,-3.14,5520000.0,1.0,524174000.0,416674000.0,505267000.0,102155000.0,107500000.0,0.0,-899603000.0,3511587511.0800004,3459886511.0800004,16.929962910625466,4.946081934315501,0.0,0.0,-0.18742470132525668,16.929962910625466,-0.18551433494770492,636.1571578043479,-11.35715698482516,8.427661699746086,0.0,0.0,0.0,0.010530854258318803,4.302158484655671,-0.14746820712206252,-48.23609218516484,1.0,0.39264990328820115,-1.0559224564249223,-0.015885542080233267,1.8186542454556534,11.404494382022472,0.3897800653646368,0.38700941915227627,-2.954923169467223,8.388637341017093,1.4710203841588667,Biotechnology,Healthcare,ICPT
2016Q1,2016,Q1,2016-05-10,2016-03-31,-126674000.0,445000.0,-127400000.0,-5.17,445000.0,1.0,593375000.0,488333000.0,574947000.0,99252000.0,105042000.0,0.0,-822305000.0,3146853122.56,3097648122.56,19.93615147152577,5.792800145085238,0.0,0.0,-0.26088755009389086,19.93615147152577,-0.2594008596592899,7071.580050696629,-6.21053476356632,6.444072226452032,0.0,0.0,0.0,0.0007499473351590478,5.610567041470197,-0.21348051400884768,-43.546622420015495,1.0,-0.42817679558011046,-5.425047630881982,-0.9202863373949893,0.0,-0.0044742729306487695,-0.4353343757790015,-0.43321596112092337,-7.386801542682496,-0.25798646110498363,4.429386648510703,Biotechnology,Healthcare,ICPT
2015Q4,2015,Q4,2016-02-29,2015-12-31,-88254000.0,446000.0,-88891000.0,-3.62,447000.0,1.0022421524663676,655758000.0,602149000.0,641693000.0,47373000.0,53609000.0,0.0,-695630000.0,3636821850.0,3604079850.0,24.727896184961605,13.545542819749647,0.0,0.0,-0.1476229305371262,24.727896184961605,-0.1465650528357599,8154.3090807174885,-10.302144520361683,6.039737423793778,0.0,0.0,0.0,0.0006801289500089973,13.335570894813502,-0.13458318465043506,-54.93107752956636,1.0022421524663676,-0.7238095238095238,-2.3099731857017236,-0.9196254955568427,33.165146812964394,0.0,-0.7340406719717064,-0.7165395384763927,-0.7976930486076869,-0.31225175631291746,4.711157026168693,Biotechnology,Healthcare,ICPT
2015Q3,2015,Q3,2015-11-09,2015-09-30,-50895000.0,445000.0,-51785000.0,-2.1,0.0,0.0,716747000.0,677883000.0,702538000.0,32183000.0,38864000.0,0.0,-607377000.0,4016285470.1800003,3943931470.1800003,27.99444292862006,21.829475188764256,0.0,0.0,-0.0763922387786683,27.99444292862006,-0.07507932784861104,9025.360607146067,-19.728290943019946,5.924747294415114,0.0,0.0,0.0,0.0006208606384121594,21.617251343877204,-0.07100831953255472,-115.21847123128121,0.0,-0.05527638190954779,-1.4633852926821735,-0.9045362014776123,0.0,-1.0,-0.06265920574602246,-0.060646403408159924,-0.3490419599883664,-0.8830593969994294,4.96009863423011,Biotechnology,Healthcare,ICPT
2015Q2,2015,Q2,2015-08-07,2015-06-30,-47894000.0,445000.0,-48824000.0,-1.99,445000.0,1.0,753856000.0,722942000.0,740956000.0,23788000.0,30914000.0,0.0,-556481000.0,5796521526.96,5708264526.96,30.104906735595083,31.148310072305364,0.0,0.0,-0.06753515496402202,30.104906735595083,-0.06624874471257722,13025.891071820224,-30.25703390278532,8.017962059141674,0.0,0.0,0.0,0.0005902984124288989,30.78522784597276,-0.0635320273367858,-159.9103591336353,1.0,-0.11797752808988762,-0.30553400880838766,-0.9186905973525455,4.0121387522990535,0.0,-0.21601213828627952,-0.2311247314384761,-0.30553400880838766,-0.9186905973525455,4.0121387522990535,Biotechnology,Healthcare,ICPT
2015Q1,2015,Q1,2015-05-11,2015-03-31,-39386120.0,1445405.0,-39658045.0,-1.78,0.0,0.0,421642714.0,395918140.0,410384499.0,18152678.0,25724574.0,0.0,-508587835.0,6252944055.759999,6148577817.759999,17.856682044027806,22.60738051983294,0.0,0.0,-0.10016728458059537,17.856682044027806,-0.09948046330991553,4326.084423230859,-39.69002313353029,15.793527560419433,0.0,0.0,0.0,0.003428032673179312,22.145072919819324,-0.0934111243767395,-198.35860688518937,0.0,-0.0920245398773007,-1.2069992255527568,-0.713956278410056,0.0,0.0,-0.13100255320478416,-0.12884293758653892,-1.2069992255527568,-0.713956278410056,0.0,Biotechnology,Healthcare,ICPT
2014Q4,2014,Q4,2015-03-02,2014-12-31,-34824077.0,445405.0,-35131588.0,-1.63,0.0,0.0,254148177.0,230890523.0,245827834.0,15241109.0,23258410.0,0.0,-469201714.0,3335553312.0,3315530385.0,10.798484754663697,16.12926159113487,0.0,0.0,-0.15215690771335816,10.798484754663697,-0.15082506006537133,7488.809761902089,-23.94574098833976,14.446471291504675,0.0,0.0,0.0,0.0017525406054752068,15.896534628812116,-0.1370227298541669,-100.78353107095573,0.0,0.03550295857988169,-0.4874528368634292,-0.9085861394564334,15.046275707941101,0.0,0.0284348187612549,0.02605748174577945,-0.4874528368634292,-0.9085861394564334,15.046275707941101,Biotechnology,Healthcare,ICPT
2014Q3,2014,Q3,2014-11-06,2014-09-30,-35843274.0,445405.0,-36071521.0,-1.69,0.0,0.0,286020791.0,261062120.0,279088748.0,16495966.0,24958671.0,0.0,-434377637.0,5032101117.07,5014042072.07,12.279322641826882,16.91860591856215,0.0,0.0,-0.13817217526617803,12.279322641826882,-0.13729787377808775,11297.810121282877,-35.0979455522813,19.27549319322926,0.0,0.0,0.0,0.001557246934541902,16.537754927477422,-0.12531702284537768,-186.8163998140338,0.0,-2.119205298013245,-0.9759609653573661,-0.8911703452721782,0.0,0.0,-2.0709003001921857,-0.6082760168584092,-0.9759609653573661,-0.8911703452721782,0.0,Biotechnology,Healthcare,ICPT
2014Q2,2014,Q2,2014-08-11,2014-06-30,33470225.0,445405.0,-22428688.0,1.51,0.0,0.0,310768767.0,289940151.0,306648284.0,11920505.0,20828616.0,0.0,-398534363.0,4960970193.22,4916008960.22,13.829661388591914,25.724437345565477,0.0,0.0,-0.07735626791475321,13.829661388591914,0.11543839266331898,11138.110693009734,37.05510041551857,17.110324927781388,0.0,0.0,0.0,0.0014332360497475603,25.085403177130498,0.10770137978505415,-251.42974950381478,0.0,1.1143073429220287,2.0450451828697624,-0.9067808360375631,1.3024878431188835,0.0,1.1298978081757045,0.2805647092273727,2.0450451828697624,-0.9067808360375631,1.3024878431188835,Biotechnology,Healthcare,ICPT
2014Q1,2014,Q1,2014-05-09,2014-03-31,-257665818.0,405403.0,-31175407.0,-13.21,0.0,0.0,141894107.0,-153743833.0,138901456.0,287124424.0,295637940.0,0.0,-443641578.0,6432470842.92,6421260009.92,-7.882379869762993,0.4837674693950801,0.0,0.0,0.20277500821772798,-7.882379869762993,1.6759424620303307,15866.855555878965,-6.241098346735305,-41.83888691600397,0.0,0.0,0.0,0.002857081302185439,0.46706276718555995,-1.8159021783758786,-509.77786050036997,0.0,-19.832151902868887,-15.412701878987914,-0.908800151577252,0.0,0.0,-19.832806555353894,-1.2416530880947736,-15.412701878987914,-0.908800151577252,0.0,Biotechnology,Healthcare,ICPT
2013Q4,2013,Q4,2014-03-14,2013-12-31,-12368272.0,405408.0,-13907329.0,-0.634115959867823,0.0,0.0,150318285.0,82406100.0,147564538.0,8881427.0,67912480.0,0.0,-185975760.0,1331784193.44,1318421008.44,4.224925131050142,16.61495815931381,0.0,0.0,-0.16876577098054635,4.224925131050142,-0.15008927737145672,3285.046652853422,-26.91936661483512,16.161233130071682,0.0,0.0,0.0,0.002696997241553148,16.471224950675158,-0.08228055555583275,-111.6029002550858,0.0,0.6156872970498042,0.4208706680030175,-0.9087879490723922,6.495628746478484,0.0,0.6102894554894839,-0.2526511585510627,0.4208706680030175,-0.9087879490723922,6.495628746478484,Biotechnology,Healthcare,ICPT
2013Q3,2013,Q3,2013-11-14,2013-09-30,-31737073.0,405407.0,-11102316.0,-1.65,0.0,0.0,158891289.0,90962416.0,158354005.0,7511070.0,67928873.0,0.0,-173607488.0,1325301654.69,1291809637.69,4.737891599440239,21.082749195520744,0.0,0.0,-0.12205388212204038,4.737891599440239,-0.3489031447889423,3269.064556581411,-10.43969661828928,14.569771923054464,0.0,0.0,0.0,0.002551474045880514,21.03172943402205,-0.19974079888042195,-203.31087420958835,0.0,-1.0886075949367087,-0.9374483898983434,-0.8903077387111434,0.0,0.0,-1.354920862093311,-0.45736616457530116,-0.9374483898983434,-0.8903077387111434,0.0,Biotechnology,Healthcare,ICPT
2013Q2,2013,Q2,2013-08-13,2013-06-30,-13476917.0,405407.0,-7618069.0,-0.79,0.0,0.0,163868747.0,116271909.0,163463955.0,7164465.0,47597048.0,0.0,-141870415.0,744836078.91,692695108.91,6.8514056052145484,22.815933220414923,0.0,0.0,-0.06551942825674256,6.8514056052145484,-0.11590862415443785,1837.2551014412675,-13.816885547896451,6.405984775824056,0.0,0.0,0.0,0.0024739738810598214,22.73277027663615,-0.0822421434637564,-134.46211511406972,0.0,-0.27419354838709686,0.4801612146862816,-0.8951802671490605,0.14068433572033076,0.0,-0.31995314857336055,-0.11636333795183328,0.4801612146862816,-0.8951802671490605,0.14068433572033076,Biotechnology,Healthcare,ICPT
2013Q1,2013,Q1,2013-05-14,2013-03-31,-10210148.0,405405.0,-6824005.0,-0.62,0.0,0.0,106196105.0,60800370.0,105792546.0,9633407.0,45395735.0,0.0,-128393498.0,609676495.54,577965231.54,3.6718975387384343,10.981841211525683,0.0,0.0,-0.1122362413255051,3.6718975387384343,-0.16792904385285815,1503.8701928688595,-14.928199266553236,10.027512917108893,0.0,0.0,0.0,0.0038175128927751163,10.871496034580497,-0.09614427949122993,-108.0156084833347,0.0,0.693069306930693,0.23390966172463534,-0.8925711480632581,0.0,0.0,0.667317890872922,-0.039572270557320925,0.23390966172463534,-0.8925711480632581,0.0,Biotechnology,Healthcare,ICPT
2012Q4,2012,Q4,2013-04-01,2012-12-31,-30690403.0,405405.0,-6564243.0,-2.02,0.0,0.0,112178597.0,65911865.0,111778219.0,12964054.0,46266732.0,0.0,-118183350.0,521235862.40000004,475724221.40000004,4.329752460255889,8.622165489282905,0.0,0.0,-0.0995912192744053,4.329752460255889,-0.4656278956755358,1285.7164129697464,-4.245919012533006,7.908073340057971,0.0,0.0,0.0,0.0036139246776281217,8.547343215324466,-0.273585192013054,-121.0229362156419,0.0,-0.08602150537634404,-0.8412337903099184,-0.8831338281399861,6.631984318691067,-1.0,-4.916806246708108,-0.7337372407711095,-0.8412337903099184,-0.8831338281399861,6.631984318691067,Biotechnology,Healthcare,ICPT
2012Q3,2012,Q3,2012-09-30,2012-09-30,-5186988.0,523191.0,-3786181.0,-1.86,523191.0,1.0,38569619.0,15637484.0,38154937.0,6046533.0,22932135.0,0.0,-87492947.0,64587760.4,28616374.4,4.696976450665102,6.310217276578165,0.0,0.0,,4.696976450665102,-0.3317022098951468,123.44967784231763,-3.112970398234968,4.130316641730856,0.0,0.0,0.0,0.013564847503419726,5.949092810706565,-0.13448377594811087,-17.482852973555016,1.0,-0.06107756419947128,-0.8260257024943959,-0.18365566729699592,0.0,0.0,-0.019858682297064462,0.2723264126926652,-0.8260257024943959,-0.18365566729699592,0.0,Biotechnology,Healthcare,ICPT
2012Q2,2012,Q2,2012-06-30,2012-06-30,-5085987.0,758755.0,-5203131.0,-1.752935,0.0,0.0,41945091.0,19996901.0,41508077.0,5603927.0,21948190.0,0.0,-82305959.0,64587760.4,24840527.4,6.006399308436154,7.406962474707469,0.0,0.0,-0.26019686750461984,6.006399308436154,-0.2543387597908296,85.12334073581063,-3.1747898883736823,3.2298884912217143,0.0,0.0,0.0,0.018089244340893193,7.190891851374937,-0.12125345013555937,-16.67233110193242,0.0,-0.7016060533992127,0.0,0.0,0.0,0.0,-0.8979744687075978,-0.5485356840245319,0.0,0.0,0.0,Biotechnology,Healthcare,ICPT
2012Q1,2012,Q1,2012-03-31,2012-03-31,-2679692.0,758754.0,-3360033.0,-1.030165,0.0,0.0,,,,,,,,64587760.4,,,0.0,0.0,0.0,0.0,,0.0,85.12345292413615,-6.025670151644293,0.0,0.0,0.0,0.0,0.0,0.0,0.0,-16.50574613593959,0.0,0.059164559710769116,0.0,0.0,0.0,-1.0,0.26499365847022116,0.24318194718362837,0.0,0.0,0.0,Biotechnology,Healthcare,ICPT
2011Q4,2011,Q4,2011-12-31,2011-12-31,-3645808.0,758753.0,-4439684.0,-1.094947060756244,758753.0,1.0,19470329.0,-2559778.0,18904094.0,4032067.0,22030107.0,0.0,-74540279.0,64595520.4,46969806.4,-0.7687792108878188,4.688437468921028,0.004199312708069802,-0.03194105113802838,,-0.7687792108878188,1.4242672606765119,85.13379241993113,-4.429437891408434,-25.23481348773214,0.0,0.0,0.0,0.03896970616161648,4.549645628408457,-0.18724942963213412,-13.855678680401756,1.0,-0.013839871070596163,0.0,0.0,0.0,0.18375373651267138,-0.2833149708018149,-0.4674865784833967,0.0,0.0,0.0,Biotechnology,Healthcare,ICPT
2011Q3,2011,Q3,2011-09-30,2011-09-30,-2840930.0,640972.0,-3025366.0,-1.08,640972.0,1.0,,,,,,,,64595520.4,,,0.0,0.0,0.0,0.0,,0.0,100.77744488058761,-5.684363958281267,0.0,0.0,0.0,0.0,0.0,0.0,0.0,-30.76964721058092,1.0,0.0,0.0,0.0,0.0,0.0,0.0,0.0,0.0,0.0,0.0,Biotechnology,Healthcare,ICPT
