Year,Date,FillingDate,NetIncome,Revenue,OperatingIncome,EPSDiluted,GrossProfit,GrossProfitRatio,TotalAssets,CommonStockEquity,CurrentAssets,CurrentLiability,TotalLiability,Inventory,RetainedEarnings,EnterpriseValue,bookValuePerShare,currentRatio,debtToAssets,debtToEquity,roic,shareholdersEquityPerShare,roe,priceToSalesRatio,peRatio,pbRatio,payoutRatio,inventoryTurnover,dividendYield,assetTurnover,quickRatio,returnOnAssets,priceToFreeCashFlowsRatio,grossProfitMargin,epsdilutedGrowth,fiveYNetIncomeGrowthPerShare,fiveYRevenueGrowthPerShare,fiveYShareholdersEquityGrowthPerShare,grossProfitGrowth,netIncomeGrowth,operatingIncomeGrowth,threeYNetIncomeGrowthPerShare,threeYRevenueGrowthPerShare,threeYShareholdersEquityGrowthPerShare,Industry,Sector,Price,MarketCap,AvgVolume,Symbol
2022,2022-12-31,2023-02-17,-544600000.0,5029600000.0,-295100000.0,-5.21,48600000.0,0.0096627962,6666200000.0,-247500000.0,3158300000.0,1952500000.0,6910000000.0,1470700000.0,1232500000.0,6399860000.0,-2.366156787762906,1.6175672215108834,0.5943866070624944,-16.00929292929293,-0.07823155170393646,-2.366156787762906,2.2004040404040404,0.6155877206934945,-5.685200146896805,-12.509737373737375,-0.007712082262210797,3.3868226014822875,0.001356519042943517,0.7544928144970148,0.8446094750320102,-0.08169571870030902,-5.9979852770244095,0.009662796246222363,-0.00968992248062012,-2.7134948201281484,-0.19572871455917668,-1.153452033764968,1.4125636672325976,-0.012267657992565056,0.03055190538764783,-2.017531596008257,-0.3664692207932139,-1.1391698894131017,Aerospace & Defense,Industrials,29.84,3139615600,3139377,SPR
2021,2021-12-31,2022-02-15,-538000000.0,3953000000.0,-304400000.0,-5.16,-117800000.0,-0.0298001518,7737300000.0,448300000.0,3806000000.0,1876000000.0,7288500000.0,1382600000.0,1781400000.0,6890578000.0,4.302303262955854,2.0287846481876333,0.5013635247437737,8.653134062012045,-0.06681838048114298,4.302303262955854,-1.2000892259647558,1.1358406273716164,-8.345684014869889,10.01556546955164,-0.007992565055762083,2.9443078258353825,0.0009576884341081403,0.5109017357476122,1.2704690831556502,-0.06953329972987993,-21.000832553788587,-0.029800151783455603,0.38055222088835533,-2.3861463416228843,-0.2957628023546883,-0.7186535075150479,0.7326979804855911,0.37853759963035694,0.625492125984252,-1.903760067442924,-0.4326835628605492,-0.6245565995481317,Aerospace & Defense,Industrials,29.84,3139615600,3139377,SPR
2020,2020-12-31,2021-02-25,-865700000.0,3404800000.0,-812800000.0,-8.33,-440700000.0,-0.1294349154,8383900000.0,856500000.0,4485000000.0,1709400000.0,7526900000.0,1422300000.0,2326400000.0,6133851000.0,8.243503368623676,2.623727623727624,0.4706282279130238,4.606771745475774,-0.13293796428056387,8.243503368623676,-1.010741389375365,1.1928603735902257,-4.691522467367449,4.741915936952715,-0.017789072426937738,2.7037193278492584,0.003791748318519662,0.40611171411872754,1.5947700947700947,-0.10325743389114851,-4.701841861542024,-0.12943491541353383,-2.646245059288538,-2.462096775276087,-0.3173641981592354,-0.46171225939253746,-1.4093062134299248,-2.63308809658555,-2.068349106203996,-3.7421342508334434,-0.45187847235765893,-0.46538523406149623,Aerospace & Defense,Industrials,29.84,3139615600,3139377,SPR
2019,2019-12-31,2020-02-28,530100000.0,7863100000.0,760800000.0,5.06,1076700000.0,0.1369307271,7606000000.0,1761400000.0,4643000000.0,1760700000.0,5844100000.0,1118800000.0,3201300000.0,8283168000.0,17.001930501930502,2.6370193672970976,0.40537733368393375,1.7504825706824116,0.1243299505718078,17.001930501930502,0.3009537867605314,0.9602278999376836,14.24328994529334,4.286572044964233,0.09507640067911714,6.065784769395782,0.006675171329397455,1.0338022613726006,1.945362639859147,0.06969497764922429,10.93463866763215,0.13693072706693288,-0.10442477876106207,0.9965199313025402,0.5628030960717159,0.4679434290905151,-0.008654819998158548,-0.14084278768233388,-0.09772296015180265,0.37370214126654416,0.40894457368643655,0.11183085427238305,Aerospace & Defense,Industrials,29.84,3139615600,3139377,SPR
2018,2018-12-31,2019-02-08,617000000.0,7222000000.0,843200000.0,5.65,1086100000.0,0.15038770423705344,5685900000.0,1237600000.0,2849300000.0,1582100000.0,4447800000.0,1012600000.0,2713200000.0,8865120000.0,11.459259259259259,1.8009607483724164,0.32589387783816104,1.4972527472527473,0.21937955944656845,11.459259259259259,0.49854557207498384,1.078055940182775,12.618670988654783,6.2909825468649005,0.07779578606158834,6.059549674106261,0.006165133089810575,1.2701595174026978,1.130206687314329,0.10851404351114159,15.612031281331461,0.15038770423705344,0.8770764119601332,2.299069305868469,0.5851003746574958,0.09368006304176515,0.32370505789152954,0.7385178923640462,0.48163767351959236,0.0025029467149410576,0.3929859358598503,-0.2517284824338375,Aerospace & Defense,Industrials,29.84,3139615600,3139377,SPR
2017,2017-12-31,2018-02-09,354900000.0,6983000000.0,569100000.0,3.01,820500000.0,0.11749964198768438,5267800000.0,1801000000.0,2651100000.0,1621000000.0,3466300000.0,1449900000.0,2422400000.0,10879700000.0,15.419520547945206,1.6354719309068477,0.2111317817684802,0.6175458078845086,0.12787392899181516,15.419520547945206,0.19705719044975015,1.4593727624230273,28.714567483798255,5.658411993337035,0.1327134404057481,4.250293123663701,0.004621815755387212,1.3256008200766924,0.7066625539790253,0.06737157826796765,33.90153027278776,0.11749964198768438,-0.18648648648648658,11.285080597543693,0.5584201452115195,0.08671936540567547,-0.1706256949358132,-0.2444113263785395,-0.21514273893256103,0.18560154854079808,0.2310322165218471,0.3313184561901504,Aerospace & Defense,Industrials,29.84,3139615600,3139377,SPR
2016,2016-12-31,2017-02-10,469700000.0,6792900000.0,725100000.0,3.7,989300000.0,0.1456373566517982,5405200000.0,1928300000.0,2910400000.0,1544200000.0,3476400000.0,1515300000.0,2113900000.0,7737135000.0,15.291831879460746,1.8847299572594223,0.199234070894694,0.558471192241871,0.1705511503798193,15.291831879460746,0.24358243011979464,1.0831802323013735,15.665179902065148,3.8157625888087954,0.0,3.8300006599353265,0.0,1.2567342559017243,0.8795492811811941,0.08689780211648043,15.895301360985094,0.1456373566517982,-0.34628975265017664,1.6948813023357037,0.5417134512559879,0.08370990613019842,-0.11002159050017993,-0.40446304044630405,-0.15979142526071843,1.8469863016845391,0.2769184872168699,0.4594635897114512,Aerospace & Defense,Industrials,29.84,3139615600,3139377,SPR
2015,2015-12-31,2016-02-12,788700000.0,6643900000.0,863000000.0,5.66,1111600000.0,0.16731136832282245,5777500000.0,2119500000.0,3299100000.0,1459000000.0,3657500000.0,1774400000.0,1656200000.0,7096488000.0,15.314306358381502,2.261206305688828,0.1945651233232367,0.5303609341825902,0.2585545838805436,15.314306358381502,0.3721160651096957,1.0430150965547345,8.786215290985165,3.26949186128804,0.0,3.11784265103697,0.0,1.1499610558199913,1.0241946538725155,0.1365123323236694,7.454483648881239,0.16731136832282245,1.2371541501976286,2.5899984024167075,0.5865922421384012,0.16650621234026133,0.021503400110273848,1.1981605351170568,1.4378531073446328,22.04043128363564,0.2513314250417726,0.07930419987190815,Aerospace & Defense,Industrials,29.84,3139615600,3139377,SPR
2014,2014-12-31,2015-02-13,358800000.0,6799200000.0,354000000.0,2.53,1088200000.0,0.16004824096952583,5162700000.0,1621500000.0,3052100000.0,1258800000.0,3540700000.0,1753000000.0,867500000.0,6788300000.0,11.582142857142857,2.4246107403876707,0.2209309082456854,0.703422756706753,0.1741900131839156,11.582142857142857,0.22127659574468084,0.8862219084598189,16.79375696767001,3.716065371569534,0.0,3.257843696520251,0.0,1.3169852983903771,0.7812996504607562,0.06949851821721192,42.613861386138616,0.16004824096952583,1.5749999999999997,0.8489470154258886,0.6468403299532393,0.018121373636850742,12.04771573604061,1.5774058577405858,1.9717265989569037,0.8542084942084941,0.3899312119271822,-0.17919036467045837,Aerospace & Defense,Industrials,29.84,3139615600,3139377,SPR
2013,2013-12-31,2014-02-19,-621400000.0,5961000000.0,-364300000.0,-4.4,-98500000.0,-0.016524073142090253,5107200000.0,1480500000.0,2944200000.0,1335600000.0,3626200000.0,1842600000.0,508700000.0,5562104000.0,10.477707006369426,2.2044025157232703,0.22855968045112782,0.7884498480243161,-0.19861811487583847,10.477707006369426,-0.41972306653157715,0.8078349270256668,-7.749443192790473,3.2526200607902735,0.0,3.2885596439813307,0.0,1.1671757518796992,0.7273884396525906,-0.12167136591478697,-401.292,-0.016524073142090253,-19.333333333333336,-3.270119586080592,0.5323178861478337,0.10674314562267656,-1.6463254593175853,-18.85632183908046,-4.94691224268689,-3.7704326173103175,0.3942969887447611,-0.20190245460763154,Aerospace & Defense,Industrials,29.84,3139615600,3139377,SPR
2012,2012-12-31,2013-03-01,34800000.0,5397700000.0,92300000.0,0.24,152400000.0,0.028234247920410547,5415300000.0,1996400000.0,3355400000.0,1067000000.0,3418400000.0,2410800000.0,1127900000.0,239503400000.0,14.189054726368159,3.144704779756326,0.21719941646815505,0.589160488879984,0.09059617934706272,14.189054726368159,0.01743137647765979,44.23511866165219,6861.146551724139,119.5992286115007,0.0,2.175750788120126,0.0,0.9967499492179566,0.8073102155576383,0.006426236773585951,808.2867298578199,0.028234247920410547,-0.8222222222222222,-0.8880838216941085,0.3349200736642628,0.5049840688080205,-0.723762914627515,-0.8191268191268192,-0.7408031451839371,-0.821562876429389,0.30087737114354685,0.24728040974811957,Aerospace & Defense,Industrials,29.84,3139615600,3139377,SPR
2011,2011-12-31,2012-02-23,192400000.0,4863800000.0,356100000.0,1.35,551700000.0,0.1134298285291336,5042400000.0,1964200000.0,3155800000.0,913500000.0,3077700000.0,2630900000.0,1093100000.0,290280700000.0,14.110632183908047,3.454625068418172,0.23816039980961448,0.6113939517360758,0.0776279128710575,14.110632183908047,0.09795336523775583,59.47152432254616,1503.4178794178795,147.26484064759188,0.0,1.639020867383785,0.0,0.9645803585594162,0.4871373836891078,0.03815643344439156,-973.9313131313131,0.1134298285291336,-0.1290322580645161,8.214559386973182,0.22000258716543775,0.8398030321277081,-0.02267493356953056,-0.12105984467793512,-0.0025210084033613447,-0.28651395854446554,0.26913664502390083,0.49048312197024097,Aerospace & Defense,Industrials,29.84,3139615600,3139377,SPR
2010,2010-12-31,2011-02-22,218900000.0,4172400000.0,357000000.0,1.55,564500000.0,0.13529383568210143,5102000000.0,1810400000.0,3294700000.0,1164800000.0,3291100000.0,2507900000.0,900700000.0,861624900000.0,13.128353879622916,2.828554258241758,0.23457467659741277,0.6610693769332744,0.08754141169319891,13.128353879622916,0.12091250552364119,206.33441184929538,3932.890360895386,475.53562748563854,0.0,1.438613979823757,0.0,0.817796942375539,0.624742445054945,0.0429047432379459,-5281.654601226994,0.13529383568210143,0.13138686131386856,2.984227701232778,1.8281102089473942,3.548382271830683,0.1355864011265339,0.14188836724047993,0.17705242334322452,-0.28172753111863436,0.05283978689053471,0.39247919044172436,Aerospace & Defense,Industrials,29.84,3139615600,3139377,SPR
2009,2009-12-31,2010-02-26,191700000.0,4078500000.0,303300000.0,1.37,497100000.0,0.12188304523721957,4473800000.0,1573300000.0,2852900000.0,982200000.0,2900000000.0,2206900000.0,681800000.0,824516200000.0,11.375994215473607,2.904601914070454,0.19978541731861058,0.568105256467298,0.08648011645572448,11.375994215473607,0.12184580181783512,202.03295329165135,4298.338028169014,523.7344435263459,0.0,1.6228193393447823,0.0,0.9116411104653762,0.5853186723681532,0.04284947918995038,-3403.5167286245355,0.12188304523721957,-0.28272251308900515,2.732646420824295,1.75646793913314,2.9412687141546447,-0.1832073611567532,-0.27769404672192916,-0.2524032536356914,8.240780911062908,0.02968068226827025,0.48324953682542965,Aerospace & Defense,Industrials,29.84,3139615600,3139377,SPR
2008,2008-12-31,2009-02-20,265400000.0,3771800000.0,405700000.0,1.91,608600000.0,0.16135532106686462,3760300000.0,1297000000.0,2433300000.0,743300000.0,2463300000.0,1882000000.0,490100000.0,418358500000.0,9.467153284671532,3.2736445580519304,0.1563705023535356,0.4533538936006168,0.14879093044096503,9.467153284671532,0.20462606013878182,110.81897237393287,1574.9321778447627,322.27216653816504,0.0,1.6807651434643995,0.0,1.0030582666276626,0.643750840844881,0.07057947504188496,-16652.868525896414,0.16135532106686462,-0.10328638497652581,3.421532846715328,1.5733730473424998,2.279941457972066,-0.08288125376732972,-0.10609632873021219,-0.032204198473282444,3.421532846715328,1.5733730473424998,2.279941457972066,Aerospace & Defense,Industrials,29.84,3139615600,3139377,SPR
TTM,,,,,,,,,,,,,,,,6535115600.0,-4.272640610104862,1.5688379861608208,0.6028107746361051,-8.842704149933066,-0.09741128857964183,-4.272640610104862,5.986057319907049,0.5939155174696857,-4.050486542443064,-6.983971441320839,-0.004011387163561077,3.4041056097088633,0.0003351206434316354,0.8040366860845362,0.8024337866857552,-0.11754148478257563,-10.924201809324982,0.002459186954959045,,,,,,,,,,,Aerospace & Defense,Industrials,29.84,3139615600,3139377,SPR
