Quarters,Year,Quarter,FillingDate,Date,NetIncome,Revenue,OperatingIncome,EPSDiluted,GrossProfit,GrossProfitRatio,TotalAssets,CommonStockEquity,CurrentAssets,CurrentLiability,TotalLiability,Inventory,RetainedEarnings,MarketCap,EnterpriseValue,bookValuePerShare,currentRatio,debtToAssets,debtToEquity,roic,shareholdersEquityPerShare,roe,priceToSalesRatio,peRatio,pbRatio,payoutRatio,inventoryTurnover,dividendYield,assetTurnover,quickRatio,returnOnAssets,priceToFreeCashFlowsRatio,grossProfitMargin,epsdilutedGrowth,fiveYNetIncomeGrowthPerShare,fiveYRevenueGrowthPerShare,fiveYShareholdersEquityGrowthPerShare,grossProfitGrowth,netIncomeGrowth,operatingIncomeGrowth,threeYNetIncomeGrowthPerShare,threeYRevenueGrowthPerShare,threeYShareholdersEquityGrowthPerShare,Industry,Sector,Symbol
2023Q1,2023,Q1,2023-05-10,2023-03-31,-9964000.0,83618000.0,-4337000.0,-0.76,21100000.0,0.2523380133,362123000.0,33620000.0,166477000.0,119124000.0,328503000.0,-3944000.0,-211852000.0,21523540.5,168135540.5,2.5773176118492214,1.397510157482959,0.610218075073939,6.57269482450922,-0.01873770591745446,2.5773176118492214,-0.2963712076145152,0.25740319668014067,-0.5400326299678844,0.6402004907792981,0.0,-15.851419878296147,0.0,0.23091049173899475,1.3590124576071991,-0.027515512684916452,51.73928004807692,0.25233801334640865,0.8303571428571429,-41.10191724265387,0.0,-0.9795427379681093,0.23920831620367652,0.8277465640936986,0.4403148793392696,0.5057961758026975,0.08798480638816422,1.3533684749204642,Software—Application,Technology,KLR
2022Q4,2022,Q4,2023-03-16,2022-12-31,-57845000.0,93662000.0,-7749000.0,-4.48,17027000.0,0.1817919754,370173000.0,42213000.0,173045000.0,116989000.0,327960000.0,1401000.0,-200618000.0,34161900.7535,181241900.75349998,3.2657649381107645,1.479156159980853,0.6066893047304909,5.320162035391941,-0.026225137249268882,3.2657649381107645,-1.3703124629853363,0.3647359735378275,-0.1476441384454145,0.8092744119939355,0.0,54.70021413276231,0.0,0.25302223554932424,1.4382292352272437,-0.15626477349779697,-3.485908240153061,0.18179197540090966,-3.8695652173913047,-34.597259482752335,0.0,-0.9700873982761044,0.02019173157579389,-3.955028267945863,0.16090958310774228,-4.026791287929195,-0.16786222194199224,1.3446591489887165,Software—Application,Technology,KLR
2022Q3,2022,Q3,2022-11-07,2022-09-30,-11674000.0,83916000.0,-9235000.0,-0.92,16690000.0,0.1988893656,423383000.0,96541000.0,179239000.0,111972000.0,326842000.0,0.0,-142483000.0,43311091.215,176754091.215,7.567500282386963,1.600748401386061,0.5195744751206355,2.278607016707927,-0.030812321391450122,7.567500282386963,-0.12092271677318445,0.5161243531031031,-0.9275118043301354,0.4486289888751929,0.0,0.0,0.0,0.19820351785499182,1.5627746222269854,-0.027573142993459823,3.188390107111308,0.19888936555603223,0.28125,0.0,0.0,0.0,-0.10509383378016086,0.26286544168718823,0.19239177962396153,0.2315046982566943,-0.912321911495082,-0.9515641062800164,Software—Application,Technology,KLR
2022Q2,2022,Q2,2022-08-08,2022-06-30,-15837000.0,81109000.0,-11435000.0,-1.28,18650000.0,0.2299374915,425967000.0,104902000.0,176643000.0,105930000.0,321065000.0,0.0,-130809000.0,88558148.28,235908148.28,8.457722914799863,1.6675446049277824,0.518753800177009,2.10646126861261,-0.0348657122200024,8.457722914799863,-0.15096947627309298,1.0918412047984811,-1.3979628130327713,0.8441988549312691,0.0,0.0,0.0,0.1904114637988389,1.619050316246578,-0.03717893639648142,-6.477336767115272,0.22993749152375198,-0.1743119266055045,-15.148447042050607,0.0,-0.9330070777417531,0.05141504115458338,-0.20232310962648042,-0.18718853820598005,-12.559217449306676,0.0,-0.8618518397609455,Software—Application,Technology,KLR
2022Q1,2022,Q1,2022-05-09,2022-03-31,-13172000.0,80481000.0,-9632000.0,-1.09,17738000.0,0.2203998459,436409000.0,110380000.0,183920000.0,109014000.0,326029000.0,0.0,-114972000.0,252640148.67,392503148.66999996,9.144442845533892,1.6871227548755205,0.5180576019284662,2.0482424352237723,-0.030197063035313127,9.144442845533892,-0.11933321253850335,3.1391278521638646,-4.795022560545095,2.2888217853777855,0.0,0.0,0.0,0.1844164533728681,1.6256260663767956,-0.030182695590604228,799.4941413607595,0.22039984592636772,-0.7868852459016396,-58.29012466948552,0.0,-0.9274166821478738,-0.15985411831572965,-0.8061154531742767,-1.7355864811133201,-4.27229371154909,0.0,-0.9243585962435512,Software—Application,Technology,KLR
2021Q4,2021,Q4,2022-03-08,2021-12-31,-7293000.0,90008000.0,-3521000.0,-0.61,21113000.0,0.2345680384,448481000.0,117422000.0,192180000.0,111440000.0,331059000.0,4800000.0,-101800000.0,420817523.84000003,559831523.84,9.805221613273014,1.7245154343144293,0.5106459359482342,1.9503585358791369,-0.008846508151437235,9.805221613273014,-0.062109315119824225,4.675334679584037,-14.425391602906897,3.583804771167243,0.0,14.353125,0.0,0.2006952356956036,1.6581209619526203,-0.016261558460670573,-59.14511930288124,0.23456803839658696,0.39,-3.844245993891914,0.0,-0.9101895897314511,0.07658966906328081,0.3850240323804705,0.5276995305164319,-3.301463988016976,0.0,-0.9214439677666879,Software—Application,Technology,KLR
2021Q3,2021,Q3,2021-11-09,2021-09-30,-11859000.0,84025000.0,-7455000.0,-1.0,19611000.0,0.233394823,457759000.0,118979000.0,199419000.0,115995000.0,338780000.0,0.0,-94507000.0,457519157.23499995,619587157.2349999,10.021123033860276,1.719203413940256,0.5076273759773156,1.953042133485741,-0.0226684229309549,10.021123033860276,-0.09967305154691164,5.445036087295447,-9.644977595813305,3.8453773963052305,0.0,0.0,0.0,0.18355728669452703,1.6716841243157032,-0.02590664519976669,152.76098739065108,0.23339482296935435,-1.173913043478261,0.0,0.0,0.0,0.8743190289591896,-1.6429685758858925,0.31245965138799225,0.3064745124070984,0.0,-0.968993767960125,Software—Application,Technology,KLR
2021Q2,2021,Q2,2021-08-09,2021-06-30,-4487000.0,53992000.0,-10843000.0,-0.46,10463000.0,0.1937879686,456430000.0,130073000.0,209865000.0,103097000.0,326357000.0,0.0,-82648000.0,419744734.92,534026734.92,13.275514512557354,2.0356072436637342,0.5102797800319874,1.790586824321727,-0.011259861972549709,13.275514512557354,-0.034496013776879136,7.774202380352645,-23.38671355694228,3.226993572224828,0.0,0.0,0.0,0.11829196152750696,1.994665218192576,-0.00983064215761453,-71.65324938886992,0.19378796858793895,0.6134453781512605,-6.074420425629813,0.0,-0.8948457497795635,0.6544908285895004,0.566808264143657,-0.08375812093953024,-6.074420425629813,0.0,-0.8948457497795635,Software—Application,Technology,KLR
2021Q1,2021,Q1,2021-05-10,2021-03-31,-10358000.0,39714000.0,-10005000.0,-1.19,6324000.0,0.1592385557,119080000.0,11938000.0,87860000.0,71673000.0,107142000.0,0.0,-78161000.0,428145646.95,440634646.95,1.3760277704488757,1.2258451578697696,0.40305676855895195,4.02043893449489,-0.16664922532460483,1.3760277704488757,-0.8676495225330876,10.780723345671552,-10.333694896456844,35.864101771653544,0.0,0.0,0.0,0.3335068861269735,1.208642026983662,-0.08698354047699026,-47.21500297198941,0.1592385556730624,-1.2452830188679243,-63.680538086212444,0.0,-0.9890778844897453,-0.1940869121957436,-1.2885550154661953,-1.1506878761822872,-63.680538086212444,0.0,-0.9890778844897453,Software—Application,Technology,KLR
2020Q4,2020,Q4,2021-03-16,2020-12-31,-4526000.0,44268000.0,-4652000.0,-0.53,7847000.0,0.1772612271,118502000.0,-7429000.0,85045000.0,88768000.0,125931000.0,0.0,-67803000.0,292750711.19,318371711.19,-0.8757443797757628,0.9580592105263158,0.49443047374727855,-7.886794992596581,-0.0725156148809834,-0.8757443797757628,0.609234082649078,6.613145188172043,-16.17049885053027,-39.40647613272311,0.0,0.0,0.0,0.3735633153870821,0.9417582912761355,-0.038193448211844526,144.4256098618648,0.17726122707147374,0.19696969696969696,-3.243982503170502,0.0,-1.0080213344624023,0.04556962025316456,0.1513219576223514,-0.0073624945864010395,-3.243982503170502,0.0,-1.0080213344624023,Software—Application,Technology,KLR
2020Q3,2020,Q3,2020-11-09,2020-09-30,-5333000.0,38268000.0,-4618000.0,-0.66,7505000.0,0.19611686,111762000.0,-5864000.0,79659000.0,73645000.0,117626000.0,0.0,-63277000.0,214747960.49,241137960.49,-0.7244395692747191,1.0816620272930952,0.518100964549668,-9.874488403819917,-0.08456886823189289,-0.7244395692747191,0.9094474761255116,5.611684971516672,-10.06693983170823,-36.62141208901774,0.0,0.0,0.0,0.34240618457078437,1.0650010183990766,-0.04771747105456237,-19.937606581561603,0.19611686003971987,0.5217391304347826,0.0,0.0,0.0,0.7240983229956351,0.343873031496063,0.38582258279026466,0.0,0.0,0.0,Software—Application,Technology,KLR
2020Q2,2020,Q2,2020-08-10,2020-06-30,-8128000.0,31199000.0,-7519000.0,-1.38,4353000.0,0.1395237027,114116000.0,-8990000.0,83141000.0,93960000.0,123106000.0,0.0,-57944000.0,83251526.54,94062526.54,-1.526922151258369,0.8848552575564069,0.42090504399032563,-5.342825361512792,-0.18544615038282006,-1.526922151258369,0.9041156840934371,2.668403684092439,-2.5606399649360236,-9.260459014460512,0.0,0.0,0.0,0.2733972449086894,0.8728820774797786,-0.07122577026884924,-31.8483269089518,0.1395237026827783,0.10967741935483881,-16.297028323166472,0.0,-1.0120946238135384,-0.07989854153455929,0.07877139295024368,0.21521761820269283,-16.297028323166472,0.0,-1.0120946238135384,Software—Application,Technology,KLR
2020Q1,2020,Q1,2020-05-15,2020-03-31,-8823000.0,33633000.0,-9581000.0,-1.55,4731000.0,0.1406654179,111441000.0,-41635000.0,80436000.0,121127000.0,153076000.0,0.0,-49816000.0,145850974.15,180415974.15,-7.293569728961594,0.6640633384794472,0.4558645381861254,-1.2201753332532725,-0.9797560852131746,-7.293569728961594,0.21191305392097995,4.336543696666964,-4.1326922291170805,-3.503085724750811,0.0,0.0,0.0,0.3018009529706302,0.48197346586640466,-0.0791719385145503,-39.65496850190321,0.14066541789314066,-0.7415730337078652,-82.1444899435741,0.0,-1.0578921536124444,-0.41397250092902266,-1.4219050233324184,-4.409937888198757,-82.1444899435741,0.0,-1.0578921536124444,Software—Application,Technology,KLR
2019Q4,2019,Q4,2020-04-22,2019-12-31,-3643000.0,35633000.0,-1771000.0,-0.89,8073000.0,0.2265596498,117404000.0,-38774000.0,86502000.0,130702000.0,156178000.0,0.0,-10804000.0,121739766.75,151643766.75,-9.475346723547094,0.6618261388502089,0.39186910156383087,-1.1865425284984783,-0.4269930707596036,-9.475346723547094,0.09395471192035901,3.4164893988718323,-8.354362252950864,-3.1397267950172796,,0.0,,0.30350754659125756,0.46469067037994827,-0.031029607168409936,0.0,0.22655964976286028,0.2521008403361344,-6.0815073560407855,0.0,-1.0867889386127247,0.1519691780821918,-5.496853226045195,-1.0972379459147084,-6.0815073560407855,0.0,-1.0867889386127247,Software—Application,Technology,KLR
2019Q3,2019,Q3,2019-12-11,2019-09-30,-560733.0,35329000.0,-844444.0,-1.19,7008000.0,0.1983639503,79366258.0,73573619.0,488115.0,5792639.0,5792639.0,0.0,-1751523.0,17183469.41,35899188.41,156.23744502653378,0.08426470215043609,0.2417327776748653,0.2607650168737792,-0.011169349822486095,156.23744502653378,-0.007621386682093211,0.48638425684282033,-7.661163784724637,0.2335547665529407,0.0,0.0,0.0,0.4451387893328674,0.9404440704832461,-0.007065130877154369,-50.698122099387206,0.198363950295791,-11.632696390658172,0.0,0.0,0.0,0.0,-3.917416469350171,-0.3629121287048813,0.0,0.0,0.0,Software—Application,Technology,KLR
2019Q2,2019,Q2,2019-08-08,2019-06-30,-114030.0,0.0,-619588.0,-0.0942,0.0,0.0,78361971.0,74134352.0,368173.0,4227619.0,4227619.0,0.0,-1190790.0,43846978.68,45591832.68,61.22211761752338,0.08708755448397786,0.026468183144602118,0.027977569696704167,0.010418076490611258,61.22211761752338,-0.0015381533246557548,0.0,-96.13035753749014,0.5914529161865474,0.0,0.0,0.0,0.0,0.07952253975582946,-0.0014551701360344803,-84.89924404454177,0.0,0.5514285714285714,-2.0434560176460668,0.0,-0.5150646802511085,0.0,0.5388479083762011,0.24477880464062915,-2.0434560176460668,0.0,-0.5150646802511085,Software—Application,Technology,KLR
2019Q1,2019,Q1,2019-05-08,2019-03-31,-247272.0,0.0,-820406.0,-0.21,0.0,0.0,147720523.0,144428741.0,183183.0,3291782.0,3291782.0,0.0,-1076760.0,42758026.68,44058179.68,120.89202991231213,0.05564858183196822,0.009731213854421569,0.009953005129359952,-0.08964481825629753,120.89202991231213,-0.0017120692065023264,0.0,-43.22974970882267,0.2960492931251128,0.0,0.0,0.0,0.0,0.041724208954298916,-0.0016739177128421079,-70.96273235724647,0.0,-0.4999999999999998,-11.866261973226205,0.0,-0.04042873019872841,0.0,-0.5068097475366081,-0.17747542160028704,-11.866261973226205,0.0,-0.04042873019872841,Software—Application,Technology,KLR
2018Q4,2018,Q4,2019-02-06,2018-12-31,-164103.0,0.0,-696750.0,-0.14,0.0,0.0,146131923.0,144676013.0,421386.0,1455910.0,1455910.0,0.0,-829488.0,41078291.36,40753991.36,124.81818817110606,0.28943135221270544,0.0,0.0,0.015669542980326443,124.81818817110606,-0.0011342792533272257,0.0,-62.580043265510064,0.28393297899355296,0.0,0.0,0.0,0.0,0.22553797968281006,-0.001122978447358145,-82.97253462550724,0.0,0.9027777777777777,-0.12618541207993864,0.0,0.143265612013234,0.0,0.7457486102417591,0.363154839977515,-0.12618541207993864,0.0,0.143265612013234,Software—Application,Technology,KLR
2018Q3,2018,Q3,2018-12-06,2018-09-30,-645436.0,0.0,-1094065.0,-1.44,0.0,0.0,145899402.0,144840116.0,713936.0,1059286.0,1059286.0,0.0,-665385.0,15644846.679999998,15047578.679999998,323.19705989985454,0.6739785100529979,0.0,0.0,-0.011510156474281278,323.19705989985454,-0.004456196375871447,0.0,-6.059797826585439,0.10801459645337481,0.0,0.0,0.0,0.0,0.5697205476141476,-0.004423842669348295,-32.36304614856324,0.0,-7.470588235294117,0.0,0.0,0.0,0.0,-7.206175059375571,-2.7646672218131267,0.0,0.0,0.0,Software—Application,Technology,KLR
2018Q2,2018,Q2,2018-08-09,2018-06-30,103999.0,0.0,-290614.0,-0.17,0.0,0.0,145786545.0,145485552.0,1076127.0,300993.0,300993.0,0.0,-19949.0,39791646.870000005,38906407.870000005,126.24800694910269,3.5752559029611986,0.0,0.0,-0.0006944317411092122,126.24800694910269,0.0007148407423989428,0.0,95.65391703285609,0.2735092682605349,0.0,0.0,0.0,0.0,2.969534175213377,0.0007133648719091326,-109.29399078222036,0.0,0.19047619047619038,0.0,0.0,0.0,0.0,3.731528662420382,0.07069537800346634,0.0,0.0,0.0,Software—Application,Technology,KLR
2018Q1,2018,Q1,2018-05-09,2018-03-31,21980.0,0.0,-312722.0,-0.21,0.0,0.0,145692855.0,145381554.0,1388529.0,311301.0,311301.0,0.0,-123948.0,39557577.4,38406935.4,125.98546217140184,4.460406487611668,0.0,0.0,-0.00024393730812971825,125.98546217140184,0.00015118836878026494,0.0,449.92694949954506,0.2720948862604674,0.0,0.0,0.0,0.0,3.9952971561286343,0.00015086532555079658,-92.00142662111278,0.0,-0.6153846153846153,0.0,0.0,0.0,0.0,1.1506222246587359,-0.717073438572409,0.0,0.0,0.0,Software—Application,Technology,KLR
2017Q4,2017,Q4,2018-02-09,2017-12-31,-145928.0,0.0,-182125.0,-0.13,0.0,0.0,126980103.0,126730573.0,1932319.0,249530.0,249530.0,0.0,-145928.0,39257647.24,37549385.24,109.17689368029484,7.743834408688334,0.0,0.0,-0.0015610550547076945,109.17689368029484,-0.00115148220784893,0.0,-67.25516562962557,0.3097725064337869,0.0,0.0,0.0,0.0,6.845918326453733,-0.0011492194174704679,-151.05311508967154,0.0,0.0,0.0,0.0,0.0,0.0,0.0,0.0,0.0,0.0,0.0,Software—Application,Technology,KLR
2017Q3,2017,Q3,2017-09-30,2017-09-30,,,,,,,97000.0,15000.0,25000.0,82000.0,82000.0,0.0,-10000.0,0.0,-25000.0,0.0,0.3048780487804878,0.0,0.0,,0.0,,0.0,0.0,0.0,0.0,0.0,,,0.3048780487804878,,0.0,0.0,0.0,0.0,0.0,0.0,0.0,0.0,0.0,0.0,0.0,0.0,Software—Application,Technology,KLR
