Quarters,Year,Quarter,FillingDate,Date,NetIncome,Revenue,OperatingIncome,EPSDiluted,GrossProfit,GrossProfitRatio,TotalAssets,CommonStockEquity,CurrentAssets,CurrentLiability,TotalLiability,Inventory,RetainedEarnings,MarketCap,EnterpriseValue,bookValuePerShare,currentRatio,debtToAssets,debtToEquity,roic,shareholdersEquityPerShare,roe,priceToSalesRatio,peRatio,pbRatio,payoutRatio,inventoryTurnover,dividendYield,assetTurnover,quickRatio,returnOnAssets,priceToFreeCashFlowsRatio,grossProfitMargin,epsdilutedGrowth,fiveYNetIncomeGrowthPerShare,fiveYRevenueGrowthPerShare,fiveYShareholdersEquityGrowthPerShare,grossProfitGrowth,netIncomeGrowth,operatingIncomeGrowth,threeYNetIncomeGrowthPerShare,threeYRevenueGrowthPerShare,threeYShareholdersEquityGrowthPerShare,Industry,Sector,Symbol
2023Q1,2023,Q1,2023-05-05,2023-03-31,-5684000.0,82422000.0,-10498000.0,-0.0788,56193000.0,0.681771857,1157119000.0,1081259000.0,251503000.0,55993000.0,75860000.0,13306000.0,-401808000.0,1609512691.1000001,1445407691.1000001,14.98097892196235,4.491686460807601,0.01191320858096704,0.012749026828909632,-0.006651105867631852,14.98097892196235,-0.005256834856403507,19.527707300235377,-70.79137452058409,1.4885542604500865,0.0,1.9712159927852098,0.0,0.07123035746539466,3.989409390459522,-0.0049122000416551796,-508.53481551342816,0.6817718570284633,-0.4728971962616822,0.7059008354054083,0.9528289913476903,16.10933530402619,0.05100437661317473,-0.4786680541103018,-0.93690036900369,0.6653042185767106,0.8270531544346907,2.237287912959913,Biotechnology,Healthcare,VCYT
2022Q4,2022,Q4,2023-03-01,2022-12-31,-3844000.0,80297000.0,-5420000.0,-0.0535,53466000.0,0.6658530207,1156422000.0,1075200000.0,248636000.0,62614000.0,81222000.0,14294000.0,-393717000.0,1704425142.42,1564896142.42,14.969560918218832,3.9709330181748492,0.012727187825897466,0.013688616071428572,-0.005481239770182009,14.969560918218832,-0.0035751488095238093,21.226510858687124,-110.84971009495317,1.5852168363281252,0.0,1.877081292850147,0.0,0.06943572502079691,3.5594755166576166,-0.0033240460662284184,216.5174215472561,0.6658530206607968,0.5541666666666667,0.7840268486148367,0.942849957781946,12.69499640348861,0.07829138431752178,0.5593259199816577,0.44008264462809915,0.6476905525491815,0.846153040503672,2.0692243506348964,Biotechnology,Healthcare,VCYT
2022Q3,2022,Q3,2022-11-03,2022-09-30,-8723000.0,75592000.0,-9680000.0,-0.12,49584000.0,0.6559424278,1125957000.0,1048177000.0,238516000.0,58352000.0,77780000.0,13798000.0,-389873000.0,1189501120.4,1036061120.4000001,14.627761085377452,4.087537702221003,0.014806959768445864,0.015905710581323573,-0.0088067328786713,14.627761085377452,-0.008322067742375571,15.73580696899143,-34.09094120142153,1.13482848831829,0.0,1.8849108566458908,0.0,0.06713577871979125,3.6019330956950917,-0.0077471875036080416,223.92716875000002,0.6559424277701345,0.07692307692307698,0.4137541640686102,1.0441272717623087,10.59764852787544,0.03658485596019568,0.08487201007133865,0.09810863691418988,-7.102478988846533,0.654883647645434,2.0764681826719342,Biotechnology,Healthcare,VCYT
2022Q2,2022,Q2,2022-08-03,2022-06-30,-9532000.0,72864000.0,-10733000.0,-0.13,47834000.0,0.6564833114,1144198000.0,1064151000.0,235045000.0,59345000.0,80047000.0,14600000.0,-381150000.0,1422391623.3999999,1286536623.3999999,14.888027004391876,3.960653804027298,0.015374961326623538,0.016531488482367632,-0.00965674257233812,14.888027004391876,-0.008957375410068684,19.521184993961352,-37.3056972146454,1.33664453954373,0.0,1.7143835616438357,0.0,0.06368128593128113,3.445041705282669,-0.008330725975748953,-495.08932245040023,0.6564833113746157,0.35000000000000003,0.3810303307218013,0.8760429845483626,9.540591179400188,0.0854095756750624,0.3408477975243759,0.2523683477291725,-1.437551121819835,0.5420325814102781,2.026609012452709,Biotechnology,Healthcare,VCYT
2022Q1,2022,Q1,2022-05-04,2022-03-31,-14461000.0,67783000.0,-14356000.0,-0.2,44070000.0,0.6501630202,1173589000.0,1085190000.0,238483000.0,62543000.0,88399000.0,12372000.0,-371618000.0,1963802057.04,1818600057.04,15.23508349161007,3.8131045840461764,0.015689479025450988,0.016967535638920374,-0.012804486247168644,15.23508349161007,-0.013325777052866318,28.971896449552247,-33.949969867920615,1.809638917645758,0.0,1.9166666666666667,0.0,0.05775701714995624,3.2952688550277407,-0.012322030966547914,-173.40415514701988,0.6501630202263105,-0.3333333333333335,0.16430532467148637,0.9588129023089557,8.659039792426455,-0.008638142799298152,-0.3735752279635258,-0.2685340637978263,-3.359947836649868,0.3267134334846221,6.487071474802009,Biotechnology,Healthcare,VCYT
2021Q4,2021,Q4,2022-02-28,2021-12-31,-10528000.0,67336000.0,-11317000.0,-0.15,44454000.0,0.660181775,1187825000.0,1096514000.0,243102000.0,64151000.0,91311000.0,11225000.0,-75563000.0,2927856040.4,2773512040.4,15.429849069296473,3.789527832769559,0.01587186664702292,0.017193578923752912,-0.009291382084259633,15.429849069296473,-0.009601336599441504,43.48128846976358,-69.52545688639819,2.6701492551850685,0.0,2.0384855233853005,0.0,0.056688485256666594,3.3461364592913596,-0.00886325847662745,384.9909323339908,0.6601817749792087,0.25000000000000006,-0.06679434549489072,0.6455133605976787,7.210883821034113,0.14788132310790922,0.2548658786892207,0.32156345542833165,-0.9433919644120792,0.4988087219475711,6.880112043271317,Biotechnology,Healthcare,VCYT
2021Q3,2021,Q3,2021-11-09,2021-09-30,-14129000.0,60370000.0,-16681000.0,-0.2,38727000.0,0.6414941195958257,1186356000.0,1107080000.0,229308000.0,50037000.0,79276000.0,9824000.0,-346629000.0,3239596397.8500004,3094343397.8500004,15.873540924458403,4.582768751124168,0.01582661528242787,0.016959930628319544,-0.013314743074887208,15.873540924458403,-0.012762401994435813,53.66235543895976,-57.321756632635015,2.9262532046916214,0.0,2.2030741042345277,0.0,0.050886917586289444,4.083738033854948,-0.011909578575065157,-1010.7945079095165,0.6414941195958257,-0.5384615384615385,-0.003284567629977153,0.29896943309729906,13.768830824102583,0.02907023091435708,-0.5632883381279044,-1.2318704843457318,-0.7506871968847164,0.4245890266359733,6.71921278756509,Biotechnology,Healthcare,VCYT
2021Q2,2021,Q2,2021-07-29,2021-06-30,-9038000.0,55105000.0,-7474000.0,-0.13,37633000.0,0.6829325832501588,1027435000.0,971177000.0,371346000.0,36105000.0,56258000.0,6674000.0,-332500000.0,2691296278.7,2380938278.7,14.427120777187437,10.285168259243871,0.016728065522393143,0.017697083024000776,-0.007316477597329752,14.427120777187437,-0.009306233570193693,48.83942071862807,-74.4439112275946,2.77116970305104,0.0,2.617920287683548,0.0,0.05363356319377868,9.954549231408393,-0.008796663535892781,7475.822996388888,0.6829325832501588,0.803030303030303,0.6673011964558618,0.5540822835224724,10.908227470996303,0.5486831275720164,0.7841310786280692,0.8354288230760761,0.26262755634407875,0.23465637652755872,18.183740149371136,Biotechnology,Healthcare,VCYT
2021Q1,2021,Q1,2021-05-10,2021-03-31,-41868000.0,36703000.0,-45415000.0,-0.66,24300000.0,0.6620712203362124,1025136000.0,974231000.0,362092000.0,32709000.0,50905000.0,6308000.0,-323462000.0,3404078982.5,3097793982.5,15.382990970304256,11.070103029747164,0.0173411137644176,0.018247212416767685,-0.041272378834006335,15.382990970304256,-0.04297543395765481,92.74661424134267,-20.326257419150664,3.4941189332920017,0.0,1.9662333544705137,0.0,0.03580305442399838,10.75969916536733,-0.04084141031043686,-81.52115771008454,0.6620712203362124,-1426.4858358458962,-0.8253316936100736,0.18978065255166401,8.881400617258278,0.04072979570859566,-1559.4589614740369,-4.626238850346878,-1.4688250763495747,-0.008960392117506247,16.568461437716728,Biotechnology,Healthcare,VCYT
2020Q4,2020,Q4,2021-02-22,2020-12-31,26865.0,34536000.0,-8072000.0,0.0004630000406902325,23349000.0,0.6760771369006254,447318000.0,421232000.0,375679000.0,16781000.0,35931000.0,0.0,0.0,2839682471.8199997,2492717471.8199997,7.2596476136247166,22.387164054585543,0.0053630750383396155,0.005695198845291905,-0.018550479504156163,7.2596476136247166,6.377720591028222e-05,82.22383807678943,26425.483638749298,6.741374045229232,0.0,0.0,0.0,0.07720681930975279,21.91913473571301,6.0057945354311696e-05,2068.2319532556444,0.6760771369006254,1.0057875005086279,1.0015989654691142,0.17297957463492605,2.9197459619175787,0.12519878560069395,1.0065143064985451,-0.985243482538121,1.0018684333449137,0.034394865517600744,5.641534010405353,Biotechnology,Healthcare,VCYT
2020Q3,2020,Q3,2020-11-02,2020-09-30,-4124000.0,31121000.0,-4066000.0,-0.08,20751000.0,0.6667844863596928,454151000.0,422725000.0,370315000.0,13919000.0,31426000.0,4456000.0,-273550000.0,1782338109.48,1439556109.48,7.70579677163892,26.605000359221208,0.0050599910602420785,0.005436158258915371,-0.009306562660221196,7.70579677163892,-0.009755751375007393,57.271235162109186,-108.04668461930166,4.2163063681589685,0.0,2.3271992818671454,0.0,0.06852566657345244,26.058553056972485,-0.009080680214289961,1595.647367484333,0.6667844863596928,0.6363636363636365,0.7677003086802398,0.2712316902003516,2.684323634607561,0.5902367997547705,0.6259410430839002,0.632069495973215,0.6379663484722397,0.09926405105409698,5.109555800309229,Biotechnology,Healthcare,VCYT
2020Q2,2020,Q2,2020-07-30,2020-06-30,-11025000.0,20704000.0,-11051000.0,-0.22,13049000.0,0.6302646831530139,256737000.0,226147000.0,172688000.0,13105000.0,30590000.0,7041000.0,-269426000.0,1300493985.7,1155339985.7,4.503832670050617,13.177260587562,0.008943003930091883,0.010152688295666094,-0.045916883419064795,4.503832670050617,-0.048751475809982,62.81365850560278,-29.48965953968254,5.7506576947737535,0.0,1.0872035222269565,0.0,0.08064283683302367,12.419381915299503,-0.0429427780179717,-143.35251165123458,0.6302646831530139,0.0833333333333333,0.37395741127580995,-0.09802021487903645,0.802483406606322,-0.308808729275915,0.05897917377944691,0.09418032786885246,-0.01911092743964703,-0.24117512238219233,2.1886736168214678,Biotechnology,Healthcare,VCYT
2020Q1,2020,Q1,2020-05-06,2020-03-31,-11716000.0,31122000.0,-12200000.0,-0.24,18879000.0,0.606612685560054,267100000.0,230422000.0,181362000.0,19194000.0,36678000.0,6094000.0,-258401000.0,1210458859.61,1059524859.6099999,4.627632550688073,9.448890278211941,0.008229127667540246,0.009539019711659477,-0.049754895963328195,4.627632550688073,-0.050845839372976535,38.89399330409356,-25.829183586761694,5.253226079150427,0.0,2.009025270758123,0.0,0.11651815799326096,8.972751901635927,-0.04386372145263946,-202.89286952899764,0.606612685560054,-0.6,0.3030875771533691,0.25584361706710546,1.9734472430312329,-0.037325990515527,-0.5709305443818719,-0.4883493961205319,0.031444432707440025,0.28657627301329647,1.933918082985197,Biotechnology,Healthcare,VCYT
2019Q4,2019,Q4,2020-02-25,2019-12-31,-7458000.0,29730000.0,-8197000.0,-0.15,19611000.0,0.6596367305751766,275212000.0,239455000.0,187687000.0,17469000.0,35757000.0,6806000.0,-246685000.0,1370752027.76,1213536027.76,4.877310749578227,10.744003663632721,0.007634114791506184,0.00877409116535466,-0.03221217515689534,4.877310749578227,-0.031145726754505023,46.10669450924991,-45.949048932689735,5.7244660907477405,0.0,1.4867763737878343,0.0,0.10802581282792902,10.22645829755567,-0.027099109050477452,1986.5971416811594,0.6596367305751766,-8.983896438356163,0.5800577912341434,0.11729775227136735,1.6533506472469215,-0.10284093508394712,-9.216438356164383,-3.6494611457742483,-0.09387129993754748,0.0516180407339537,1.5954260306768884,Biotechnology,Healthcare,VCYT
2019Q3,2019,Q3,2019-10-22,2019-09-30,-730000.0,30973000.0,-1763000.0,-0.015024194303912202,21859000.0,0.7057437122655216,260307000.0,231024000.0,228079000.0,16772000.0,29283000.0,6608000.0,-239227000.0,1166119104.0,972540104.0,4.754725294338373,13.598795611733841,0.008002089840073452,0.009016379250640626,-0.007154364649403668,4.754725294338373,-0.003159844864602812,37.6495368223937,-399.3558575342466,5.047610222314565,0.0,1.3792372881355932,0.0,0.11898642756437591,13.073873121869783,-0.0028043809809186844,-652.1918926174496,0.7057437122655216,0.6995161139217559,0.9588390693167133,0.40273555612348644,1.131877292018544,0.02340933564305445,0.7072975140336808,0.43129032258064515,0.925593806456777,-0.04339081008097082,3.423822877412634,Biotechnology,Healthcare,VCYT
2019Q2,2019,Q2,2019-07-30,2019-06-30,-2494000.0,30136000.0,-3100000.0,-0.05,21359000.0,0.7087536501194585,252377000.0,224240000.0,219950000.0,15321000.0,28137000.0,5104000.0,-238497000.0,1310599828.75,1119977828.75,4.919045355094244,14.356112525292083,0.008023710559995562,0.009030503032465215,-0.012920112029874633,4.919045355094244,-0.011122012129860864,43.48950851971065,-131.3752835555333,5.844629989074207,0.0,1.7196316614420062,0.0,0.11940866243754383,13.855035572090594,-0.00988204154895256,-420.87341963712265,0.7087536501194585,0.0,0.8254124354624265,0.6180089780455561,1.3201938998117948,0.016320898363151884,-0.30099113197704747,-0.4997581035316884,0.8644305561417274,0.25503279163892906,3.0602079883627096,Biotechnology,Healthcare,VCYT
2019Q1,2019,Q1,2019-04-30,2019-03-31,-1917000.0,29529000.0,-2067000.0,-0.05,21016000.0,0.7117071353584612,123537000.0,83772000.0,90616000.0,14329000.0,39765000.0,3768000.0,-236003000.0,1032096626.51,978586626.51,2.034852150521637,6.32395840602973,0.11600573107651958,0.1710714797306976,-0.018428701342700738,2.034852150521637,-0.02288354103996562,34.95196676182736,-134.59789078116847,12.320305430334718,0.0,2.2592887473460723,0.0,0.239029602467277,5.89406099518459,-0.015517618203453216,-581.1354878997747,0.7117071353584612,0.375,0.8524476227313028,1.0290359765894408,-0.14428814478689497,0.23289921389182214,0.3826086956521739,0.323846908734053,0.8714308339230655,0.47254716370479705,0.3071053174905518,Biotechnology,Healthcare,VCYT
2018Q4,2018,Q4,2019-02-25,2018-12-31,-3105000.0,25750000.0,-3057000.0,-0.08,17046000.0,0.6619805825242718,120638000.0,79755000.0,96952000.0,13059000.0,40883000.0,3402000.0,-234086000.0,512400181.72,459687181.72,1.9580748325110098,7.424151925874876,0.2095691241565676,0.3169957996363864,-0.029104030008473204,1.9580748325110098,-0.038931728418280985,19.89903618330097,-41.25605327858293,6.424677847407686,0.0,2.5584950029394475,0.0,0.2134484988146355,6.98085611455701,-0.025738158789104595,-305.0001081666667,0.6619805825242718,0.3333333333333333,0.8195881540414239,0.2891822602115589,-0.5162577565965931,0.12107859256823414,0.30521369433877826,0.28973048327137546,0.7367362723948877,0.2458702892809714,0.057235326885968704,Biotechnology,Healthcare,VCYT
2018Q3,2018,Q3,2018-10-29,2018-09-30,-4469000.0,23466000.0,-4304000.0,-0.12,15205000.0,0.6479587488280917,119077000.0,79417000.0,95374000.0,10436000.0,39660000.0,3463000.0,-230981000.0,369979944.88,317404944.88,2.0563678397399734,9.138942123418934,0.2115605868471661,0.31721168011886625,-0.04111263946202048,2.0563678397399734,-0.05627258647392876,15.766638748828091,-20.69702085925263,4.658699584220003,0.0,2.3855038983540284,0.0,0.197065764169403,8.634342660022996,-0.037530337512701864,-151.50693893529893,0.6479587488280917,0.3333333333333333,0.6146454103589514,1.2798910444220029,16.639123316583436,0.048259220958290244,0.28473111395646605,0.27260436031772856,0.6424242664043015,0.3615636268869341,-0.01680191446451894,Biotechnology,Healthcare,VCYT
2018Q2,2018,Q2,2018-07-23,2018-06-30,-6248000.0,22751000.0,-5917000.0,-0.18,14505000.0,0.6375543932134852,65461000.0,25806000.0,41635000.0,10391000.0,39655000.0,3049000.0,-226512000.0,320494945.56,321995945.56,0.7520494264858134,4.00683283610817,0.3834802401429859,0.9727582732697823,-0.11587192793498483,0.7520494264858134,-0.2421142369991475,14.08707070282625,-12.823901470870677,12.419396479888398,0.0,2.704493276484093,0.0,0.34755044988619177,3.5380617842363584,-0.09544614350529322,-88.21771141205615,0.6375543932134852,0.3333333333333334,0.6017373129387606,0.8571080808278018,0.2690967280893116,0.19147363233119763,0.31916748392720934,0.3392518146286991,0.4808407733758758,0.45036500141125346,-0.6990215419852077,Biotechnology,Healthcare,VCYT
2018Q1,2018,Q1,2018-05-01,2018-03-31,-9177000.0,20041000.0,-8955000.0,-0.27,12174000.0,0.6074547178284517,71190000.0,30008000.0,47049000.0,11839000.0,41182000.0,4557000.0,-220264000.0,190548172.23999998,188645172.23999998,0.8756026260375532,3.974068755807078,0.3513976682118275,0.833644361503599,-0.16206091535914002,0.8756026260375532,-0.3058184484137563,9.507917381368195,-5.190916754930805,6.349912431351639,0.0,1.726355058152293,0.0,0.2815142576204523,3.4082270462032267,-0.12890855457227138,-24.940860240837694,0.6074547178284517,-0.1250000000000001,0.4487049798656509,0.8935049764963923,0.0,0.029339646571404414,-0.08745111980092428,-0.4816346790205162,0.20688775750252367,0.17495851004119242,-0.4373887326047197,Biotechnology,Healthcare,VCYT
2017Q4,2017,Q4,2018-02-27,2017-12-31,-8439000.0,19596000.0,-6044000.0,-0.24,11827000.0,0.6035415390896102,78669000.0,37225000.0,53928000.0,12028000.0,41444000.0,5324000.0,-211087000.0,222382571.72,213737571.72,1.0930678970025538,4.48353841037579,0.3169990720614219,0.6699261249160511,-0.09674889148564934,1.0930678970025538,-0.22670248488918737,11.348365570524598,-6.587942046451001,5.974011328945601,0.0,1.4592411720510894,0.0,0.24909430652480646,3.8748752909876956,-0.10727224192502764,-36.36078674296926,0.6035415390896102,-0.14285714285714285,0.27276472483691655,0.8326723759942855,2.165993660894135,0.14270531400966183,-0.19719109093488438,0.05087939698492462,0.3149629637633795,0.061689109980776445,-0.40535008718741883,Biotechnology,Healthcare,VCYT
2017Q3,2017,Q3,2017-11-07,2017-09-30,-7049000.0,17519000.0,-6368000.0,-0.21,10350000.0,0.5907871453850105,83659000.0,42816000.0,58207000.0,11219000.0,40843000.0,3760000.0,-202648000.0,297712979.96,281896979.96,1.261269562551323,5.188252072377217,0.29879630404379687,0.5838238041853513,-0.09337928000586554,1.261269562551323,-0.16463471599402094,16.993719958901764,-10.55869555823521,6.953311377989536,0.0,1.9066489361702128,0.0,0.20940962717699232,4.708975844549425,-0.08425871693422106,-51.06569124528301,0.5907871453850105,0.0454545454545455,0.4030666370124161,1.2722897377236644,0.0,-0.09575397518783854,0.034118936694984926,0.03646542593433197,0.43111651191031963,0.13562602772686372,-0.4344842713165643,Biotechnology,Healthcare,VCYT
2017Q2,2017,Q2,2017-07-31,2017-06-30,-7298000.0,18406000.0,-6609000.0,-0.22,11446000.0,0.621862436162121,88347000.0,47844000.0,62860000.0,10799000.0,40503000.0,3317000.0,-195599000.0,282163156.24,261127156.24,1.4124470583289503,5.8209093434577275,0.2826468357725786,0.5219254242956275,-0.09019939675997325,1.4124470583289503,-0.1525374132597609,15.329955245028795,-9.665769945190464,5.897566178413176,0.0,2.0982815797407297,0.0,0.20833757795963642,5.323641077877581,-0.08260608736006882,-56.174229790961576,0.621862436162121,0.0833333333333333,0.5287498916800026,0.522001611580958,1.3835294293100004,0.12935372471632955,0.11184130461238895,0.1207928694958095,0.3124604727552772,0.3299389095614166,-0.33378312010315714,Biotechnology,Healthcare,VCYT
2017Q1,2017,Q1,2017-05-03,2017-03-31,-8217000.0,16432000.0,-7517000.0,-0.24,10135000.0,0.616784323271665,92606000.0,53350000.0,66295000.0,9411000.0,39256000.0,3443000.0,-188301000.0,310503301.02,284469301.02,1.5772875792017884,7.044416108808841,0.26935619722264215,0.4675538894095595,-0.09536677577326128,1.5772875792017884,-0.15402061855670104,18.89625736489776,-9.446978855421687,5.820118107216494,0.0,1.8289282602381645,0.0,0.1774399067015096,6.4425672085856975,-0.08873075178714122,-35.68593276864728,0.616784323271665,-0.7142857142857141,0.4998467673777779,0.5730551338205454,0.0,-0.13685913813660364,-0.8662275721099251,-1.0471132897603486,0.23019652146005287,0.37427586064583224,-0.33670675765934566,Biotechnology,Healthcare,VCYT
2016Q4,2016,Q4,2017-03-01,2016-12-31,-4403000.0,18257000.0,-3672000.0,-0.14,11742000.0,0.6431505723831955,101034000.0,59581000.0,73627000.0,11534000.0,41453000.0,3475000.0,-180084000.0,245401367.22,211699367.22,1.8791946647411184,6.383474943644876,0.24662984737811033,0.4182205736728152,-0.04315025029965452,1.8791946647411184,-0.07389939745892146,13.441494616859286,-13.933759210765386,4.118785640053037,0.0,1.8748201438848922,0.0,0.18070154601421304,5.893445465580024,-0.04357938911653503,-52.41379052114481,0.6431505723831955,0.3,0.5924469151038297,0.8339959327393833,4.44295410419739,-0.040372670807453416,0.21891076813908106,0.24846500204666394,0.6713415915623393,0.17424608152883414,-0.5357450962444408,Biotechnology,Healthcare,VCYT
2016Q3,2016,Q3,2016-11-03,2016-09-30,-5637000.0,18603000.0,-4886000.0,-0.2,12236000.0,0.6577433747245068,69650000.0,30005000.0,42952000.0,10270000.0,39645000.0,3416000.0,-175681000.0,212446992.59,205638992.59,1.0748001052698732,4.182278481012658,0.35737257717157217,0.8295617397100483,-0.08900466336345089,1.0748001052698732,-0.18786868855190803,11.420039380207493,-9.421988317810893,7.080386355274122,0.0,1.8638758782201406,0.0,0.26709260588657574,3.701168451801363,-0.0809332376166547,-27.913151043226907,0.6577433747245068,0.5,0.4195315462406647,1.9340642933023235,0.0,0.4611893957487461,0.4986213644045184,0.534400609872308,0.3275732846773332,1.500372742463086,8.21942622868944,Biotechnology,Healthcare,VCYT
2016Q2,2016,Q2,2016-08-03,2016-06-30,-11243000.0,14675000.0,-10494000.0,-0.4,8374000.0,0.5706303236797274,74832000.0,33753000.0,47397000.0,11842000.0,41079000.0,3502000.0,-170044000.0,140135387.54000002,125813387.54000002,1.211525461058428,4.002448910656984,0.329685161428266,0.7309276212484817,-0.1796179652197727,1.211525461058428,-0.33309631736438244,9.549259798296424,-3.1160586040202793,4.151790582763014,0.0,1.7992575671045117,0.0,0.19610594398118453,3.5787873669988177,-0.1502432114603378,-16.591923696424345,0.5706303236797274,-0.11111111111111122,0.11731593968188277,0.47539828373685117,1.0444706750336838,0.1516985284004951,-0.11593052109181141,-0.0761973130960927,0.11731593968188277,0.47539828373685117,1.0444706750336838,Biotechnology,Healthcare,VCYT
2016Q1,2016,Q1,2016-05-05,2016-03-31,-10075000.0,13550000.0,-9751000.0,-0.36,7271000.0,0.5366051660516605,84267000.0,43306000.0,56194000.0,11879000.0,40961000.0,3652000.0,-158801000.0,150217162.20000002,127213162.20000002,1.5567622006375514,4.730532873137469,0.2901729027970617,0.564633076248095,-0.14390920629298384,1.5567622006375514,-0.23264674640927355,11.086137431734318,-3.727473007444169,3.468737870041103,0.0,1.7193318729463307,0.0,0.16079841456323354,4.266857479585823,-0.1195604447767216,-13.115966314502751,0.5366051660516605,-0.24137931034482762,0.25435416755269924,0.5772137707954954,0.0,-0.07575950171602898,-0.25733183576687885,-0.22638661803546722,0.25435416755269924,0.5772137707954954,0.0,Biotechnology,Healthcare,VCYT
2015Q4,2015,Q4,2016-03-14,2015-12-31,-8013000.0,14042000.0,-7951000.0,-0.29,7867000.0,0.5602478279447373,75285000.0,51252000.0,47933000.0,14722000.0,24033000.0,3767000.0,-148726000.0,199244203.20000002,165188203.20000002,1.8520709464735885,3.255875560385817,0.06678621239290695,0.0981034886443456,-0.14127576403695807,1.8520709464735885,-0.15634511823928823,14.189161316051846,-6.216279895170348,3.8875400608756734,0.0,1.6392354658879744,0.0,0.18651789865178986,2.89274555087624,-0.10643554492926878,-28.38236512820513,0.5602478279447373,0.09375000000000008,0.1502063903450675,0.6161465526750061,4.36439217741282,0.17120738424892065,0.10419228619340413,0.10542304230423043,0.1502063903450675,0.6161465526750061,4.36439217741282,Biotechnology,Healthcare,VCYT
2015Q3,2015,Q3,2015-11-05,2015-09-30,-8945000.0,12335000.0,-8888000.0,-0.32,6717000.0,0.5445480340494527,80853000.0,57811000.0,57331000.0,15432000.0,23042000.0,3984000.0,-140713000.0,129635380.14000002,88521380.14000002,2.0915091983931293,3.715072576464489,0.061865360592680545,0.08652332601062082,-0.14149937114928438,2.0915091983931293,-0.15472833889744167,10.509556557762465,-3.6231240955841253,2.2423998917161097,0.0,1.410140562248996,0.0,0.15256082025404127,3.2164333851736653,-0.11063287694952569,-26.32190459695432,0.5445480340494527,0.08571428571428563,0.06969327469460163,0.9649025755998069,0.0,-0.007682080070911508,0.02090630472854641,0.02049812651531849,0.06969327469460163,0.9649025755998069,0.0,Biotechnology,Healthcare,VCYT
2015Q2,2015,Q2,2015-08-13,2015-06-30,-9136000.0,11908000.0,-9074000.0,-0.35,6769000.0,0.5684413839435674,82503000.0,65088000.0,60714000.0,11802000.0,17415000.0,3976000.0,-131768000.0,290185124.76,244115124.76,2.498681903835297,5.144382308083376,0.06030083754530138,0.07643498033431662,-0.12951201061901432,2.498681903835297,-0.1403638151425762,24.36892213301982,-7.940705033931699,4.458350613938053,0.0,1.2925050301810865,0.0,0.14433414542501485,4.6289611930181325,-0.11073536719876853,-24.577379923774032,0.5684413839435674,-0.029411764705882214,0.2328698660505847,0.28044187430114054,3.2165699713530285,0.017588695129284425,-0.20052562417871223,-0.20137693631669534,0.2328698660505847,0.28044187430114054,3.2165699713530285,Biotechnology,Healthcare,VCYT
2015Q1,2015,Q1,2015-05-15,2015-03-31,-7610000.0,11218000.0,-7553000.0,-0.34,6652000.0,0.5929755749688002,55060000.0,35079000.0,33691000.0,14147000.0,19981000.0,3732000.0,-122632000.0,164089183.44,143240183.44,1.5563190372836437,2.3814943097476498,0.08988376316745368,0.14108155876735368,-0.18869291495952834,1.5563190372836437,-0.21693890931896576,14.62731177036905,-5.3905776425755585,4.677704137518173,0.0,1.2234726688102895,0.0,0.20374137304758444,2.004806672792818,-0.13821285869960043,-17.49724711452335,0.5929755749688002,0.055555555555555455,0.30489659521791673,0.6115505018385786,0.0,-0.09299154622307063,0.06534021125030705,0.06278694627124953,0.30489659521791673,0.6115505018385786,0.0,Biotechnology,Healthcare,VCYT
2014Q4,2014,Q4,2015-03-25,2014-12-31,-8142000.0,12199000.0,-8059000.0,-0.36,7334000.0,0.6011968194114272,64839000.0,41374000.0,43348000.0,17145000.0,23465000.0,3696000.0,-115022000.0,217429695.0,187338695.0,1.8381704486132862,2.5283172936716243,0.07592652570212371,0.11898777009716247,-0.17407175410933753,1.8381704486132862,-0.1967902547493595,17.823567095663577,-6.676175847457627,5.25522538309083,0.0,1.316287878787879,0.0,0.18814293866345871,2.220122484689414,-0.12557257206311018,-24.242356449994425,0.6011968194114272,0.027027027027027053,-0.061599937951219264,0.7261855271619663,4.324130370959925,0.29347442680776015,-0.030372057706909643,-0.031750096018435536,-0.061599937951219264,0.7261855271619663,4.324130370959925,Biotechnology,Healthcare,VCYT
2014Q3,2014,Q3,2014-11-13,2014-09-30,-7902000.0,9838000.0,-7811000.0,-0.37,5670000.0,0.5763366537914211,71814000.0,48283000.0,50668000.0,18010000.0,23531000.0,3350000.0,-106880000.0,211074435.0,172079435.0,2.2302997044620776,2.813325930038867,0.06972178126827638,0.10370109562371849,-0.14657534246575343,2.2302997044620776,-0.16366008740136279,21.455014738768043,-6.677880125284737,4.371609779839695,0.0,1.244179104477612,0.0,0.13699278692177014,2.508717379233759,-0.11003425515916117,-29.649450063211127,0.5763366537914211,-0.1935483870967742,-0.04930688881847397,1.000913753510928,0.0,0.20356612184249628,-0.1873779113448535,-0.19051973784484072,-0.04930688881847397,1.000913753510928,0.0,Biotechnology,Healthcare,VCYT
2014Q2,2014,Q2,2014-08-14,2014-06-30,-6655000.0,8677000.0,-6561000.0,-0.31,4711000.0,0.5429295839575891,67750000.0,45025000.0,64178000.0,17107000.0,22725000.0,3300000.0,-98978000.0,363580795.52000004,310553795.52000004,2.1201009775490136,3.751563687379435,0.07337269372693726,0.11040533037201555,-0.1312304984398752,2.1201009775490136,-0.14780677401443643,41.901670568168726,-13.658181649887302,8.07508707429206,0.0,1.201818181818182,0.0,0.1280738007380074,3.4738995732740983,-0.09822878228782288,-54.37128690294602,0.5429295839575891,0.03125000000000003,0.3145847043754612,0.1444146799817139,2.577707952520006,0.21762729387438615,0.0028468684447108183,0.002129277566539924,0.3145847043754612,0.1444146799817139,2.577707952520006,Biotechnology,Healthcare,VCYT
2014Q1,2014,Q1,2014-05-09,2014-03-31,-6674000.0,7476000.0,-6575000.0,-0.32,3869000.0,0.5175227394328518,72454000.0,50290000.0,69163000.0,15448000.0,22164000.0,2721000.0,-92323000.0,362271098.46,302968098.46,2.3779641921811177,4.477149145520456,0.06809837966157838,0.09811095645257506,-0.11906055338258728,2.3779641921811177,-0.13271028037383178,48.457878338683784,-13.570238929427628,7.2036408522569095,0.0,1.3256155825064315,0.0,0.10318270902917713,4.235370274469187,-0.09211361691556022,-52.64803058567068,0.5175227394328518,0.23809523809523805,0.3502845251221246,0.14464291985838862,0.0,0.1490941490941491,-0.1327223353699932,-0.14109684137452275,0.3502845251221246,0.14464291985838862,0.0,Biotechnology,Healthcare,VCYT
2013Q4,2013,Q4,2014-03-20,2013-12-31,-5892000.0,6838000.0,-5762000.0,-0.42,3367000.0,0.4923954372623574,79630000.0,56443000.0,76407000.0,15388000.0,23187000.0,2567000.0,-85649000.0,202191465.5,135870465.5,4.047764815276043,4.965362620223551,0.061522039432374734,0.08679552823202169,-0.09393237912034169,4.047764815276043,-0.10438849813085768,29.56880162328166,-8.5790676128649,3.582223933880198,0.0,1.3521620568757304,0.0,0.08587215873414543,4.7025604367039255,-0.07399221398970238,-56.652133790977864,0.4923954372623574,-0.39866194673762084,-0.24005068616242067,0.5618497362593488,10.724063785146853,0.367587327376117,0.06520704426463589,0.05556466153089657,-0.24005068616242067,0.5618497362593488,10.724063785146853,Biotechnology,Healthcare,VCYT
2013Q3,2013,Q3,2013-09-30,2013-09-30,-6303000.0,5594000.0,-6101000.0,-0.300287,2462000.0,0.44011440829460136,23571000.0,2447000.0,20470000.0,12520000.0,21124000.0,1392000.0,-79757000.0,278116042.5,267553042.5,0.11657993443510185,1.6349840255591055,0.20631284205167366,1.9873314262362076,-0.8346101231190151,0.11657993443510185,-2.5758071107478546,49.71684706828745,-11.031097989052833,113.65592255823456,0.0,2.25,0.0,0.23732552713079633,1.2891373801916932,-0.26740486190658014,-51.906689529675255,0.44011440829460136,0.3431899210393927,0.1367558121470604,0.17345075935038917,0.0,0.3402286336418073,0.0288135593220339,-0.12626915266752814,0.1367558121470604,0.17345075935038917,0.0,Biotechnology,Healthcare,VCYT
2013Q2,2013,Q2,2013-06-30,2013-06-30,-6490000.0,5068000.0,-5417000.0,-0.45719,1837000.0,0.36247040252565116,27159000.0,8412000.0,23842000.0,9793000.0,18747000.0,770000.0,-73455000.0,188089036.75,172232036.75,0.5925863725281691,2.4345961401000715,0.17769431864207078,0.5737042320494532,-0.4092007856171627,0.5925863725281691,-0.7715168806466952,37.113069603393846,-7.245340398690293,22.35960969448407,0.0,4.196103896103896,0.0,0.186604808719025,2.2132135198611254,-0.2389631429728635,-42.85464496468444,0.36247040252565116,0.05873948213068825,0.0,0.0,0.0,0.14028553693358162,0.05873821609862219,0.08077379942304429,0.0,0.0,0.0,Biotechnology,Healthcare,VCYT
2013Q1,2013,Q1,2013-03-31,2013-03-31,-6895000.0,4384000.0,-5893000.0,-0.485721,1611000.0,0.3674726277372263,,,,,,,,188089036.75,,,0.0,0.0,0.0,0.0,,0.0,42.9035211564781,-6.819762028643945,0.0,0.0,0.0,0.0,0.0,0.0,0.0,-26.214499895470382,0.3674726277372263,-0.42548864236661393,0.0,0.0,0.0,-0.13247172859450726,-0.42547033285094066,-0.15187646598905394,0.0,0.0,0.0,Biotechnology,Healthcare,VCYT
2012Q4,2012,Q4,2012-12-31,2012-12-31,-4837000.0,4457000.0,-5116000.0,-0.34074,1857000.0,0.4166479694862015,19067000.0,4901000.0,16381000.0,8991000.0,14166000.0,1050000.0,-60069000.0,188089036.75,174087036.75,0.3452527118117638,1.8219330441552664,0.0,0.0,-1.043868598245256,0.3452527118117638,-0.9869414405223423,42.20081596365268,-9.72136844893529,38.37768552336258,0.0,2.4761904761904763,0.0,0.2337546546389049,1.6206206206206206,-0.25368437614727013,-42.381486424064896,0.4166479694862015,0.020465188481539897,0.0,0.0,0.0,0.4975806451612903,0.020453624949372216,-0.035837214010933385,0.0,0.0,0.0,Biotechnology,Healthcare,VCYT
2012Q3,2012,Q3,2012-09-30,2012-09-30,-4938000.0,3224000.0,-4939000.0,-0.347859,1240000.0,0.38461538461538464,,,,,,,,188089036.75,,,0.0,0.0,0.0,0.0,,0.0,58.34027194478908,-9.522531224686109,0.0,0.0,0.0,0.0,0.0,0.0,0.0,-33.987899665702926,0.38461538461538464,0.0,0.0,0.0,0.0,0.0,0.0,0.0,0.0,0.0,0.0,Biotechnology,Healthcare,VCYT
