Quarters,Year,Quarter,FillingDate,Date,NetIncome,Revenue,OperatingIncome,EPSDiluted,GrossProfit,GrossProfitRatio,TotalAssets,CommonStockEquity,CurrentAssets,CurrentLiability,TotalLiability,Inventory,RetainedEarnings,MarketCap,EnterpriseValue,bookValuePerShare,currentRatio,debtToAssets,debtToEquity,roic,shareholdersEquityPerShare,roe,priceToSalesRatio,peRatio,pbRatio,payoutRatio,inventoryTurnover,dividendYield,assetTurnover,quickRatio,returnOnAssets,priceToFreeCashFlowsRatio,grossProfitMargin,epsdilutedGrowth,fiveYNetIncomeGrowthPerShare,fiveYRevenueGrowthPerShare,fiveYShareholdersEquityGrowthPerShare,grossProfitGrowth,netIncomeGrowth,operatingIncomeGrowth,threeYNetIncomeGrowthPerShare,threeYRevenueGrowthPerShare,threeYShareholdersEquityGrowthPerShare,Industry,Sector,Symbol
2023Q1,2023,Q1,2023-05-05,2023-03-31,-7364000.0,540000.0,-22196000.0,-0.32,5331000.0,9.8722222222,1439641000.0,330422000.0,195877000.0,0.0,103450000.0,0.0,-544000.0,150819804.94,765794804.94,14.415724518838514,0.0,0.46148449509287387,2.010677255146449,-0.022597541577411295,14.415724518838514,-0.02228665161520722,279.29593507407407,-5.120172628326997,0.4564460143089746,-0.8724877783813145,0.0,0.042600505965088804,0.000375093512896618,0.0,-0.005115164127723509,-8.974698300505802,9.872222222222222,-0.14285714285714277,-1.7757659591713506,-0.9538683333704074,-0.09240192946193532,0.39154267815191857,-0.17205156772242558,-5.499489817737048,-18.7268106787753,-0.9478212975913325,-0.041859473296254675,REIT—Mortgage,Real Estate,AJX
2022Q4,2022,Q4,2023-03-03,2022-12-31,-6283000.0,39467000.0,4933003.718,-0.28,3831000.0,0.0970684369,1484426000.0,335328000.0,1036929000.0,106046000.0,1146961000.0,0.0,13275000.0,165145227.0,794807227.0,14.721152068173305,9.778105727703073,0.5278491484250478,2.3366763288481724,0.004577912110006433,14.721152068173305,-0.018736878518942648,4.184387640307092,-6.5711136001909916,0.4924886290438019,-1.0841954480343785,0.0,0.041248543017231735,0.026587381250395777,9.848358259623183,-0.004232612471083099,-56.94663,0.09706843692198545,0.33333333333333326,-1.8134123542886067,2.3935243868581386,-0.07540359752366865,-0.6359057213457517,0.33884036620014735,0.15391899836257317,-1.8735900973655892,2.6621861089337764,-0.13755999588299828,REIT—Mortgage,Real Estate,AJX
2022Q3,2022,Q3,2022-11-04,2022-09-30,-9503000.0,10522000.0,4275000.0,-0.42,10522000.0,1.0,1526974000.0,349322000.0,8803000.0,106169000.0,1175478000.0,0.0,26375000.0,169267071.41,788425071.41,15.49863300727618,0.08291497518107922,0.5227482589749399,2.2850636375607607,0.004961034896547625,15.49863300727618,-0.027204126851443654,16.086967440600645,-4.452990408555193,0.4845588637703895,-0.7607071451120698,0.0,0.04270765683946797,0.006890752560292448,10.248613060309507,-0.00622341965220102,-2644.79799078125,1.0,-1.0,-2.020034553094637,-0.17279059841395084,-0.01661379256670625,0.2000456204379562,-0.981029810298103,-0.023526724531749657,-2.08277341961652,-0.06494532321922453,-0.0836752247811115,REIT—Mortgage,Real Estate,AJX
2022Q2,2022,Q2,2022-08-05,2022-06-30,-4797000.0,8768000.0,4378000.0,-0.21,8768000.0,1.0,1584835000.0,433518000.0,11621000.0,0.0,1149043000.0,0.0,48800000.0,218216163.27,774537163.27,19.051923366721375,0.0,0.3835686364826622,1.4022324332553666,0.004217980536189864,19.051923366721375,-0.01106528448645731,24.88779234375,-11.37253300343965,0.503361252058738,-1.6552011673962894,0.0,0.03638593897453782,0.005532437130679219,0.0,-0.003026813516864532,16.45672422850679,1.0,-1.8399999999999999,-1.5530974436892218,-0.23744994551683307,0.21780311534170005,0.1984691088026244,-1.851891315929675,-0.6918854247308044,-1.3102256999340882,-0.5456828012871293,0.1338283316462708,REIT—Mortgage,Real Estate,AJX
2022Q1,2022,Q1,2022-05-06,2022-03-31,5631000.0,7316000.0,14209000.0,0.25,7316000.0,1.0,1685879000.0,485134000.0,19153000.0,0.0,1198380000.0,0.0,63996000.0,268878766.68,838893766.6800001,21.164266298396726,0.0,0.38006108386189047,1.3207423103719798,0.012683519657719971,21.164266298396726,0.011607102367593283,36.7521550956807,11.937434144912094,0.5542360805055923,1.414668797726869,0.0,0.029626735120667057,0.004339575971941047,0.0,0.0033400973616730502,-29.35037295928392,1.0,-0.16666666666666663,-0.4748384856011724,-0.42103573423060453,0.3755965796965497,0.015970004166088042,-0.3931458131264145,-0.22393358457589163,-0.36954890735243234,-0.4178747750293698,0.315713112187374,REIT—Mortgage,Real Estate,AJX
2021Q4,2021,Q4,2022-03-04,2021-12-31,9279000.0,7201000.0,18309000.0,0.3,7201000.0,1.0,1759680000.0,497295000.0,20899000.0,0.0,1259207000.0,0.0,66427000.0,301433313.72,895415313.72,21.710945347198965,0.0,0.3855291871249318,1.3641963019937864,0.015520956868502194,21.710945347198965,0.01865894489186499,41.85992413831413,8.121384678305851,0.6061458766325822,1.0607824118978337,0.0,0.03265398863359581,0.0040922213129659935,0.0,0.005273117839607201,-2691.3688725,1.0,-0.1891891891891892,0.22105657746766372,-0.39036479540296,0.43190538504158593,-0.12353943524829601,-0.17607884922749067,0.0,0.1528753818059717,-0.41743390776631717,0.35471834580583844,REIT—Mortgage,Real Estate,AJX
2021Q3,2021,Q3,2021-11-05,2021-09-30,11262000.0,8216000.0,0.0,0.37,8216000.0,1.0,1648088000.0,499824000.0,18128000.0,0.0,1144983000.0,0.0,66958000.0,308414167.21,931917167.21,21.862243946170373,0.0,0.43465276126032104,1.4331964851627772,0.0,21.862243946170373,0.02253193123979641,37.538238462755594,6.846345391804298,0.6170455344481258,0.6043331557449831,0.0,0.022067728151300446,0.004985170694768726,0.0,0.006833372975229478,39.991463590508296,1.0,-0.09756097560975606,0.15909479169418958,-0.32700017853721147,0.44903389110292735,-0.015222342083183507,-0.08646982478909798,0.0,0.40398804518977405,-0.3955122600806249,0.3660992139089925,REIT—Mortgage,Real Estate,AJX
2021Q2,2021,Q2,2021-08-06,2021-06-30,12328000.0,8343000.0,0.0,0.41,8343000.0,1.0,1676092000.0,493254000.0,23907000.0,0.0,1178600000.0,0.0,62502000.0,296278935.92,965519935.9200001,21.60949073250607,0.0,0.45186958711097003,1.5354665142097175,0.0,21.60949073250607,0.024993208367291495,35.51227806784131,6.008252269630111,0.6006620035924696,0.513140817650876,0.0,0.021351501011560674,0.004977650391505955,0.0,0.007355204845557403,-21.86560412693727,1.0,0.05128205128205118,0.2872987263563488,-0.24713359211778618,0.27402581464834114,0.10386345594072506,0.376968613872445,0.0,0.33538070235642214,-0.3475193476218196,0.3525720484196194,REIT—Mortgage,Real Estate,AJX
2021Q1,2021,Q1,2021-05-07,2021-03-31,8953000.0,7558000.0,0.0,0.39,7558000.0,1.0,1686973000.0,487106000.0,18847000.0,0.0,1177438000.0,0.0,56500000.0,248705060.20000002,959132060.2,21.34840117740395,0.0,0.5026790588823887,1.7409064967378765,0.0,21.34840117740395,0.01837998300164646,32.90620007938608,6.944740874567184,0.5105768769015369,0.6477158494359433,0.0,0.023316775281277527,0.0044802139690439625,0.0,0.005307138881298041,-26.531369767441863,1.0,0.1142857142857144,-0.21500174056557694,-0.4296094881461517,0.40830194345391746,-0.26083129584352077,-0.2996166784010013,0.0,-0.05254218825230302,-0.35138553443297404,0.34407172475889497,REIT—Mortgage,Real Estate,AJX
2020Q4,2020,Q4,2021-03-05,2020-12-31,12783000.0,10225000.0,0.0,0.35,10225000.0,1.0,1653732000.0,485361000.0,15755000.0,0.0,1139241000.0,0.0,53346000.0,238892425.44000003,827205425.44,21.251724706839244,0.0,0.4205397246954162,1.4328716151483123,0.0,21.251724706839244,0.02633709754182969,23.36356239022005,4.672072781037316,0.49219534622682914,0.45982946100289446,0.0,0.02460521713559442,0.006182984909283971,0.0,0.007729789349181125,-30.49431011488384,1.0,0.12903225806451607,0.06162159587632167,-0.26917869329501054,0.4269042081231357,0.21020239081548112,0.7680497925311204,0.0,0.6505695083604959,-0.12312538039802724,0.3347642982944296,REIT—Mortgage,Real Estate,AJX
2020Q3,2020,Q3,2020-11-06,2020-09-30,7230000.0,8449000.0,0.0,0.31,8449000.0,1.0,1666974000.0,478878000.0,16438000.0,0.0,1160628000.0,0.0,46441000.0,189378351.67999998,778112351.68,20.962790016823533,0.0,0.434274319815426,1.511708618896671,0.0,20.962790016823533,0.015097791086665079,22.414291830985913,6.548352409405255,0.3954626265562418,0.8123098201936376,0.0,0.031011992384028342,0.0050684653749848525,0.0,0.00433720022027938,45.33836525736174,1.0,-0.11428571428571424,-0.3651118305290564,-0.3307579520667652,0.4340117409727808,0.28580124790747224,-0.10553012495360634,0.0,-0.23431666796563555,-0.34464107838363944,0.3300862445214787,REIT—Mortgage,Real Estate,AJX
2020Q2,2020,Q2,2020-08-05,2020-06-30,8083000.0,6571000.0,0.0,0.35,6571000.0,1.0,1639924000.0,472987000.0,15460000.0,0.0,1141054000.0,0.0,45084000.0,209842275.6,768005275.6,20.73691007952451,0.0,0.4400112444235221,1.5255916124544648,0.0,20.73691007952451,0.01708926460980957,31.934602891492922,6.490234925151552,0.44365336806296995,0.7111221081281702,0.0,0.027392001843121457,0.0040068930023586455,0.0,0.004928886948419561,10.400073132774942,1.0,16.499999999999996,-0.0066358069086277695,-0.30540802799907996,0.4442192742799724,-0.3405920722528851,19.2075,0.0,-0.07024684630822767,-0.4298850480380765,0.32550783515730103,REIT—Mortgage,Real Estate,AJX
2020Q1,2020,Q1,2020-05-06,2020-03-31,400000.0,9965000.0,0.0,0.02,9965000.0,1.0,1537847000.0,332060000.0,17322000.0,0.0,1180573000.0,0.0,42749000.0,140367451.44,851546451.44,15.045522151570383,0.0,0.48272552471084573,2.2356140456544,0.0,15.045522151570383,0.0012046015780280673,14.08604630607125,87.72965715000001,0.4227171337710052,0.0,0.0,0.0,0.006479838371437471,0.0,0.00026010389850225673,-4.615983802163833,1.0,-0.9130434782608696,-0.9352307624970583,0.3471035804181218,-0.0922423315543117,-0.0010025062656641604,-0.9399128736668169,0.0,-0.96125492087339,-0.18096103789266302,-0.02209845030079136,REIT—Mortgage,Real Estate,AJX
2019Q4,2019,Q4,2020-03-04,2019-12-31,6657000.0,9975000.0,0.0,0.23,9975000.0,1.0,1576841000.0,359882000.0,17013000.0,0.0,1192757000.0,0.0,49446000.0,312249878.39,1019437878.39,17.069189738299965,0.0,0.4892890278728166,2.1438443712105633,0.0,17.069189738299965,0.018497729811438195,31.303245953884712,11.726373681463121,0.8676451681106585,1.0304942166140905,0.0,0.021969584216881142,0.006325939013508654,0.0,0.0042217319311205126,-73.19500196671355,1.0,-0.14814814814814817,1.029350873476396,1.7004843348744607,0.6462283924936509,0.011560693641618497,-0.1344428552853985,0.0,-0.04829728379609597,-0.08255873329495839,0.12576694905280164,REIT—Mortgage,Real Estate,AJX
2019Q3,2019,Q3,2019-11-06,2019-09-30,7691000.0,9861000.0,0.0,0.27,9861000.0,1.0,1553686000.0,334069000.0,17406000.0,0.0,1195722000.0,0.0,49649000.0,306142701.0,997929701.0,16.91390806668293,0.0,0.4825247829999112,2.2441232200533423,0.0,16.91390806668293,0.02302219002661127,31.045806814724674,9.951329508516448,0.9164055958499592,0.8247302041347029,0.0,0.020719095961722764,0.0063468422834472345,0.0,0.00495016367528574,-297.80418385214006,1.0,-0.42553191489361697,0.0,0.0,1.0964111935358432,-0.39350513561719663,-0.4096108083211791,0.0,-0.08374490815469758,-0.06501286408648332,0.12105720162892913,REIT—Mortgage,Real Estate,AJX
2019Q2,2019,Q2,2019-08-07,2019-06-30,13027000.0,16259000.0,0.0,0.47,16259000.0,1.0,1531230000.0,322116000.0,18686000.0,0.0,1185644000.0,0.0,48301000.0,264545185.8,833706185.8,16.80318160603624,0.0,0.4080961057450546,1.9399502042742367,0.0,16.80318160603624,0.04044195258850849,16.270692281198105,5.076863164965073,0.8212730376634505,0.4681047056114224,0.0,0.023050882523374196,0.010618261136471987,0.0,0.008507539690314323,-51.98372682255846,1.0,0.8076923076923075,0.904867268401443,1.044920868834261,0.17025529124639405,0.5764010083381811,0.7772169167803548,0.0,0.6197069082730723,0.7470076824785126,-0.00933865590308272,REIT—Mortgage,Real Estate,AJX
2019Q1,2019,Q1,2019-05-08,2019-03-31,7330000.0,10314000.0,0.0,0.26,10314000.0,1.0,1616182000.0,302601000.0,18746000.0,0.0,1279507000.0,0.0,41372000.0,258284819.49,927701819.49,16.085775920566086,0.0,0.43990033300704995,2.3494932270547686,0.0,16.085775920566086,0.02422331717343961,25.042158182082606,8.809168468281037,0.8535491273657391,0.9578444747612551,0.0,0.027183169393630708,0.006381707010720327,0.0,0.004535380297515997,-51.20634803528945,1.0,0.08333333333333341,0.3924952501667446,0.6358058962539297,-0.029479582184605245,0.018163869693978284,0.11127956337174044,0.0,-0.22046815173081374,-0.055890622255303474,0.061139394123575164,REIT—Mortgage,Real Estate,AJX
2018Q4,2018,Q4,2019-03-06,2018-12-31,6596000.0,10130000.0,0.0,0.24,10130000.0,1.0,1602871000.0,300834000.0,14587000.0,0.0,1268592000.0,0.0,41063000.0,226195647.15,898773647.15,16.02616914018719,0.0,0.4540128307268645,2.4190217861013052,0.0,16.02616914018719,0.021925713184015105,22.329284022704837,8.573212824060038,0.751895221783442,0.9173741661613098,0.0,0.026751177912753214,0.006319909712010511,0.0,0.004115115938837249,80.87080698963175,1.0,-0.040000000000000036,1.2584436334987816,2.0802660304103515,0.5456348582430923,-0.08837293016558675,0.005794449527294907,0.0,-0.3335138920606089,-0.11909144410623164,0.07604481526465953,REIT—Mortgage,Real Estate,AJX
2018Q3,2018,Q3,2018-11-07,2018-09-30,6558000.0,11112000.0,0.0,0.25,11112000.0,1.0,1492476000.0,299126000.0,13106000.0,0.0,1160311000.0,0.0,40518000.0,251025407.99,925636407.99,16.00340862770367,0.0,0.49204744330897116,2.455049042878252,0.0,16.00340862770367,0.02192387154577001,22.590479480741543,9.569434583333333,0.8391962182825966,0.8630680085391887,0.0,0.0225475183780021,0.007445345854807716,0.0,0.004394040507184035,-510.21424388211386,1.0,-0.10714285714285723,0.0,0.0,0.9835584330703807,0.0667178650283191,-0.12804148384523334,0.0,-0.2961753350706591,0.07573246316970796,0.0947529336168778,REIT—Mortgage,Real Estate,AJX
2018Q2,2018,Q2,2018-08-09,2018-06-30,7521000.0,10417000.0,0.0,0.28,10417000.0,1.0,1359356000.0,297097000.0,16473000.0,0.0,1036680000.0,0.0,39620000.0,243232658.52,944619658.52,15.976591234274851,0.0,0.5415042122887602,2.477631884536027,0.0,15.976591234274851,0.025314964472882593,23.349588031103007,8.08511695652174,0.8186977940537938,0.7480388246243851,0.0,0.023130117617562434,0.007663187568230838,0.0,0.005532766986720182,361.9533608928572,1.0,-0.034482758620689495,0.13371143847973857,0.35061625947435227,0.11268751753980048,0.10209479475243335,-0.0187866927592955,0.0,0.13371143847973857,0.35061625947435227,0.11268751753980048,REIT—Mortgage,Real Estate,AJX
2018Q1,2018,Q1,2018-05-02,2018-03-31,7665000.0,9452000.0,0.0,0.29,9452000.0,1.0,1362585000.0,293971000.0,18627000.0,0.0,1042942000.0,0.0,37615000.0,250784605.95000002,968583605.95,15.883379423991315,0.0,0.5616222107244686,2.603175143126363,0.0,15.883379423991315,0.02607400049664763,26.53243820884469,8.179537049902153,0.8530930124059857,0.7313763861709067,0.0,0.022353844163455917,0.006936814950993883,0.0,0.005625337134931032,-90.21028991007195,1.0,0.2083333333333333,0.48002370747190587,0.5236847478473287,-0.04169098767664483,0.01514337879926968,0.23948900388098318,0.0,0.48002370747190587,0.5236847478473287,-0.04169098767664483,REIT—Mortgage,Real Estate,AJX
2017Q4,2017,Q4,2018-03-08,2017-12-31,6184000.0,9311000.0,0.0,0.24,9311000.0,1.0,1395738000.0,290356000.0,17005000.0,0.0,1078300000.0,0.0,35556000.0,252028264.16,994918264.16,15.921705977598318,0.0,0.5707453691165534,2.7435665183429996,0.0,15.921705977598318,0.021297992808827784,27.067797675867254,10.18872348641656,0.8679974381793385,0.8898771021992238,0.0,0.02183485260409691,0.006671022785078575,0.0,0.004430630963690893,-43.111232322955864,1.0,-0.2,1.179485986169537,1.9142788119836613,0.5355599673513699,0.015376226826608505,-0.17215528781793843,-1.0,1.179485986169537,1.9142788119836613,0.5355599673513699,REIT—Mortgage,Real Estate,AJX
2017Q3,2017,Q3,2017-11-08,2017-09-30,7470000.0,10199000.0,7763000.0,0.3,9170000.0,0.8991077556623198,1157413000.0,284824000.0,57091000.0,4777000.0,861904000.0,0.0,34875000.0,254635114.05,810274114.05,15.76047425734055,11.951224617961064,0.5172959004262091,2.102087604977109,0.008732962178668075,15.76047425734055,0.02622672246720782,24.96667458084126,8.52192483433735,0.8940086300662866,0.7329317269076305,0.0,0.021501355068118892,0.008811893420930991,13.04626334519573,0.006454048814036131,54.53739859713001,0.8991077556623198,0.0,0.0,0.0,0.9534476904013324,0.007692307692307693,0.08828671328671328,0.0,0.0,0.0,0.9534476904013324,REIT—Mortgage,Real Estate,AJX
2017Q2,2017,Q2,2017-08-03,2017-06-30,6864000.0,9100000.0,0.0,0.3,9100000.0,1.0,1146122000.0,281734000.0,16067000.0,0.0,853762000.0,0.0,32880000.0,251758816.02,814507816.02,15.644502076491772,0.0,0.5276829168273535,2.1466667139926314,0.0,15.644502076491772,0.02436340661758964,27.66580395824176,9.169537296765736,0.8936046626250294,0.7412587412587412,0.0,0.020209818589215972,0.00793981792514235,0.0,0.005988891234964515,-42.319518577912255,1.0,-0.33333333333333337,0.06841712679007265,0.21833670492351867,0.0895592134380583,-0.08173562058526741,-0.18373171601855154,0.0,0.06841712679007265,0.21833670492351867,0.0895592134380583,REIT—Mortgage,Real Estate,AJX
2017Q1,2017,Q1,2017-05-03,2017-03-31,8409000.0,9910000.0,0.0,0.45,9910000.0,1.0,942112000.0,276581000.0,13695000.0,0.0,654968000.0,0.0,31104000.0,234596065.5,632924065.5,15.38551826224042,0.0,0.4544767501103903,1.5480745242804097,0.0,15.38551826224042,0.030403389965326613,23.67266049445005,6.974553023546201,0.8482002216348918,0.5394220478059222,0.0,0.019335362638466757,0.010518919194320846,0.0,0.008925690363778405,-149.5194808795411,1.0,0.40625,0.6716764802903311,0.644736871799245,-0.07172898056567739,0.070078825180866,0.41137965760322254,0.0,0.6716764802903311,0.644736871799245,-0.07172898056567739,REIT—Mortgage,Real Estate,AJX
2016Q4,2016,Q4,2017-03-02,2016-12-31,5958000.0,9261000.0,0.0,0.32,9261000.0,1.0,957402000.0,272292000.0,12481000.0,0.0,674679000.0,0.0,27231000.0,238309520.59,645256520.59,15.162276484188533,0.0,0.46236586094451443,1.6257179792281815,0.0,15.162276484188533,0.021880921951434488,25.73259049670662,9.999560279875796,0.8751983921305069,0.7603222557905337,0.0,0.019008892254009632,0.009673052698866307,0.0,0.006223091240670064,17.02210861357143,1.0,-0.21951219512195116,1.1323369566191341,1.9434956033459845,0.46231721750114924,-0.03309667989141783,-0.21841794569067297,0.0,1.1323369566191341,1.9434956033459845,0.46231721750114924,REIT—Mortgage,Real Estate,AJX
2016Q3,2016,Q3,2016-11-03,2016-09-30,7623000.0,9578000.0,0.0,0.41,9578000.0,1.0,819232000.0,270625000.0,9147000.0,0.0,538225000.0,0.0,25803000.0,244841128.35,637602128.35,15.087462122455948,0.0,0.5078890961290574,1.5374743648960738,0.0,15.087462122455948,0.028168129330254043,25.562865770515764,8.029684125344353,0.9047247236951501,0.5883510428964974,0.0,0.0183180008613124,0.01169143783445959,0.0,0.009305056443107692,-18.042824491525423,1.0,0.024999999999999883,0.0,0.0,0.8700305305471442,0.2531728378908805,0.15412566237698713,0.0,0.0,0.0,0.8700305305471442,REIT—Mortgage,Real Estate,AJX
2016Q2,2016,Q2,2016-08-04,2016-06-30,6605000.0,7643000.0,0.0,0.4,7643000.0,1.0,729755000.0,267025000.0,6949000.0,0.0,452456000.0,0.0,22666000.0,218354466.83999997,496065466.84,16.961579964901073,0.0,0.47422765174613396,1.296020971819118,0.0,16.961579964901073,0.024735511656211965,28.56920932094727,8.264741364118093,0.817730425390881,0.5806207418622256,0.0,0.017563185473142208,0.010473378051537845,0.0,0.009050982864111929,-1356.2389244720496,1.0,-0.1666666666666666,0.17605676599379821,0.1705276910592021,0.18128692334633673,-0.14017324783440208,-0.13671415501241668,0.0,0.17605676599379821,0.1705276910592021,0.18128692334633673,REIT—Mortgage,Real Estate,AJX
2016Q1,2016,Q1,2016-05-16,2016-03-31,7651000.0,8889000.0,0.0,0.48,8889000.0,1.0,642684000.0,232031000.0,8108000.0,0.0,400480000.0,0.0,19896000.0,171279947.60999998,407418947.61,15.1589659281774,0.0,0.404603195349503,1.120677840460973,0.0,15.1589659281774,0.03297404226159436,19.268753246709416,5.59665232028493,0.7381770005301015,0.4804600705790093,0.0,0.021461940240489547,0.013831058498422241,0.0,0.011904761904761904,-41.44203910234696,1.0,-0.058823529411764754,0.7863224616909957,0.7326444740561404,-0.0853978061789188,-0.051334044823906085,-0.051215277777777776,0.0,0.7863224616909957,0.7326444740561404,-0.0853978061789188,REIT—Mortgage,Real Estate,AJX
2015Q4,2015,Q4,2016-03-29,2015-12-31,8064000.0,9370000.0,0.0,0.51,9370000.0,1.0,615379000.0,227802000.0,5444000.0,0.0,377566000.0,0.0,15921000.0,185379108.72,425125108.72,14.893588921986915,0.0,0.43969651223067413,1.1877858842327986,0.0,14.893588921986915,0.035399162430531775,19.784323235859123,5.747120186011905,0.8137729638896937,0.4554811507936508,0.0,0.019813451609306025,0.015226388940799085,0.0,0.013104119575091123,-36.884024814962196,1.0,0.06250000000000006,2.388583207655035,2.4966921478985054,0.4364037968650352,0.11005804999407653,0.0591016548463357,0.0,2.388583207655035,2.4966921478985054,0.4364037968650352,REIT—Mortgage,Real Estate,AJX
2015Q3,2015,Q3,2015-11-12,2015-09-30,7614000.0,8441000.0,0.0,0.48,8441000.0,1.0,565598000.0,223277000.0,6458000.0,0.0,332489000.0,0.0,11530000.0,188937128.66,358266128.65999997,14.618283391880144,0.0,0.3497820006435666,0.8860563336125082,0.0,14.618283391880144,0.034101138944002296,22.383263672550644,6.203609425400577,0.8462005878796293,0.44168636721828214,0.0,0.017799571867379516,0.014924027312684982,0.0,0.013461858068805052,-33.007884112508734,1.0,0.4117647058823528,0.0,0.0,0.8118777051521939,0.3356012658227848,0.40066225165562913,0.0,0.0,0.0,0.8118777051521939,REIT—Mortgage,Real Estate,AJX
2015Q2,2015,Q2,2015-08-13,2015-06-30,5436000.0,6320000.0,0.0,0.34,6320000.0,1.0,501838000.0,218792000.0,3538000.0,0.0,273388000.0,0.0,7279000.0,216071139.01999998,296180139.02,14.35856067622631,0.0,0.2318457350778538,0.5317790412812169,0.0,14.35856067622631,0.02484551537533365,34.188471363924045,9.937046496504783,0.9875641660572598,0.5051508462104488,0.0,0.012708777361264452,0.012593705538440692,0.0,0.01083218090300057,-37.53189838804933,1.0,0.25925925925925924,0.0,0.0,0.0,0.44954128440366975,0.49340659340659343,0.0,0.0,0.0,0.0,REIT—Mortgage,Real Estate,AJX
2015Q1,2015,Q1,2015-05-13,2015-03-31,3640000.0,4360000.0,0.0,0.27,4360000.0,1.0,326339000.0,215604000.0,1737000.0,0.0,101188000.0,0.0,4589000.0,189010134.04,244868134.04,16.57438177011728,0.0,0.25422030465252393,0.38478877942895306,0.0,16.57438177011728,0.01688280365855921,43.350948174311924,12.98146525,0.8766541160646371,0.49313186813186816,0.0,0.009496845283545094,0.013360340014524774,0.0,0.011154045333227103,244.5150505045278,1.0,0.6875000000000001,0.0,0.0,0.0,0.5947329919531822,0.49917627677100496,0.0,0.0,0.0,0.0,REIT—Mortgage,Real Estate,AJX
2014Q4,2014,Q4,2015-03-26,2014-12-31,2428000.0,2734000.0,0.0,0.16,2734000.0,1.0,272758000.0,161807000.0,1340000.0,0.0,101478000.0,0.0,2744000.0,218475390.0,250055390.0,10.368664406549406,0.0,0.3104546887717317,0.5233333539340078,0.0,10.368664406549406,0.015005531281094144,79.91053035844917,22.495406713344316,1.3502221164720931,,0.0,,0.010023537348125444,0.0,0.00890166374588463,0.0,1.0,0.0,0.0,0.0,0.0,0.0,0.0,0.0,0.0,0.0,0.0,REIT—Mortgage,Real Estate,AJX
2014Q3,2014,Q3,2014-09-30,2014-09-30,0.0,0.0,0.0,0.0,0.0,0.0,142158000.0,120863000.0,722000.0,0.0,14223000.0,0.0,996000.0,209726790.0,185876790.0,8.068029840155376,0.0,0.0,0.0,,8.068029840155376,0.0,0.0,0.0,1.7352439538982154,0.0,0.0,,0.0,0.0,0.0,0.0,0.0,0.0,0.0,0.0,0.0,0.0,0.0,0.0,0.0,0.0,0.0,REIT—Mortgage,Real Estate,AJX
