Quarters,Year,Quarter,FillingDate,Date,NetIncome,Revenue,OperatingIncome,EPSDiluted,GrossProfit,GrossProfitRatio,TotalAssets,CommonStockEquity,CurrentAssets,CurrentLiability,TotalLiability,Inventory,RetainedEarnings,MarketCap,EnterpriseValue,bookValuePerShare,currentRatio,debtToAssets,debtToEquity,roic,shareholdersEquityPerShare,roe,priceToSalesRatio,peRatio,pbRatio,payoutRatio,inventoryTurnover,dividendYield,assetTurnover,quickRatio,returnOnAssets,priceToFreeCashFlowsRatio,grossProfitMargin,epsdilutedGrowth,fiveYNetIncomeGrowthPerShare,fiveYRevenueGrowthPerShare,fiveYShareholdersEquityGrowthPerShare,grossProfitGrowth,netIncomeGrowth,operatingIncomeGrowth,threeYNetIncomeGrowthPerShare,threeYRevenueGrowthPerShare,threeYShareholdersEquityGrowthPerShare,Industry,Sector,Symbol
2023Q2,2023,Q2,2023-05-02,2023-03-31,435402000.0,63457205000.0,748609000.0,2.13,2295442000.0,0.0361730713,58766183000.0,511137000.0,39989641000.0,45071097000.0,58255046000.0,16955245000.0,3691314000.0,32392814760.000004,35786219760.0,2.5264289527274166,0.8872568821655261,0.08393961881104307,9.65066312945453,0.11497957698709818,2.5264289527274166,0.8518303312027891,0.5104670897496983,18.59937182190252,63.37403623686018,0.23372882990891175,3.6072473738952167,0.003141622633105194,1.07982519470424,0.4666073026800302,0.007409057008177645,61.50682375905244,0.036173071284813126,-0.0858369098712447,0.6410842305557903,0.6755172682489538,-0.8262636738442222,0.0696608919207457,-0.09243035362536348,0.18236954368918237,-0.5397427208706335,0.3584629139666448,-0.8554965300907011,Medical Distribution,Healthcare,ABC
2023Q1,2023,Q1,2023-02-01,2022-12-31,479745000.0,62846832000.0,633143000.0,2.33,2145953000.0,0.0341457625,57906893000.0,73559000.0,40708125000.0,44760623000.0,57833334000.0,16779873000.0,3357678000.0,33810142720.0,37762241720.0,0.36052678011292344,0.9094628776726364,0.09747205742846538,76.7316575809894,0.08884690449928938,0.36052678011292344,6.5219075843880425,0.5379768819532542,17.61880932578766,459.6329846789652,0.20784583476638632,3.617481431474481,0.002949203758936395,1.0853083069057081,0.45396155455655746,0.008284764993348893,53.298625087293665,0.03414576251035215,0.6642857142857145,-0.4043673949226697,0.6618459151089302,-0.9726181795424191,0.0807802739681873,0.6277053780149761,0.39299567234813065,1.581492288142127,0.3257250648367129,-0.9748626726639842,Medical Distribution,Healthcare,ABC
2022Q4,2022,Q4,2022-11-22,2022-09-30,294737000.0,61174149000.0,454519000.0,1.4,1985559000.0,0.0324574846,56560616000.0,-289784000.0,39589758000.0,43477955000.0,56489343000.0,15556394000.0,2977646000.0,28043353260.000004,30357997260.000004,-1.398422947370453,0.9105708398658584,0.1008269252230209,-19.679599287745354,0.06559348031615019,-1.398422947370453,-1.0170920409684454,0.45841836328609986,23.786760111557086,-96.77329755956161,0.327234110410298,3.804775708303608,0.0034392463378325674,1.0815679411978116,0.5023434059858611,0.005210993458769968,28.301348351572944,0.0324574846149474,-0.27083333333333337,1.9018895140545624,0.6488702864679161,-1.148008033294594,-0.014791335978671896,-0.2757664068566261,-0.3246284125642096,1.2305529366923769,0.34532384995505533,-1.1010250056431496,Medical Distribution,Healthcare,ABC
2022Q3,2022,Q3,2022-08-03,2022-06-30,406964000.0,60064601000.0,672991000.0,1.92,2015369000.0,0.033553357,57173630000.0,517864000.0,39744526000.0,43154310000.0,56655766000.0,15823360000.0,2779357000.0,29553049799.999996,32580513799.999996,2.4791823252028626,0.9209862467966698,0.10602260167843112,11.70519093816137,0.0779938238295813,2.4791823252028626,0.7858511114887307,0.49202107910447945,18.154584803569847,57.067202586007134,0.23912680237072567,3.668578102248827,0.0032929257947516472,1.050564762111484,0.5018812025959863,0.007118036759254222,100.10076719065957,0.0335533569930815,-0.267175572519084,7.461222867167092,0.6245060573442144,-0.7876895626395385,-0.09830117937612971,-0.2670550837918396,-0.13736465865204056,0.3530366040170751,0.33292154277675357,-0.8260878091127094,Medical Distribution,Healthcare,ABC
2022Q2,2022,Q2,2022-05-04,2022-03-31,555245000.0,57719446000.0,780157000.0,2.62,2235080000.0,0.0387231714,57308153000.0,550309000.0,39409740000.0,42797581000.0,56402088000.0,15514851000.0,2469709000.0,32372139240.0,35867752240.0,2.6299870008220068,0.9208403624494571,0.11266061916181455,11.73226678102666,0.08490049187873727,2.6299870008220068,1.0089695062228674,0.5608532562838527,14.575610424227143,58.82538581051737,0.17538564057308034,3.576210045459025,0.003008204038603412,1.0071768671379098,0.49552155763196054,0.009688761038939783,236.40860303944265,0.03872317139010655,0.2300469483568076,0.40361813683786274,0.6162158676783939,-0.7736850190769157,0.0848012409487861,0.2354811577691938,0.1955952712995344,19.627585944302574,0.343170889925953,-0.8100948824268706,Medical Distribution,Healthcare,ABC
2022Q1,2022,Q1,2022-02-02,2021-12-31,449416000.0,59628810000.0,652526000.0,2.13,2060359000.0,0.0345530793,57577564000.0,241546000.0,39378885000.0,41613605000.0,56976443000.0,16293933000.0,2019077000.0,27714873949.999996,31227092949.999996,1.158188487449354,0.9462983319998352,0.11603651727954312,27.659741829713596,0.07105237727355306,1.158188487449354,1.8605814213441747,0.464789989100906,15.417160242403474,114.7395276676078,0.22371477650995958,3.5331218681210976,0.0036276910434947154,1.0356257864608513,0.4925834952295049,0.007805401423373868,35.36323425458071,0.0345530792917048,0.024038461538461453,0.9057677763997762,0.6379214440265591,-0.8803478229718532,-0.0043741914970008376,0.026771883810298425,0.16129525979053025,0.16081211078208232,0.33566751031443937,-0.9194350375362239,Medical Distribution,Healthcare,ABC
2021Q4,2021,Q4,2021-11-23,2021-09-30,437698000.0,58912421000.0,561895000.0,2.08,2069411000.0,0.035126904732025864,57337805000.0,223354000.0,38802609000.0,41358641000.0,56753394000.0,15368352000.0,1670513000.0,24833655000.0,28970437000.0,1.0743338143338144,0.938198356179063,0.11657097790890321,29.925248708328482,0.06409455683271725,1.0743338143338144,1.9596604493315544,0.421535129238705,14.184240617960329,111.18518137127609,0.2115773889759606,3.6987056256910305,0.003729092636585311,1.0274620906747303,0.5062108302833258,0.007633672059821613,29.38869737173775,0.035126904732025864,0.4857142857142859,2.205491460384298,0.6496475073732636,-0.889680442895737,0.09596675362751733,0.4983397347683502,-0.09477918634117737,0.9137012563100487,0.38784089423112156,-0.9223216999503746,Medical Distribution,Healthcare,ABC
2021Q3,2021,Q3,2021-08-04,2021-06-30,292122000.0,53405695000.0,620727000.0,1.4,1888206000.0,0.03535589228826626,55930936000.0,37962000.0,37259766000.0,39589838000.0,55522495000.0,14996364000.0,1325422000.0,23602800440.0,28152375440.0,0.18414210597799724,0.9411446947572758,0.12699218908119114,187.10268162899743,0.04477973089176075,0.18414210597799724,7.6951161688003795,0.44195287487598467,20.19943759798988,621.7480754438649,0.3138277842819096,3.4353319911413194,0.0038841153715232614,0.9548507287630588,0.5178715810860353,0.005222905620603238,21.737224854120004,0.03535589228826626,-0.3333333333333334,-0.1262830926011085,0.5149799320435406,-0.9788661292617572,0.23140041516100696,-0.3288671091536919,-0.005798057810800725,0.12291896804421923,0.31243188328487614,-0.9870077206005431,Medical Distribution,Healthcare,ABC
2021Q2,2021,Q2,2021-05-05,2021-03-31,435267000.0,49154171000.0,624347000.0,2.1,1533381000.0,0.031195338438318898,47003250000.0,-281756000.0,35469149000.0,32996446000.0,47106032000.0,12954676000.0,1124976000.0,24194432120.0,23744249120.0,-1.3749829198305648,1.0749384645849436,0.13171423252647424,-21.97290208549241,0.08094326391838041,-1.3749829198305648,-1.5448366671872116,0.4922152408999025,13.896316582695219,-85.87015758315705,0.20966900775845632,3.675953763722072,0.003772024883549943,1.0457611122635138,0.639668799482223,0.009260359655981236,-44.795793632719565,0.031195338438318898,0.16022099447513813,-0.2691763051302853,0.3966996427185128,-1.1304336236892305,0.05588026689987123,0.1611919593431952,0.14092663387107385,0.6197595716311686,0.2813940551480604,-1.0945542049620742,Medical Distribution,Healthcare,ABC
2021Q1,2021,Q1,2021-02-04,2020-12-31,374845000.0,52516556000.0,547228000.0,1.81,1452230000.0,0.02765280343212148,45846768000.0,-697222000.0,34700221000.0,35044451000.0,46358316000.0,13178958000.0,780971000.0,20009810080.0,18819004080.0,-3.4063503075487462,0.9901773322115961,0.0807060598033868,-5.306935237270195,0.1307360521372398,-3.4063503075487462,-0.5376264661757661,0.3810190843436116,13.345389480985475,-28.69933834560585,0.24304179060678413,3.8746861474177243,0.004552916776109651,1.1454800041739037,0.5734096390895095,0.008176039802849353,23.888231716853124,0.02765280343212148,1.0762426284751474,0.14289591008263594,0.4410793701017865,-1.5402392629726183,0.07824422521637572,1.0773502746141617,1.0895167243920756,-0.5360873220497778,0.3842677912571961,-1.2587105249371788,Medical Distribution,Healthcare,ABC
2020Q4,2020,Q4,2020-11-19,2020-09-30,-4846072000.0,49244768000.0,-6113137000.0,-23.74,1346847000.0,0.02735005270001475,44274830000.0,-1018924000.0,33055702000.0,33853077000.0,45114466000.0,12589278000.0,518335000.0,19780790480.0,19302564480.0,-4.992425059041422,0.9764460110967166,0.09304428723949928,-4.043010077297227,-1.5547319803639053,-4.992425059041422,4.756068166026122,0.4016830880389161,-1.0204548384753673,-19.41341108856009,-0.017914302552665334,3.804659885975987,0.004388803374049994,1.1122519950951817,0.5592541853728688,-0.1094543333085638,16.7540676369747,0.02735005270001475,-17.836879432624112,-14.828313704041575,0.44316940462206017,-2.6718776651107037,0.09882468695847978,-17.742982113675076,-16.100466614463812,-14.056158039273638,0.34767221506823864,-1.5283945145128002,Medical Distribution,Healthcare,ABC
2020Q3,2020,Q3,2020-08-05,2020-06-30,289439000.0,45366777000.0,404831000.0,1.41,1225716000.0,0.02701792106589366,40789703000.0,3857252000.0,29918572000.0,30631571000.0,36821752000.0,11849201000.0,5451221000.0,20522213580.0,21242292580.0,18.940222141475246,0.9767233943045233,0.1015048087013529,1.073393960259791,0.04229130507307971,18.940222141475246,0.0750376174540839,0.4523621675835601,17.72585378957224,5.320423342835781,0.29789696620013195,3.725235228940753,0.0042014473567329475,1.1122115059283466,0.5407719702002878,0.0070958839783658145,-105.4486922072984,0.02701792106589366,-0.6961206896551724,0.4557108543465105,0.42740898477446143,1.6368652601965117,-0.11698737921500288,-0.6985880115841575,0.30795276480946,5.17232094443853,0.2585050866084867,0.6219891557317646,Medical Distribution,Healthcare,ABC
2020Q2,2020,Q2,2020-05-07,2020-03-31,960277000.0,47417639000.0,309515000.0,4.64,1388107000.0,0.029274064024992892,42042262000.0,3590590000.0,31180650000.0,32111790000.0,38337149000.0,11102566000.0,5248005000.0,18175245000.0,18628501000.0,17.483517553683594,0.9710031736007242,0.0985958843032756,1.1544604090135604,0.14067529947333032,17.483517553683594,0.26744267655176446,0.38330134910344227,4.731771405542359,5.061910438117413,0.09107059733805975,4.145846284543591,0.004811654533405189,1.1278565125729914,0.5792763966132065,0.022840754857576407,23.42714160501147,0.029274064024992892,4.155555555555555,3.005922884031109,0.5565592141186276,1.0094519552856671,0.12742951265986255,4.117656150074611,0.17491088951058506,1.4733003127923092,0.35279861109472777,0.504487261873771,Medical Distribution,Healthcare,ABC
2020Q1,2020,Q1,2020-01-30,2019-12-31,187640000.0,47864742000.0,263437000.0,0.9,1231214000.0,0.025722775231923324,40016738000.0,2954626000.0,28954816000.0,30630456000.0,36947657000.0,11686466000.0,4375181000.0,17514800160.0,18450799160.0,14.342287678148422,0.945294970469914,0.10417148444233511,1.4108733220380516,0.03005300037162499,14.342287678148422,0.06350719177317196,0.36592279469510147,23.335642933276485,5.92792460365542,0.44280537198891495,3.9903875132140034,0.004743873709147704,1.1961180344085018,0.5158728293173305,0.004689037872102419,231.96874591086683,0.025722775231923324,0.4285714285714286,1.9997096980301738,0.5180538138649099,0.779912463225941,0.03922980374547262,0.4148802207828441,0.46483282455057523,-0.19446689348715193,0.331034061415935,0.4816983270432179,Medical Distribution,Healthcare,ABC
2019Q4,2019,Q4,2019-11-19,2019-09-30,132619000.0,45637802000.0,179841000.0,0.63,1184737000.0,0.025959554318588787,39171980000.0,2878917000.0,28132054000.0,29581294000.0,36178774000.0,11060254000.0,4235491000.0,17122911070.0,17921609070.0,13.842344659797384,0.9510082283756756,0.10652747193274376,1.4494658929034772,0.023326498351375277,13.842344659797384,0.046065586468800594,0.37519140536172185,32.278389729224315,5.947691812580912,0.6327147693769369,4.019172163677253,0.004900451778144989,1.165062424722978,0.5328053938411214,0.0033855577379545278,28.857201479017203,0.025959554318588787,-0.5594405594405594,1.10746524314908,0.5566466209680646,0.5851045392634042,-0.03776845925120956,-0.5608046125467365,-0.5577977545771514,-0.029130596927035374,0.27745028698466045,0.4214216398841908,Medical Distribution,Healthcare,ABC
2019Q3,2019,Q3,2019-08-01,2019-06-30,301959000.0,45239265000.0,406694000.0,1.43,1231239000.0,0.02721615835270533,38478538000.0,2989422000.0,27401778000.0,28788871000.0,35371341000.0,11247776000.0,4186782000.0,17948650950.0,19133793950.0,14.255368255406404,0.9518184301148871,0.10875418395574177,1.3998364901308682,0.046131778391622656,14.255368255406404,0.10100915829213808,0.39674939347489396,14.860172200530537,6.004053944207275,0.2802897082054186,3.9125980104866955,0.004715451887485727,1.1757012441584969,0.5206383049894523,0.007847465514412216,35.998818568362786,0.02721615835270533,9.999999999999998,26.432663715057803,0.6045674774066168,0.6199629523363757,-0.13582466050327213,10.128026533996684,7.550278566172606,-0.11214581405816479,0.26160105316288573,0.6360794204873879,Medical Distribution,Healthcare,ABC
2019Q2,2019,Q2,2019-05-02,2019-03-31,27135000.0,43319602000.0,47565000.0,0.13,1424756000.0,0.032889406509321116,38810310000.0,2921215000.0,27622183000.0,29211899000.0,35771979000.0,11373730000.0,3969459000.0,16682770060.0,18099493060.0,13.848952752993828,0.9455798474450429,0.11060135824733171,1.4694135830467803,0.009854416014246506,13.848952752993828,0.009288943128116211,0.3851090335502159,153.70158522203795,5.710901135315272,3.12854247282108,3.68347463848711,0.005088663315185679,1.1161879923144133,0.5168448994021237,0.0006991698855278404,30.773829727969837,0.032889406509321116,-0.9293478260869564,-0.83611642000362,0.6556782724216236,0.4807980378191536,0.0980101419565653,-0.9310685580157093,-0.900454770908893,-0.9557395337229958,0.1957940422792522,0.3137392951008603,Medical Distribution,Healthcare,ABC
2019Q1,2019,Q1,2019-01-31,2018-12-31,393652000.0,45392452000.0,477823000.0,1.84,1297580000.0,0.028585809817015393,39267823000.0,3048453000.0,27476207000.0,29351737000.0,36103090000.0,11800185000.0,4027217000.0,15776817600.000002,17558337600.0,14.375833514104897,0.936101567004365,0.11005641947606823,1.4176620075822064,0.05871674222700611,14.375833514104897,0.1291317268135674,0.34756478015331715,10.01952079501692,5.17535208841993,0.2172858260595653,3.7367949739771027,0.00542156233079604,1.155970678588421,0.49467389272396384,0.010024798166172848,39.46819167698601,0.028585809817015393,0.6880733944954128,9.329364349475522,0.6894937835719293,0.47273817450448646,0.2565644788459881,0.6874078392373375,2.1007936559439835,0.15851783315908585,0.2022938099361969,1.2799738726419752,Medical Distribution,Healthcare,ABC
2018Q4,2018,Q4,2018-11-20,2018-09-30,233288000.0,43297136000.0,154097000.0,1.09,1032641000.0,0.023850099461544063,37669838000.0,2932824000.0,25894372000.0,27869687000.0,34619877000.0,11918508000.0,3720582000.0,19676490660.0,21494163660.0,13.830552595093703,0.9291231724274478,0.11442016289000234,1.4696377961991582,0.03689537811108049,13.830552595093703,0.07954381169821305,0.45445247602520406,21.086050997050855,6.709059479873323,0.351826926374267,3.5461229710967177,0.004171323099136419,1.149384714635619,0.4954035544066211,0.0061929653108675434,34.08406244316144,0.023850099461544063,-0.12799999999999995,3.9694624947366584,0.923203525767701,0.37413297625903125,-0.1475224565171987,-0.15416828312346587,-0.6040622310153008,-0.3592988121398733,0.22123756776199785,3.6316152383699087,Medical Distribution,Healthcare,ABC
2018Q3,2018,Q3,2018-08-02,2018-06-30,275809000.0,43142309000.0,389195000.0,1.25,1211341000.0,0.02807779713413114,38309592000.0,3097821000.0,26404401000.0,28099671000.0,35033660000.0,12074347000.0,3569371000.0,18637378630.0,20642154630.0,14.17319473484346,0.9396694003997413,0.11468939684870567,1.4183208132425986,0.041818956482812475,14.17319473484346,0.08903322690368488,0.43199770856029057,16.893374246308134,6.016286489761674,0.3024955675848141,3.4727317344780633,0.004476541559643144,1.126149007277342,0.503690665986801,0.007199476308700965,25.05892988428783,0.02807779713413114,-0.031007751937984523,0.7305850751435937,1.081395588795983,0.3539179776884356,-0.03531305273703634,-0.040514167434902854,-0.19156869261767273,0.2925009892352748,0.2647895355051971,0.9731978085130251,Medical Distribution,Healthcare,ABC
2018Q2,2018,Q2,2018-05-02,2018-03-31,287455000.0,41033858000.0,481420000.0,1.29,1255683000.0,0.03060114406010763,38395732000.0,3187550000.0,26397211000.0,28094404000.0,35032136000.0,12867481000.0,3376993000.0,18897232000.0,21336268000.0,14.541742700729927,0.9395896421223244,0.11799215079426015,1.4212780975984691,0.04870925317953989,14.541742700729927,0.09018054618751078,0.46052779146430733,16.434948078829727,5.928450377248984,0.2921431180532605,3.091372351744681,0.004443931259350576,1.0687088346173477,0.4754104411682839,0.007486639400441695,-103.40878720388743,0.03060114406010763,-0.6692307692307692,5.62162712368867,1.1017001855327426,0.4281063797106872,0.1285496273767539,-0.6664686437246259,0.14904779066908846,1.562579660176744,0.2620150241621014,0.6713417773922893,Medical Distribution,Healthcare,ABC
2018Q1,2018,Q1,2018-02-06,2017-12-31,861853000.0,40466332000.0,418973000.0,3.9,1112652000.0,0.027495746340439258,36361510000.0,2874582000.0,25296432000.0,26740291000.0,33486928000.0,12020660000.0,3173516000.0,20046417860.0,21295488860.0,13.166647581793947,0.9460043647243779,0.11789438887438942,1.4912839501534485,0.14044421964206577,13.166647581793947,0.2998185475314324,0.4953850984072389,5.814917932640484,6.973680994314999,0.09694808743486419,3.2738368775092215,0.004168076340797178,1.1128892061963322,0.49234804512785596,0.023702343494535844,-316.6140386954118,0.027495746340439258,3.888888888888889,4.440152072815471,1.0063195685043163,0.30898921107771504,-0.050654425692394325,3.5011187305382965,4.103457726552199,5.3327763689342245,0.21101599884473085,0.6340126941843804,Medical Distribution,Healthcare,ABC
2017Q4,2017,Q4,2017-11-21,2017-09-30,-344587000.0,39120015000.0,-135002000.0,-1.35,1172020000.0,0.029959599964366066,35316470000.0,2064461000.0,24303299000.0,26818165000.0,33252009000.0,11461428000.0,2395218000.0,18080957750.0,19087897750.0,9.448290854504098,0.906225276785343,0.09746316661886083,1.6672899124759442,-0.049248640750484046,9.448290854504098,-0.16691378524467163,0.46219199430266067,-13.117846690385882,8.758197781406382,-0.2324579859367881,3.3109308019908164,0.00443018567420744,1.1076989008244595,0.47499293855489366,-0.009757118987260052,14.065475482016515,0.029959599964366066,-6.869565217391305,-3.241335540570076,1.1568252462971487,-0.10636073286432167,0.0853293205232087,-7.843561328249126,-1.7923768605906936,-6.212182549889259,0.270077969338817,0.08193583455930015,Medical Distribution,Healthcare,ABC
2017Q3,2017,Q3,2017-08-03,2017-06-30,50352000.0,38707144000.0,170376000.0,0.23,1079875000.0,0.027898596703492255,34654010000.0,2553514000.0,23677224000.0,25751076000.0,32100496000.0,11669529000.0,2819907000.0,20671442280.0,22793168280.0,11.677157072563976,0.91946542350308,0.09907058375062511,1.3444974259001516,0.010743918555495974,11.677157072563976,0.019718709198383092,0.5340472105097704,102.63466336987607,8.09529232265811,1.5903042580235145,3.224403401371212,0.0038737016467145125,1.116960028579665,0.4607467664652149,0.0014529920202597045,-58.48841144448091,0.027898596703492255,-0.8763440860215054,-0.6797510740522238,1.257341561936925,0.004875263466425588,-0.14051910695965622,-0.8776298809399402,-0.7273901126594249,5.066944634877745,0.31656176214617326,0.32697812552068917,Medical Distribution,Healthcare,ABC
2017Q2,2017,Q2,2017-05-04,2017-03-31,411473000.0,37147402000.0,624981000.0,1.86,1256427000.0,0.03382274216646429,34397013000.0,2529292000.0,23493921000.0,25531426000.0,31867721000.0,11335816000.0,2849630000.0,19262025000.0,20951653000.0,11.620914311968757,0.9201961927234303,0.11902373615988109,1.6186588974305853,0.0654843947830759,11.620914311968757,0.16268307494745565,0.5185295326978722,11.703091697389622,7.615579774893527,0.194238747135292,3.1661571606314003,0.0041493041359877796,1.0799601116527182,0.46953715002052765,0.011962463135970557,28.60749182039473,0.03382274216646429,0.6756756756756757,1.3010395431920632,1.1952663293186077,0.018192409779984046,0.2108039087194511,0.6642251037428311,0.5625032813566441,1.4084347035092568,0.3759664801423271,0.24256522624844892,Medical Distribution,Healthcare,ABC
2017Q1,2017,Q1,2017-01-31,2016-12-31,247246000.0,38169265000.0,399987000.0,1.11,1037680000.0,0.027186271467370408,33919272000.0,2116557000.0,23078756000.0,25542758000.0,31802715000.0,11414771000.0,2518081000.0,17097103590.0,19441302590.0,9.679627368392168,0.9035342228901045,0.12191691496208999,1.953801858395498,0.0435604266977843,9.679627368392168,0.11681518617263792,0.4479285516763291,17.287543165511273,8.077790293386855,0.3242479150319924,3.2529417366322986,0.004689039846894909,1.1252972941164539,0.4497295867580157,0.007289248424907233,-30.11978357647581,0.027186271467370408,0.7076923076923077,0.8027150523711145,1.2158785612887906,-0.13867416147220035,-0.07723636881021934,0.7216009581238598,0.7369668966775086,5.291664379068929,0.37772294503194126,-0.008366594784040808,Medical Distribution,Healthcare,ABC
2016Q4,2016,Q4,2016-11-22,2016-09-30,143614000.0,37560603000.0,230279000.0,0.65,1124535000.0,0.029939215832078096,33656200000.0,2129404000.0,22851847000.0,25281308000.0,31526796000.0,10723920000.0,2303941000.0,17663435580.0,19127005580.0,9.73838041534613,0.9039028755948861,0.12495177708713402,1.9749197428012721,0.027725033959779304,9.73838041534613,0.0674432845998223,0.4702649629985972,30.74810878465888,8.295013806680178,0.5111409751138468,3.39764451804937,0.004155873282268907,1.1160084323245048,0.4714039321066774,0.004267088976176752,14.693803249477373,0.029939215832078096,-0.5833333333333334,0.15225066386578062,1.175518712905769,-0.12203829400312954,0.015048792134045455,-0.5894432008873566,-0.5627176641714804,1.9668045405502572,0.6179823198956638,-0.032444324109699406,Medical Distribution,Healthcare,ABC
2016Q3,2016,Q3,2016-08-02,2016-06-30,349803000.0,36881680000.0,526614000.0,1.56,1107863000.0,0.03003830085831231,31914243000.0,1879317000.0,21457255000.0,23997255000.0,30034926000.0,10492561000.0,2250868000.0,17108372159.999998,19650386160.0,8.713127294981641,0.8941545605945347,0.13809558321655946,2.345115805369717,0.058999478085241315,8.713127294981641,0.18613304727196103,0.46387182362625556,12.22714796614094,9.103505241531895,0.20937784981832633,3.40944570157848,0.004281003435922451,1.155649532404701,0.4521240033495498,0.010960717445185838,279.5211606705225,0.03003830085831231,-0.41791044776119407,1.4051186766463384,1.319619738410254,-0.2560377479928322,0.03025301046840461,-0.42098537578521356,-0.4449168978573055,1.2241835887991623,0.8031195494316533,-0.16766403713045808,Medical Distribution,Healthcare,ABC
2016Q2,2016,Q2,2016-05-05,2016-03-31,604135000.0,35698357000.0,948712000.0,2.68,1075331000.0,0.03012270284596011,32495355000.0,2191162000.0,22070068000.0,23770910000.0,30304193000.0,10644586000.0,1974306000.0,17990109900.0,19952961900.0,10.541629381597051,0.9284485953629877,0.1381163246254734,2.0482917283158435,0.09364263412499271,10.541629381597051,0.2757144382752165,0.5039478399524101,7.444573605237239,8.210305719065957,0.11691095533283123,3.252641859439155,0.00392604605489375,1.0985679953334868,0.4750462224626655,0.01859142637463108,22.77701940656035,0.03012270284596011,0.8356164383561645,2.7190913791897597,1.3842115329398013,-0.07700557277449575,0.11447469470201901,0.8286230579005197,6.275575401349045,13.675829462917637,0.92819274887435,0.03526575062070843,Medical Distribution,Healthcare,ABC
2016Q1,2016,Q1,2016-02-04,2015-12-31,330377000.0,36709046000.0,-179831000.0,1.46,964877000.0,0.02628444770806629,30755802000.0,1300019000.0,20361675000.0,24024341000.0,29455783000.0,10863974000.0,1440801000.0,21382927800.0,24906566800.0,6.305262392084586,0.8475435392795998,0.14637007352303802,3.4628178511237144,0.048670943790341495,6.305262392084586,0.2541324396028058,0.5824975075625773,16.180702500476727,16.448165603733482,0.2155083434984881,3.290155977913791,0.00332971240729719,1.1935649085008415,0.3895524959456744,0.010741940658871454,32.3621886436076,0.02628444770806629,-0.06410256410256415,1.7515367990465334,1.4672277736162995,-0.41331589417088543,-0.008933065180458805,-0.09308594597117108,-1.3345998053776065,1.208211171543872,0.9272245618597643,-0.37314943739625395,Medical Distribution,Healthcare,ABC
2015Q4,2015,Q4,2015-11-24,2015-09-30,364287000.0,35470378000.0,537451000.0,1.56,973574000.0,0.027447522549661017,27736157000.0,633520000.0,20334488000.0,22700765000.0,27102637000.0,9755094000.0,1181623000.0,20152603450.0,21478209450.0,2.9861186396738235,0.8957622353255495,0.12593842759110427,5.513713852759187,0.09978072945453072,2.9861186396738235,0.5750205202677106,0.5681530501310136,13.830169241559538,31.810524450688217,0.16982489081411084,3.536286170076885,0.0030698266927889164,1.2788497699951726,0.45771113880963926,0.013134011319592688,18.563254708378086,0.027447522549661017,0.752808988764045,2.350863099948133,1.3371933361339001,-0.7214263739606058,0.0921069162635844,0.7009800946008414,0.6160780599281344,1.4403483201282177,1.014104129344114,-0.7175666039677222,Medical Distribution,Healthcare,ABC
2015Q3,2015,Q3,2015-08-06,2015-06-30,214163000.0,34233556000.0,332565000.0,0.89,891464000.0,0.026040648537943297,27333504000.0,1575624000.0,19902034000.0,21117291000.0,25757880000.0,9639961000.0,879201000.0,23326636060.0,24521604060.0,7.182855501711805,0.9424520408417917,0.137199789679362,2.3801052789244133,0.04394684001669987,7.182855501711805,0.135922656674435,0.6813968160362891,27.230002451403838,14.804697097784752,0.29853429397234815,3.4587372293311147,0.002740858126115935,1.2524393506225913,0.4807312168970916,0.00783518278520017,21.806851180665856,0.026040648537943297,1.3819742489270386,0.6821437973291269,1.2387268432371727,-0.3109343427965454,-0.02249181996017439,1.4171545998169033,1.9130155470570955,0.357878968312538,0.9902325599829686,-0.38188090047339984,Medical Distribution,Healthcare,ABC
2015Q2,2015,Q2,2015-05-08,2015-03-31,-513390000.0,32669267000.0,-364249000.0,-2.33,911976000.0,0.02791541052941286,27005530000.0,1916255000.0,19556823000.0,20225906000.0,25089275000.0,9517312000.0,728973000.0,25035021810.0,26704764810.0,8.700639747914803,0.9669195041250562,0.1483667234081316,2.090912743867596,-0.0792078878607942,8.700639747914803,-0.2679131952688969,0.7663172182589832,-12.191034988020803,13.064556549102287,-0.12484466000506438,3.3367920480068323,0.0025601735235716177,1.2097250822331573,0.48932794407330876,-0.019010550802002403,36.331292644062486,0.02791541052941286,-1.5604395604395602,-4.6306355078355015,1.1667109995496183,-0.1338262277101457,0.21225204340295548,-1.5676304220618464,-3.120603640395036,-3.8371787705454685,0.9078960918083676,-0.2376739803999079,Medical Distribution,Healthcare,ABC
2015Q1,2015,Q1,2015-02-06,2014-12-31,-199947000.0,33588602000.0,-88397000.0,-0.91,752299000.0,0.022397448991774056,24904916000.0,1768346000.0,20144710000.0,20805033000.0,23136570000.0,10628342000.0,1306457000.0,19786152960.0,19483281960.0,8.057861256926218,0.9682613817531556,0.0801402020388264,1.1286733478629183,-0.043860876822925735,8.057861256926218,-0.11307006660461244,0.5890734291352763,-24.739247100481627,11.18907326959769,-0.3202098556117371,3.089503800310528,0.0032358488347600444,1.34867357111343,0.4538703207055716,-0.008028414952292952,23.432009635164086,0.022397448991774056,-4.137931034482759,-2.7279143414075935,1.2714061388680367,-0.15638057640235567,-0.1378096691971981,-3.94898380578744,-1.4264967698045479,-2.4525683397443103,0.9428888581542622,-0.2829843712242525,Medical Distribution,Healthcare,ABC
2014Q4,2014,Q4,2014-11-25,2014-09-30,67802000.0,31588708000.0,207263000.0,0.29,872544000.0,0.02762202240116943,21532183000.0,1956899000.0,16800205000.0,17250160000.0,19575284000.0,8593852000.0,1570429000.0,17321925100.0,17509044100.0,8.732764506642509,0.9739158941134459,0.09268135980453074,1.0197930501267567,0.018883801367222112,8.732764506642509,0.03464767471392238,0.5483581379776596,63.86952117931624,8.851721575819703,0.7803752101707914,3.57420211565198,0.003054568109176272,1.467046234931219,0.47080119836569634,0.003148867906240626,22.646858228380996,0.02762202240116943,5.833333333333333,-0.3328776709964946,1.1612972402006674,-0.07751185859157567,0.26089444569684567,6.305320813771518,0.8693056269559963,-0.46917989852767267,0.7853229928406396,-0.21269939175524935,Medical Distribution,Healthcare,ABC
2014Q3,2014,Q3,2014-08-07,2014-06-30,-12780000.0,30348154000.0,110877000.0,-0.06,692004000.0,0.022802177687644528,20630606000.0,1986355000.0,15891386000.0,16339359000.0,18644251000.0,8421977000.0,1555538000.0,16401323820.0,17134941820.0,8.799811276453415,0.9725831961951507,0.09672435215911739,1.0045948483528875,-0.00610073239847834,8.799811276453415,-0.006433895250345482,0.540438928179948,-320.83966784037557,8.256995260162459,-4.159702660406886,3.5212812858548532,0.0032412627531428133,1.4710258147530906,0.4525937645411916,-0.0006194679884827426,36.72782360423142,0.022802177687644528,-1.0789473684210527,-1.14223817960405,1.1816538409886679,-0.056666203227509884,-0.051520505268005584,-1.070969640764784,-0.6317944528572567,-1.0839626831334637,0.8238152936052561,-0.24863631703866357,Medical Distribution,Healthcare,ABC
2014Q2,2014,Q2,2014-05-07,2014-03-31,180077000.0,28455903000.0,301128000.0,0.76,729593000.0,0.025639425324158575,20361247000.0,2145515000.0,15760027000.0,16499931000.0,18215732000.0,8493269000.0,1621479000.0,15046936310.0,15747154310.0,9.352357579693908,0.9551571458086704,0.06860817512797718,0.6511014837929355,0.053628271026393774,9.352357579693908,0.08393182988699682,0.5287808406572092,20.88958655186393,7.013204899522959,0.30003831694219696,3.2645039265799776,0.0035907641852708817,1.3975520752731894,0.4365558862034029,0.00884410468572971,14.329228254420824,0.025639425324158575,3.4705882352941173,0.6557160619422312,1.1670617012472946,0.02533339684695382,0.060108249482364054,3.3512625347348073,0.8865777866880513,0.004424717676788628,0.7219685696865114,-0.18113475488455158,Medical Distribution,Healthcare,ABC
2014Q1,2014,Q1,2014-02-07,2013-12-31,41385000.0,29176362000.0,159616000.0,0.17,688225000.0,0.02358844464570326,19796095000.0,2247802000.0,15228345000.0,15828898000.0,17548293000.0,8602809000.0,1495432000.0,16190775870.0,17663086870.0,9.76129617808118,0.9620597087681025,0.09192600863958271,0.8095802032385415,0.013581057118652316,9.76129617808118,0.018411319146437274,0.5549278511830913,97.80582258064517,7.202936855648319,1.313688534493174,3.3114924439215145,0.0033578996112679804,1.4738443112139035,0.41453662788148615,0.0020905638207939494,-15.233703230820472,0.02358844464570326,-0.2272727272727272,-0.5006122931448914,1.2550678417230163,0.10916068084807762,0.2126201652007217,-0.1888952041236305,0.3978106664331377,-0.6913939384420364,0.7557523494700987,-0.09174321957482073,Medical Distribution,Healthcare,ABC
2013Q4,2013,Q4,2013-11-26,2013-09-30,51023000.0,24469040000.0,114190000.0,0.22,567552000.0,0.023194698279948866,18918638000.0,2319745000.0,14393651000.0,14870635000.0,16598893000.0,6981494000.0,1508414000.0,14082205800.0,14247805800.0,10.064930275340814,0.9679244363135804,0.0738216990039135,0.6020515185936385,0.016061579961530924,10.064930275340814,0.02199508997756219,0.5755111683989237,68.99930325539464,6.070583533966018,0.9546871018952238,3.423549171567003,0.0034590461673269964,1.2933827477432571,0.48975218610368687,0.002696970046152371,-147.51634996124113,0.023194698279948866,-0.6901408450704225,-0.40546489215341414,0.9094670413283266,0.14609797748322362,0.009071028535869856,-0.697083217069681,-0.1519243052151568,-0.5679810501100876,0.48412181392520687,-0.061047312258955405,Medical Distribution,Healthcare,ABC
2013Q3,2013,Q3,2013-08-07,2013-06-30,168439000.0,21906648000.0,134646000.0,0.71,562450000.0,0.025674854500788984,16579332000.0,2418194000.0,12139073000.0,12441648000.0,14161138000.0,5895089000.0,1506102000.0,12707420020.0,12536274020.0,10.468281659899048,0.9756804725547612,0.08422769988561662,0.5774718653672948,0.019519419127570152,10.468281659899048,0.06965487467093211,0.5800714020693627,18.860566763041813,5.2549216564097,0.2897310005402549,3.6206744291731643,0.003840433378545081,1.3213227167415431,0.49455449953253783,0.010159576996226386,491.4118883174137,0.025674854500788984,2.736842105263158,3.153776068173131,0.6813028099726022,0.2261728104193812,-0.21553887158659338,2.6910855940745937,-0.6154322909377562,0.25632224229339207,0.36039410260252236,0.004243142584469271,Medical Distribution,Healthcare,ABC
2013Q2,2013,Q2,2013-05-09,2013-03-31,45634000.0,20523668000.0,350123000.0,0.19,716989000.0,0.034934739735606714,16111431000.0,2346280000.0,11724784000.0,12042651000.0,13765151000.0,5662556000.0,1386465000.0,11898992080.0,11947967080.0,10.182534653809098,0.9736048981241755,0.08666343790318812,0.5951003290314881,0.057721522073087526,10.182534653809098,0.019449511567246877,0.5797692732117865,65.18709777797257,5.071428849071722,1.0651707060525046,3.497833663808358,0.004085051882814599,1.27385754871805,0.4590140493152214,0.002832398934644601,12.478912082288092,0.034934739735606714,-0.7323943661971831,-0.5229287378327745,0.6092654543217202,0.11378548660732643,0.06706859704371328,-0.7293533636595477,0.21884083701468013,-0.6915377969688661,0.301052287700958,0.013700682719998566,Medical Distribution,Healthcare,ABC
2013Q1,2013,Q1,2013-02-08,2012-12-31,168611000.0,21466314000.0,287259000.0,0.71,671924000.0,0.03130132168941533,15495532000.0,2337235000.0,11022199000.0,11435737000.0,13158297000.0,5965563000.0,1389439000.0,10033347980.0,11012050980.0,10.05863720676017,0.9638380980604923,0.09009739065428667,0.5973327457444373,0.04647437024421241,10.05863720676017,0.07214122670591533,0.4673996653547507,14.876473035567074,4.292828055373122,0.29413857933349546,3.4857380602635493,0.004943016039995854,1.3853228143441607,0.4178716247146992,0.01088126564483233,-33.640730863369654,0.03130132168941533,0.02898550724637684,1.1792399278551184,0.7538214024769305,0.14981971229599111,-0.028632558946409727,0.03129778462818207,0.004338887762308666,0.3761869752509966,0.3710224518688938,0.053091068706463046,Medical Distribution,Healthcare,ABC
2012Q4,2012,Q4,2012-11-27,2012-09-30,163494000.0,19288296000.0,286018000.0,0.69,691730000.0,0.03586268066396327,15444126000.0,2456712000.0,10987151000.0,11214482000.0,12987414000.0,5689147000.0,1270423000.0,9059755390.0,9439917390.0,10.57282418305998,0.9797288006704188,0.09367768690827827,0.588905007994425,0.04259166087230136,10.57282418305998,0.06654992526596525,0.46970221682620383,13.853345367414095,3.687756395540055,0.19987889463833536,3.268779309095019,0.0036070510287805903,1.2489082256904664,0.4463162007839506,0.010586160718968493,17.800665263794905,0.03586268066396327,-0.028169014084507067,1.6498256328398215,0.6703349467547595,0.12494778361110433,0.003743742291228325,-0.09806863756475112,-0.08822901225712874,0.5513801030385426,0.27271136810194246,0.11686338531747521,Medical Distribution,Healthcare,ABC
2012Q3,2012,Q3,2012-08-09,2012-06-30,181271000.0,19769384000.0,313695000.0,0.71,689150000.0,0.034859457431754066,15747592000.0,2929715000.0,11170422000.0,10951363000.0,12817877000.0,5447126000.0,1139608000.0,9920764600.0,10140988600.0,11.620504053689572,1.0200028982693752,0.11912754661157084,0.6403257654754814,0.040275183113105316,11.620504053689572,0.06187325388305689,0.5018246699037259,13.682227990136315,3.386255864478285,0.18012809550341755,3.502807535570134,0.0032912785774596447,1.25539091944978,0.5112692365324755,0.011511029749818259,188.87340745535545,0.034859457431754066,-0.1234567901234569,1.049733215406915,0.7657924577458121,0.15197254305113544,-0.008595576335191512,-0.1453713962424271,-0.1478018261292417,0.8063286229718744,0.2724179954496693,0.24571014820616854,Medical Distribution,Healthcare,ABC
2012Q2,2012,Q2,2012-05-10,2012-03-31,212105000.0,20071271000.0,368101000.0,0.81,695125000.0,0.03463283416381553,15645036000.0,2946475000.0,11603641000.0,10915000000.0,12698561000.0,5354338000.0,990989000.0,10238704920.0,9793745920.0,11.413279258760003,1.0630912505726064,0.12030237578232482,0.6387751465734479,0.0469597695205909,11.413279258760003,0.07198601719003216,0.5101174170783703,12.067967421795807,3.4748996410965645,0.15898257938285285,3.6187752809030735,0.0032934829417859616,1.2829162553540945,0.5676354557947778,0.013557335374619783,52.14225289135826,0.03463283416381553,0.3064516129032259,1.3953545698896823,0.7776089231813339,0.05234374727556184,0.1720337282685852,0.30835327789977546,0.29197231445278227,0.7329923923026246,0.35828815916017365,0.2512798288375842,Medical Distribution,Healthcare,ABC
2012Q1,2012,Q1,2012-02-07,2011-12-31,162116000.0,20360645000.0,284914000.0,0.62,593093000.0,0.029129381706719016,15978266000.0,2904599000.0,11955780000.0,11301377000.0,13073667000.0,5824358000.0,812605000.0,9612164590.0,9170849590.0,11.238055257853215,1.0579047137353261,0.1207277435486429,0.6641260979570673,0.03642748839355101,11.238055257853215,0.05581355636354622,0.4720952892209456,14.822973349330109,3.309291434032718,0.20792518937057416,3.393945221087028,0.003506806368574677,1.2742712507101834,0.5392963176080224,0.010146032116376082,25.06006697691395,0.029129381706719016,0.10714285714285703,0.9752433348147701,0.8123201866125974,0.09771614550694169,-0.040220277790813774,0.10040455051451223,0.1697369555488954,0.7429154110809423,0.40208888809252213,0.2769624846747609,Medical Distribution,Healthcare,ABC
2011Q4,2011,Q4,2011-11-22,2011-09-30,147324000.0,20407670000.0,243571000.0,0.56,617947000.0,0.03028013487085983,14982671000.0,2866858000.0,11217623000.0,10855120000.0,12115813000.0,5466534000.0,4055664000.0,9632841470.0,9171803470.0,11.092033227450177,1.0333946561622533,0.09110204715834713,0.47611426865230155,0.03743318507570446,11.092033227450177,0.051388663128763265,0.4720206407688874,16.346354752110994,3.3600692709579616,0.20841139257690533,3.6201591355692657,0.0031874291812673213,1.3620849046208117,0.5217070838461482,0.009832959690565187,30.138230378384467,0.03028013487085983,-0.15151515151515146,0.7966183190572296,0.9421957254297899,0.03063340253091927,-0.05452116876102579,-0.2011452182258878,-0.23202242408381915,0.5308035940357256,0.4201136928701444,0.2630546362852866,Medical Distribution,Healthcare,ABC
2011Q3,2011,Q3,2011-08-08,2011-06-30,184419000.0,20161022000.0,317159000.0,0.66,653581000.0,0.03241804904533113,14855729000.0,3203080000.0,11121305000.0,10007785000.0,11652649000.0,5157796000.0,3939044000.0,11322568800.0,10684179800.0,11.711786816433387,1.1112653799017465,0.09168610978296655,0.42523571062852006,0.04292353935628454,11.711786816433387,0.05757552106097881,0.5616068867937349,15.348972719730611,3.5349004083569566,0.1716146384049366,3.7821272884774815,0.002795213750434442,1.3571210137180074,0.59029695382145,0.012413998666776971,57.49218700016756,0.03241804904533113,-0.14285714285714285,1.3122404956299638,0.9251764705821826,0.13416856265308713,-0.04910989676082731,-0.13976051982218574,-0.13166360482848688,2.991749276779438,0.3069340267183897,0.37182729910204493,Medical Distribution,Healthcare,ABC
2011Q2,2011,Q2,2011-05-06,2011-03-31,214381000.0,19760257000.0,365249000.0,0.77,687336000.0,0.03478375812622275,14681016000.0,3133030000.0,10956246000.0,9950172000.0,11547986000.0,5195946000.0,3786274000.0,10852059640.0,10282482640.0,11.421119207929454,1.1011112169719277,0.09146907816189288,0.4286135147125945,0.05051259002773964,11.421119207929454,0.06842609231319202,0.5491861588642294,12.655108941557321,3.463758610674012,0.1284442184708533,3.6707311815788692,0.002537398513596816,1.3459733985713251,0.5743293683767476,0.014602599711082666,17.151386612129812,0.03478375812622275,0.3508771929824563,1.5207805681218967,0.9692478892302925,0.06397174902463572,0.18458823367204844,0.33570716510903426,0.3197032872534921,0.8825610267071197,0.3014675657621166,0.24926427918862223,Medical Distribution,Healthcare,ABC
2011Q1,2011,Q1,2011-02-08,2010-12-31,160500000.0,19888609000.0,276766000.0,0.57,580232000.0,0.02917408653365351,14132319000.0,2962006000.0,10428173000.0,9640905000.0,11170313000.0,5440751000.0,3598651000.0,9403642600.0,9405536600.0,10.747286877959398,1.081659138846405,0.09926106253333229,0.4735942466017962,0.039250015257758356,10.747286877959398,0.054186250804353533,0.47281549956560565,14.647418380062303,3.1747547439134154,0.172803738317757,3.548844084208228,0.002949388995281467,1.4073139022689765,0.5136665074492488,0.011356947150711784,-62.98867714731632,0.02917408653365351,0.1399999999999999,1.4578297958257396,1.0511688707153557,0.03623666310009245,-0.021257215341900094,0.13646019202990908,0.1152184775075351,0.7489215320804258,0.36996175226038724,0.2285404127780464,Medical Distribution,Healthcare,ABC
2010Q4,2010,Q4,2010-11-23,2010-09-30,141228000.0,19715373000.0,248172000.0,0.5,592834000.0,0.030069631449529257,14434843000.0,2954297000.0,10748350000.0,9906344000.0,11480546000.0,5210098000.0,3465886000.0,8450049300.0,8135447300.0,10.719315687306109,1.0849966445744263,0.09307894793175098,0.45478839805205773,0.03580078742538967,10.719315687306109,0.047804266124902135,0.42860205079558983,14.958169236978504,2.8602572117833787,0.15801399155974735,3.670283937077575,0.002640931337524859,1.365818318910708,0.5537528274810566,0.009783826536942592,17.00553290400483,0.030069631449529257,-0.12280701754385957,1.882002386654639,1.1406470394379937,0.043042667647346725,0.007587062562673148,-0.13465886461811832,-0.11950158592746599,0.929800573420455,0.4394309882859436,0.14053446983289716,Medical Distribution,Healthcare,ABC
2010Q3,2010,Q3,2010-08-03,2010-06-30,163205000.0,19602120000.0,281854000.0,0.57,588370000.0,0.030015630962365297,14003785000.0,2931191000.0,10338003000.0,9486687000.0,11072594000.0,5096601000.0,3346975000.0,8927941250.0,8977395250.0,10.424050925514322,1.0897379664787086,0.09712874055121526,0.4640332206260186,0.04068550236769333,10.424050925514322,0.05567873263803007,0.45545794281434865,13.675961597377533,3.045840837393401,0.1381820409913912,3.7306726581107683,0.0025260022852412922,1.3997729899452185,0.5479829786731659,0.011654349163458307,52.91164887722022,0.030015630962365297,-0.09523809523809532,1.5421720237923429,1.0921535892117211,0.034162988316485246,-0.03871792023108544,-0.09835476884999558,-0.09437805845893833,0.6546086180455754,0.5697929625466832,0.03336485216806079,Medical Distribution,Healthcare,ABC
2010Q2,2010,Q2,2010-05-07,2010-03-31,181008000.0,19300627000.0,311227000.0,0.63,612068000.0,0.03171233763545609,13822288000.0,2831922000.0,10167030000.0,9426398000.0,10990366000.0,4980895000.0,3206322000.0,8153299920.000001,8312435920.000001,10.04491249476813,1.0785699903611115,0.09832004657984264,0.4798889234943618,0.046084828745163404,10.04491249476813,0.06391701466353947,0.4224370493248743,11.260966255635111,2.8790693811482098,0.12488398302837443,3.752048376847936,0.002772497052947857,1.3963409675735305,0.5461630200634431,0.013095371764790316,23.796987090616692,0.03171233763545609,0.2115384615384615,1.8322329312869727,1.2760847422250485,0.05850675913087951,0.0864405275396276,0.19629627181822387,0.18615987377182885,0.8718621351422087,0.5652724881196974,-0.07382439208379958,Medical Distribution,Healthcare,ABC
2010Q1,2010,Q1,2010-02-05,2009-12-31,151307000.0,19335859000.0,262382000.0,0.52,563370000.0,0.02913602131666351,13556271000.0,2740861000.0,9916131000.0,9243448000.0,10815410000.0,5361851000.0,3047918000.0,7480916850.0,7877198850.0,9.551535955114913,1.0727740341050223,0.10149170077818598,0.501976933525633,0.039388002882255996,9.551535955114913,0.05520418583795384,0.38689343204250715,12.36049364867455,2.729403953721112,0.15299358258375356,3.5011209748275363,0.0030944068038932957,1.4263405474853668,0.48904759349541427,0.01116140271908108,-88.78056620343449,0.02913602131666351,0.15555555555555556,2.4545583126874675,1.086072002261528,-0.04257530869837859,0.04611973639498415,0.1625853842193827,0.16815664345627127,0.6604850499160845,0.5502012774045068,-0.06702049493903156,Medical Distribution,Healthcare,ABC
2009Q4,2009,Q4,2009-11-25,2009-09-30,130147000.0,18716063000.0,224612000.0,0.45,538533000.0,0.028773839882885625,13572740000.0,2716469000.0,9953753000.0,9479610000.0,10856271000.0,4972820000.0,2919760000.0,6422052900.0,6590685900.0,9.466533080099667,1.050017142055422,0.08679168686646911,0.43365155280623485,0.03584405948168732,9.466533080099667,0.047910357158502455,0.3431305451365493,12.336152389221418,2.364117867717246,0.12886966276594927,3.6553766273462545,0.0026116259490793045,1.3789450766757485,0.5196286556092498,0.009588852361424443,20.73717063625326,0.028773839882885625,0.12499999999999997,1.0818429043008804,1.0569636731097303,-0.07878650858112689,0.037190186105006906,0.09544892135985253,0.05458079601102415,0.42954459319857313,0.6043358686215098,-0.12040245476640699,Medical Distribution,Healthcare,ABC
2009Q3,2009,Q3,2009-08-06,2009-06-30,118807000.0,18393899000.0,212987000.0,0.4,519223000.0,0.02822800103447344,12735751000.0,2784318000.0,9138380000.0,8586974000.0,9951433000.0,4424228000.0,2806404000.0,5294981980.0,5572992980.0,9.32841726498189,1.0642142389158276,0.09351117181860732,0.42772951940116033,0.033835435039622185,9.32841726498189,0.042670054210761844,0.28786620933386664,11.141982332690834,1.9017159606050746,0.12731573055459694,4.040179665243292,0.002856666945635196,1.4442728190901346,0.5426320144907857,0.009328621453104728,14.530406880219095,0.02822800103447344,-0.14893617021276587,0.41724259814460835,1.1112601037629102,-0.049152592281204374,-0.060180534362889636,-0.17142418768786571,-0.14210161681422345,0.3649072042638392,0.6094057746327007,-0.0966367671235754,Medical Distribution,Healthcare,ABC
2009Q2,2009,Q2,2009-05-08,2009-03-31,143387000.0,17311651000.0,248266000.0,0.47,552471000.0,0.0319132473269014,12549716000.0,2758696000.0,9005379000.0,8478106000.0,9791020000.0,4578950000.0,2702724000.0,4938943179.999999,5443660179.999999,9.121284460697115,1.0621923104051778,0.09243603600272707,0.4205051952081708,0.03912504261335623,9.121284460697115,0.05197636854513872,0.28529590736319715,8.611211581245161,1.7903180270678611,0.10619512229142111,3.660048701121436,0.0030830482240939653,1.3794456384511011,0.5177547909875154,0.011425517517687252,15.904319172025591,0.0319132473269014,0.3055555555555555,0.49208405723722654,0.9162509529105503,-0.0427407250833375,0.1278416978327971,0.2911233972050137,0.25460370722241316,0.5292080379354992,0.5647837665278852,-0.15027688580106052,Medical Distribution,Healthcare,ABC
2009Q1,2009,Q1,2009-02-05,2008-12-31,111056000.0,17338377000.0,197884000.0,0.36,489848000.0,0.028252240679736057,12561146000.0,2715817000.0,9007069000.0,8506797000.0,9845329000.0,4963704000.0,2574563000.0,5502231019.999999,6217963019.999999,8.800615047603,1.058808503365015,0.09446980394941672,0.4369399705502985,0.03113435642031784,8.800615047603,0.04089229870790263,0.3173440639801522,12.386163332012677,2.025994763270132,0.14020854343754502,3.3943460367499756,0.0028299429710241433,1.3803180856269006,0.4712256563780704,0.008841231524575863,-15.869836520434943,0.028252240679736057,-0.027027027027027053,0.4824397429310139,0.8798428828473789,-0.04572642401915385,-0.07129545191704284,-0.03351405919569739,-0.023720719120636235,0.5188623245178625,0.5970005413082192,-0.15145840306366432,Medical Distribution,Healthcare,ABC
2008Q4,2008,Q4,2008-11-25,2008-09-30,114907000.0,17157846000.0,202692000.0,0.37,527453000.0,0.030741213087004046,12217786000.0,2710045000.0,8669761000.0,8167589000.0,9507741000.0,4211775000.0,2479078000.0,5809282050.0,6120299050.0,8.781910860224114,1.0614835051078109,0.09732786283865179,0.4387864408155584,0.03185559140684483,8.781910860224114,0.04240040294533855,0.3385787499200074,12.639095203077272,2.143610917899887,0.103788280957644,3.948547346427575,0.0020529214965556717,1.4043334856249734,0.5336190398415004,0.009404895453235144,12.699938459991342,0.030741213087004046,2.0882352941176467,0.39197118249470875,0.965579875561146,-0.02028380746415267,0.05904687327450331,2.063756711720052,0.026158714086824453,1.094207101027984,0.663805081932319,-0.14547644664140322,Medical Distribution,Healthcare,ABC
2008Q3,2008,Q3,2008-08-06,2008-06-30,-108020000.0,17996666000.0,197525000.0,-0.34,498045000.0,0.027674292560633175,11988340000.0,2723965000.0,8447791000.0,7871502000.0,9264375000.0,4116250000.0,2376097000.0,6379684680.0,7029669680.0,8.537362410049395,1.073212075662307,0.10285585827562448,0.45267505272644837,0.031135051353836606,8.537362410049395,-0.03965542875918009,0.3544925865713127,-14.765054341788558,2.3420582423048755,-0.11191446028513238,4.251107440024294,0.0018949212392735371,1.5011808140242937,0.5399438379104776,-0.009010421793175702,60.66876526303777,0.027674292560633175,-1.829268292682927,-2.327571086358418,1.0041520853770958,-0.030717106565098688,-0.10864908107875931,-1.8070107282670411,-0.1655824131259452,-2.4828780505186643,0.6928261748094654,-0.15301409352219858,Medical Distribution,Healthcare,ABC
2008Q2,2008,Q2,2008-05-07,2008-03-31,133852000.0,17846246000.0,236722000.0,0.41,558753000.0,0.03130927367021613,12572976000.0,2947799000.0,8808756000.0,8234965000.0,9625177000.0,4528110000.0,2496207000.0,6606713639.999999,7240737639.999999,9.142276296691437,1.069677406036334,0.09746173061970372,0.41569455719335,0.03467174815152083,9.142276296691437,0.04540743788840419,0.3702018699058614,12.339587081253923,2.241236135842369,0.09085407763798822,3.8178164841401823,0.0018407033606499706,1.4194130331593728,0.5148114169276979,0.010646007755045424,40.0069858725074,0.03130927367021613,0.2424242424242423,0.5610049023055143,0.9920818197773051,0.08399230690015895,0.10107791747132779,0.21883081405936988,0.214021231858044,0.8312501271054842,0.8401595913964908,-0.03661069631714177,Medical Distribution,Healthcare,ABC
2008Q1,2008,Q1,2008-02-08,2007-12-31,109820000.0,17372915000.0,194990000.0,0.33,507460000.0,0.02920983611558567,12611757000.0,2885182000.0,8838836000.0,8311511000.0,9726575000.0,4822362000.0,2374515000.0,7399287350.0,8126919350.0,8.748012492040871,1.0634451425258296,0.0992542910555603,0.4338620579221692,0.029107881986119296,8.748012492040871,0.0380634566554207,0.4259093738730662,16.844125273174285,2.564582528935783,0.11380440721180113,3.4973432106507145,0.0016890815843231173,1.3775174228301417,0.47953988149687826,0.008707747857812358,-57.82455083970898,0.02920983611558567,0.2692307692307693,0.533718969433153,0.8095474424486391,0.09262420851437844,-0.039683591014893174,0.25399652872933226,0.07717379295105513,1.1815487567010192,0.6307541618983483,-0.12311871105821597,Medical Distribution,Healthcare,ABC
2007Q4,2007,Q4,2007-11-28,2007-09-30,87576000.0,16390450000.0,181020000.0,0.26,528430000.0,0.03224011543307231,12310064000.0,3099720000.0,8714300000.0,7857036000.0,9210344000.0,4101502000.0,2286489000.0,7407532600.0,7995102600.0,9.39850216791486,1.1091078111389587,0.09973741809953222,0.3960919050752971,0.026961083830946836,9.39850216791486,0.028252874453176417,0.4519419906103859,21.146012035260803,2.389742492870324,0.09973051977710788,3.8673685883854256,0.001179070072536704,1.3314674887149247,0.5829146003658378,0.007114179097687875,79.45779718104392,0.03224011543307231,-0.24637681159420283,0.1944587533702167,0.829890926484228,0.21057147553913724,-0.1151881290573203,-0.3258613788219355,-0.1362354524242381,0.21884610796939616,0.5673030463894423,-0.08540677743857411,Medical Distribution,Healthcare,ABC
2007Q3,2007,Q3,2007-08-08,2007-06-30,129908000.0,16445928000.0,209571000.0,0.345,597223000.0,0.036314338722630915,12891220000.0,3735839000.0,9150181000.0,7840894000.0,9155381000.0,4129002000.0,2404288000.0,9160458840.0,9887005840.0,10.087483528827253,1.1669818518143467,0.09413818087039086,0.3248416219221439,0.0275404901349825,10.087483528827253,0.03477344714266327,0.557004678604941,17.62874272562121,2.4520486134439947,0.07175847522862333,3.8383863703626204,0.0010176346144687223,1.2757464382734915,0.6364369930265605,0.010077246373888585,26.68999157967117,0.036314338722630915,0.014705882352941025,0.638709471751913,0.6106808427962621,0.3328336446011928,-0.015203407410094601,0.0031815654537591894,-0.051251290223276534,0.2489458879239643,0.5213596237308055,0.028219181382219464,Medical Distribution,Healthcare,ABC
2007Q2,2007,Q2,2007-05-08,2007-03-31,129496000.0,16512541000.0,220892000.0,0.34,606443000.0,0.036726207068918104,13586772000.0,4094684000.0,9874810000.0,8190943000.0,9492088000.0,4602195000.0,2283702000.0,9957723000.0,10379312000.0,10.845580912423452,1.2055766961142325,0.08831906504355855,0.2930558255533272,0.02564983834316093,10.845580912423452,0.03162539526859704,0.6030400166758102,19.22399726632483,2.4318660487598067,0.07362389571878668,3.4561981836927815,0.0009574478020728232,1.2153395228829924,0.6400423003798219,0.009531035039080659,25.294337446719876,0.036726207068918104,0.07936507936507943,0.5590975360527829,0.6689248673886641,0.48514591747672814,0.019843839076555177,0.05981814759344284,0.057613030800683716,0.07949376362566424,0.46422587408011456,0.13822049570011963,Medical Distribution,Healthcare,ABC
2007Q1,2007,Q1,2007-02-07,2006-12-31,122187000.0,16725393000.0,208859000.0,0.315,594643000.0,0.035553305085267654,13042918000.0,3939271000.0,9331881000.0,7787322000.0,9103647000.0,4628473000.0,2163741000.0,,,,,,,,,,,,,,,,,,,,,,,,,,,,,,,Medical Distribution,Healthcare,ABC
