Quarters,Year,Quarter,FillingDate,Date,NetIncome,Revenue,OperatingIncome,EPSDiluted,GrossProfit,GrossProfitRatio,TotalAssets,CommonStockEquity,CurrentAssets,CurrentLiability,TotalLiability,Inventory,RetainedEarnings,MarketCap,EnterpriseValue,bookValuePerShare,currentRatio,debtToAssets,debtToEquity,roic,shareholdersEquityPerShare,roe,priceToSalesRatio,peRatio,pbRatio,payoutRatio,inventoryTurnover,dividendYield,assetTurnover,quickRatio,returnOnAssets,priceToFreeCashFlowsRatio,grossProfitMargin,epsdilutedGrowth,fiveYNetIncomeGrowthPerShare,fiveYRevenueGrowthPerShare,fiveYShareholdersEquityGrowthPerShare,grossProfitGrowth,netIncomeGrowth,operatingIncomeGrowth,threeYNetIncomeGrowthPerShare,threeYRevenueGrowthPerShare,threeYShareholdersEquityGrowthPerShare,Industry,Sector,Symbol
2023Q1,2023,Q1,2023-05-11,2023-04-02,-407000.0,203097000.0,17916000.0,-0.02,74066000.0,0.3646828855,1015729000.0,161238000.0,440728000.0,192019000.0,854491000.0,156967000.0,-179100000.0,643628800.0,1129208800.0,7.916241162608013,2.29523120107906,0.5293341038800704,3.3345737357198675,-0.003119222498741099,7.916241162608013,-0.00252421885659708,3.169070936547561,-395.34938574938576,3.99179349781069,0.0,0.8220262857798136,0.0,0.19995195568896823,0.8521917101953452,-0.0004006974301216171,-33.92698329028517,0.3646828855177575,-1.0740740740740742,0.9773080710263979,-0.28335479239472483,-0.735196534908842,-0.029978390413201494,-1.0748299319727892,0.679257662386353,0.9949543034252741,0.03416206969455512,-0.45740766533173777,Specialty Industrial Machinery,Industrials,CIR
2022Q4,2022,Q4,2023-03-15,2022-12-31,5439000.0,214527000.0,10669000.0,0.27,76355000.0,0.3559225645,1012687000.0,159046000.0,431581000.0,194105000.0,853641000.0,139786000.0,-178693000.0,487969360.0,958708360.0,7.8093881960129625,2.2234409211509236,0.5334915921701374,3.396878890383914,0.010951332454237234,7.8093881960129625,0.034197653509047694,2.2746291142839827,22.429185512042658,3.0681020585239493,0.0,0.9884537793484326,0.0,0.21183939361322895,0.8965714432910022,0.005370859900443079,24.627503785202382,0.35592256452567744,-0.8246753246753247,1.8262643445415678,-0.11700476711510777,-0.77643687803478,0.1354578711001398,-0.8271687321258341,-0.44576623376623375,0.688317998339059,-0.1352178104121573,-0.602558403150197,Specialty Industrial Machinery,Industrials,CIR
2022Q3,2022,Q3,2022-11-14,2022-10-02,31470000.0,195362000.0,19250000.0,1.54,67246000.0,0.3442122828,979977000.0,122082000.0,405358000.0,176923000.0,857895000.0,137411000.0,-184132000.0,356573640.00000006,848351640.0,5.994991160872127,2.2911549091977865,0.5499200491440105,4.414319883357088,0.026190674200802844,5.994991160872127,0.25777755934535806,1.8251944595161804,2.832647283126788,2.920771612522731,0.0,0.9323562160234624,0.0,0.1993536583001438,0.8056499154999632,0.03211299857037461,-25.51876046661419,0.34421228283903726,7.105263157894737,6.05095666391715,-0.008588335453802212,-0.7810608027974535,0.15533029808435703,6.946969696969697,1.4723863344464423,2.1122625185705655,-0.19464667341047343,-0.6821946250243606,Specialty Industrial Machinery,Industrials,CIR
2022Q2,2022,Q2,2022-09-30,2022-07-03,3960000.0,191376000.0,7786000.0,0.19,58205000.0,0.304139495,989420000.0,103663000.0,402537000.0,189864000.0,885757000.0,134247000.0,-215602000.0,328626540.0,794387540.0,5.091252885418202,2.1201333586145874,0.5265701117826606,5.025891591020904,0.014898517728106646,5.091252885418202,0.03820070806362926,1.7171773890142965,20.746624999999998,3.1701430597223696,0.0,0.9919849233129977,0.0,0.19342240908815264,0.7835503307630726,0.004002344808069374,-36.03756332931243,0.30413949502549953,1.1792452830188678,-0.6423085053907407,0.02530368824844847,-0.808283556265521,0.05285530814174339,1.184348959545645,6.194129419613075,1.2090446702675457,-0.30602918755228986,-0.795217852658553,Specialty Industrial Machinery,Industrials,CIR
2022Q1,2022,Q1,2022-08-11,2022-04-03,-21481000.0,185655000.0,-1499000.0,-1.06,55283000.0,0.2977727505,1011638000.0,110321000.0,404462000.0,191936000.0,901317000.0,134540000.0,-219562000.0,533949900.0,1007938900.0,5.431856228458887,2.1072753417805936,0.5289550214602456,4.8504908403658415,-0.0024997041780401123,5.431856228458887,-0.19471360846982896,2.876032964369395,-6.2142113961174985,4.839966098929487,0.0,0.969020365690501,0.0,0.18351920350955578,0.816730576858953,-0.02123388010335713,-27.338584813885618,0.29777275053190055,0.24285714285714277,-4.646953242961625,0.036056025413593026,-0.7848627443332932,-0.14381514348991,0.24466401772214214,-1.15721027792344,-3.6102675420683705,-0.3172810972994456,-0.7874830987554129,Specialty Industrial Machinery,Industrials,CIR
2021Q4,2021,Q4,2022-07-26,2021-12-31,-28439000.0,204917000.0,9535000.0,-1.4,64569000.0,0.3150983081,1019298000.0,133716000.0,394165000.0,193542000.0,885582000.0,123343000.0,-198081000.0,550693980.0,1004074980.0,6.599674251024135,2.036586374017009,0.5035867822756446,3.838770229441503,0.01574398530266034,6.599674251024135,-0.212682102366209,2.687400166896841,-4.8410104082422025,4.118385084806605,0.0,1.1378675725416116,0.0,0.20103738062862872,0.8270711266805137,-0.027900574709260686,342.045950310559,0.3150983080954728,-19.802377414561665,-10.525632479163892,0.0507205156209532,-0.7317275907801841,0.06277672619537486,-19.865003668378577,0.42825044937088075,-0.3263806769383784,-0.33389309856383975,-0.7523779434995794,Specialty Industrial Machinery,Industrials,CIR
2021Q3,2021,Q3,2021-11-12,2021-10-03,-1363000.0,190782000.0,6676000.0,-0.0673,60755000.0,0.3184524746,1090275000.0,184544000.0,416216000.0,179694000.0,905731000.0,132242000.0,-107996000.0,687725150.0,1122849150.0,9.110134768228267,2.316248733958841,0.4651055926257137,2.7478162389457257,0.009042134695063085,9.110134768228267,-0.007385772498699497,3.6047695799394073,-126.1418103448276,3.7266188551239816,0.0,0.9832504045613345,0.0,0.17498521015340165,0.9192905717497524,-0.0012501433124670381,100.42715391355141,0.31845247455210657,0.9078082191780822,-1.2501803946941379,0.14742505472043108,-0.6407755586016117,0.014510904051030291,0.907184201566224,1.1989459815546772,0.804832063805274,-0.3718516915790034,-0.6851592919078924,Specialty Industrial Machinery,Industrials,CIR
2021Q2,2021,Q2,2021-08-10,2021-07-04,-14685000.0,190346000.0,3036000.0,-0.73,59886000.0,0.3146165404,1102001000.0,183040000.0,414467000.0,170239000.0,918961000.0,136012000.0,-109143000.0,648776100.0,1088970100.0,9.047948591201186,2.4346183894407276,0.4649496688297016,2.7992515297202796,0.005468344340618946,9.047948591201186,-0.08022836538461539,3.4084041692496823,-11.044877425944842,3.5444498470279724,0.0,0.9591800723465577,0.0,0.172727610954981,0.9913827031408784,-0.013325759232523382,77.79089928057554,0.3146165404053671,-1.1470588235294115,-4.126728693976781,0.05562450746412432,-0.6387568578376771,0.06784829086499884,-1.1344476744186047,1.8111111111111111,-3.4396805426179085,-0.3806946443840408,-0.6873212374822878,Specialty Industrial Machinery,Industrials,CIR
2021Q1,2021,Q1,2021-05-12,2021-04-04,-6880000.0,180655000.0,1080000.0,-0.34,56081000.0,0.3104314854,1123202000.0,196106000.0,420210000.0,165523000.0,927096000.0,135291000.0,-93580000.0,720339680.0,1170232680.0,9.77889697815897,2.5386804250768775,0.4679238462894475,2.6800454856047238,0.0015888873954579069,9.77889697815897,-0.035083067320734705,3.9873774874761287,-26.175133720930233,3.673215913842514,0.0,0.9207855659282583,0.0,0.16083927913233773,1.0952375198612883,-0.006125345218402389,-34.14417594918709,0.3104314854280258,0.48484848484848486,-2.451417948398827,-0.02142570376367317,-0.6131721719284579,-0.16808580074764137,0.4763680645406804,-0.8911509776254787,0.6104054972679207,-0.3525621959398933,-0.6728894747652128,Specialty Industrial Machinery,Industrials,CIR
2020Q4,2020,Q4,2021-03-15,2020-12-31,-13139000.0,208351000.0,9922000.0,-0.66,67412000.0,0.3235501629,1130528000.0,206041000.0,406565000.0,165192000.0,924487000.0,129084000.0,-86461000.0,768876880.0,1200312880.0,10.3010198980102,2.4611664003099425,0.4492484927396756,2.464985124319917,-0.08453815409489573,10.3010198980102,-0.06376886153726685,3.6902960868918315,-14.629668924575691,3.731669327949291,0.0,1.091839422391621,0.0,0.184295302725806,1.0846893312024795,-0.011622003170200118,37.75111111111111,0.32355016294618216,0.7755102040816326,-2.5077312489544785,0.0416888874786079,-0.5778344270633856,0.20357079093019104,0.7767943599762168,1.2447963800904978,-1.0323316591141602,-0.12681894366077334,-0.7051077357121573,Specialty Industrial Machinery,Industrials,CIR
2020Q3,2020,Q3,2020-11-05,2020-09-27,-58865000.0,186640000.0,4420000.0,-2.94,56010000.0,0.3000964423,1145207000.0,220814000.0,418489000.0,177712000.0,924393000.0,144476000.0,-72528000.0,552827640.0,1007776640.0,11.04014799260037,2.354871927613217,0.4608083953381354,2.3898892280380775,0.0764438147900802,11.04014799260037,-0.2665818290506943,2.9619997856836693,-2.3478622271298732,2.503589627469273,0.0,0.9041640134001495,0.0,0.16297490322710217,0.9881831277572702,-0.05140118773287275,3613.252549019608,0.300096442348907,-7.125,-5.006072096741784,-0.0340809976040399,-0.5539063538613088,-0.050050033072709076,-0.7266514138214244,1.126022126022126,-14.428262717359017,-0.0356603227117297,-0.596809891184961,Specialty Industrial Machinery,Industrials,CIR
2020Q2,2020,Q2,2020-08-07,2020-06-28,-34092000.0,186066000.0,2079000.0,0.48,58961000.0,0.3168821816,1260367000.0,273351000.0,485904000.0,198190000.0,987016000.0,148383000.0,-13982000.0,488282410.0,941474410.0,13.676439685795767,2.451707957010949,0.45908294964879276,2.1167400155843588,-0.001981403343680393,13.676439685795767,-0.1247187681771788,2.6242430642890158,-3.580623093394345,1.7862836060596083,0.0,0.8566008235444761,0.0,0.14762842886238692,1.2238357132045008,-0.027049264222246377,-17.176108414239483,0.3168821815914783,1.1085972850678734,-7.551852586856645,-0.06140126811520513,-0.4575865137742194,-0.018020418699931717,0.5681714546283629,-0.34312796208530805,-4.137020802652159,0.015508491890413367,-0.48499938256465397,Specialty Industrial Machinery,Industrials,CIR
2020Q1,2020,Q1,2020-06-01,2020-03-29,-78948000.0,192213000.0,3165000.0,-4.42,60043000.0,0.3123774146,1309077000.0,290845000.0,548007000.0,232433000.0,1018232000.0,147175000.0,20110000.0,231644699.99999997,649741700.0,14.589666415851518,2.357698777712287,0.4499032524442794,2.02498925544534,0.003975200440098796,14.589666415851518,-0.2714435524076398,1.20514585381842,-0.7335356817145463,0.7964541250494249,0.0,0.8980465432308476,0.0,0.14683093507868522,1.2363777948914312,-0.060308140773995725,-8.466855513724916,0.31237741463896823,-28.625,-8.261867139632376,0.026750058998872752,-0.44357370123542816,-0.23025742269627197,-26.05490320533164,-0.8137797128736173,-14.655591483130987,0.09283106366419738,-0.42215319003582286,Specialty Industrial Machinery,Industrials,CIR
2019Q4,2019,Q4,2020-03-31,2019-12-31,3151000.0,242638000.0,16996000.0,0.16,78004000.0,0.3214830323,1470945000.0,391411000.0,575119000.0,236375000.0,1079534000.0,137309000.0,99280000.0,921100800.0,1472866800.0,19.64914658634538,2.433078794288736,0.4325770168157205,1.6256492535978806,0.01207939679497705,19.64914658634538,0.008050361384835888,3.796193506375753,73.08003808314821,2.35328286634765,0.0,1.1990037069674966,0.0,0.1649538222027336,0.8882199894235854,0.002142160311908331,73.75887251761691,0.32148303233623754,1.1151079136690647,-0.6924464652712433,-0.007974632265645125,-0.2921275767174444,0.04739909230066869,1.1139643386740932,0.11859944715019087,2.2988840727545545,0.26543424449840614,-0.20127513975190592,Specialty Industrial Machinery,Industrials,CIR
2019Q3,2019,Q3,2019-11-13,2019-09-29,-27649000.0,237052000.0,15194000.0,-1.39,74474000.0,0.3141673557,1468131000.0,375388000.0,481875000.0,244213000.0,1092743000.0,151744000.0,97728000.0,747245000.0,1318904000.0,18.863718592964823,1.9731750562009394,0.4365305275891593,1.7072575575138258,0.02053616714894036,18.863718592964823,-0.07365445885323985,3.152240858545804,-6.75652826503671,1.9905937323515936,0.0,1.071396562631801,0.0,0.16146515535738978,0.8613054997072228,-0.018832788082262415,104.49517549993008,0.31416735568567233,-0.49462365591397833,-2.6734304401051254,0.033016918088958104,-0.34371406275029626,-0.05162489812550937,-0.49292656587473,0.6809381568757606,-6.166053479256854,0.45128466716336635,-0.2561790855293757,Specialty Industrial Machinery,Industrials,CIR
2019Q2,2019,Q2,2019-08-01,2019-06-30,-18520000.0,269607000.0,9039000.0,-0.93,78528000.0,0.2912684018,1712697000.0,494899000.0,573190000.0,256407000.0,1217798000.0,226953000.0,210065000.0,915676000.0,1568247000.0,24.86180046217221,2.235469390461259,0.42544186157855124,1.4723266767562675,0.015531461608364926,24.86180046217221,-0.037421776968634,3.396336148542137,-12.360637149028078,1.8502280263245632,0.0,0.8419320299797756,0.0,0.15741663586729002,0.9465615213313209,-0.01081335460971789,107.54944796805262,0.2912684017848201,-3.0434782608695654,-2.378084409099086,0.15090570072367013,-0.134378007883381,0.0630711123746091,-2.9974098856032807,0.5560337407471165,-5.007459238857985,0.519528172376836,-0.007382189648862562,Specialty Industrial Machinery,Industrials,CIR
2019Q1,2019,Q1,2019-05-14,2019-03-31,-4633000.0,270395000.0,5809000.0,-0.23,73869000.0,0.2731892232,1719334000.0,516177000.0,574637000.0,249119000.0,1203157000.0,217991000.0,228582000.0,684206600.0,1344253600.0,25.559643476107947,2.306676728792264,0.4267152281057665,1.4213457786766943,-0.048280677506009555,25.559643476107947,-0.008975603329865531,2.53039664194974,-36.920278437297654,1.3255270963254853,0.0,0.901532632081141,0.0,0.1572672907067504,1.052183896049679,-0.0026946480439519025,-26.21983521747461,0.2731892231735054,0.7830188679245284,-1.2762616836852174,0.11710907202313739,-0.08574907876958834,-0.19722442592129716,0.7794229670538945,-0.07735069885641677,-1.9705624934778472,0.45445278571987285,0.011073272806603857,Specialty Industrial Machinery,Industrials,CIR
2018Q4,2018,Q4,2019-03-01,2018-12-31,-21004000.0,301363000.0,6296000.0,-1.06,92017000.0,0.3053360897,1791612000.0,528993000.0,648046000.0,284062000.0,1262619000.0,217378000.0,232102000.0,422762400.0,1140282400.0,26.65220677146312,2.2813540705902233,0.4387317120001429,1.485911911877851,0.014951136462632898,26.65220677146312,-0.039705629375057894,1.402834455457372,-5.031927251952009,0.7991833540330401,0.0,0.963050538692968,0.0,0.16820773694304347,0.8873731790947047,-0.011723520494392759,17.63493930672006,0.3053360896991336,-2.117647058823529,-3.1224809972219463,0.255629899154522,-0.010784399962890155,0.0815604504102118,-2.070311357988598,-0.4984066284257489,-3.4289596742960304,0.518409961186128,0.09228447795477716,Specialty Industrial Machinery,Industrials,CIR
2018Q3,2018,Q3,2018-11-06,2018-09-30,-6841000.0,297514000.0,12552000.0,-0.34,85078000.0,0.2859630135,1812850000.0,574171000.0,574675000.0,250258000.0,1238679000.0,226047000.0,253107000.0,938772330.0,1669507330.0,28.93569520737792,2.2963301872467614,0.44243539178641367,1.396916598016967,0.014496597539505838,28.93569520737792,-0.011914569004704173,3.1553887548148993,-34.306838546996055,1.6350047808057182,0.0,0.9397868584851823,0.0,0.16411396420001656,1.0526896243077144,-0.00377361612929917,49.61274336750872,0.28596301350524683,-2.1333333333333333,-1.3420714402643141,0.22764727368097576,0.10824208081793275,-0.03595426680717499,-2.159098610640461,-0.10413246734708444,0.2964461228616913,0.551985890354454,0.1691899227500067,Specialty Industrial Machinery,Industrials,CIR
2018Q2,2018,Q2,2018-08-07,2018-07-01,5902000.0,301368000.0,14011000.0,0.3,88251000.0,0.2928346739,1835880000.0,573992000.0,583718000.0,252608000.0,1261888000.0,244153000.0,259947000.0,731948400.0,1482697400.0,28.936882435974994,2.310766088168229,0.44653190840359935,1.428206316464341,-0.03401969640952758,28.936882435974994,0.0102823732734951,2.4287528868360275,31.004252795662488,1.2751892012432229,0.0,0.8728829873071394,0.0,0.16415451990326166,1.0642378705345832,0.003214807068000087,-122.60442211055276,0.29283467388707496,1.3409090909090908,-0.5874418176632854,0.19325685840937062,0.17615449226751942,0.15657108408471376,1.33839802763603,14.114347357065803,0.14288979722747294,0.5318053801057472,0.147649215965485,Specialty Industrial Machinery,Industrials,CIR
2018Q1,2018,Q1,2018-05-10,2018-04-01,-17441000.0,275580000.0,927000.0,-0.88,76304000.0,0.276885115,1928107000.0,592096000.0,647386000.0,317059000.0,1336011000.0,253712000.0,254046000.0,816601379.9999999,1509091380.0,29.89477935978996,2.0418471010127455,0.4231067051776691,1.377808666162244,0.0004924402435728188,29.89477935978996,-0.029456371939685456,2.9632098846070103,-11.705197236396994,1.379170573690753,-0.45324235995642453,0.7854417607365832,0.009680365712827965,0.14292775245357234,1.013962700948404,-0.009045659810373594,-97.45809523809523,0.2768851150301183,-1.7500000000000002,-2.949929433103532,0.18622113778031282,0.24991340261373532,0.28857065657930286,-2.131238779174147,-0.8809095580678314,-2.6147229349775882,0.4816619923008396,0.14013857187841644,Specialty Industrial Machinery,Industrials,CIR
2017Q4,2017,Q4,2018-03-01,2017-12-31,-5570000.0,205579000.0,7784000.0,-0.32,59216000.0,0.2880449851,1906799000.0,601974000.0,638393000.0,322517000.0,1304825000.0,244896000.0,274243000.0,838902440.0,1523754440.0,34.93146869378518,1.9794088373636118,0.41703818808379906,1.3210005747756548,0.0027734080170812025,34.93146869378518,-0.009252891320887613,4.080681587127089,-37.652712746858164,1.3935858359331135,-0.11256732495511669,0.5976536978962499,0.0007474051452276144,0.10781367097423483,1.036466294799964,-0.002921125928847246,974.3350058072009,0.28804498513953275,-2.4545454545454546,-1.6146670665957557,0.03615650104971878,0.4624969176034072,0.2518444918926918,-2.5399502350013825,0.13403263403263405,-1.6284286276729618,-0.02843657849301804,0.25842734616636165,Specialty Industrial Machinery,Industrials,CIR
2017Q3,2017,Q3,2017-10-27,2017-10-01,3617000.0,159693000.0,6864000.0,0.22,47303000.0,0.296212107,879031000.0,451885000.0,429143000.0,134229000.0,427146000.0,180285000.0,280441000.0,898588350.0,1091987350.0,27.381991153123675,3.1970960075691544,0.3060483646196778,0.595341735175985,0.009576888878621594,27.381991153123675,0.00800424886862808,5.626973943754579,62.10867777163396,1.9885332551423482,0.17362455073265137,0.6234018359819176,0.0006988739615865261,0.1816693609212872,1.53323052395533,0.004114758182589692,-46.98992574386864,0.2962121069802684,-0.5925925925925927,1.0443179308125212,-0.1959531660215821,0.16905919811031794,-0.007657128471930855,-0.5967670011148272,-0.1901840490797546,-0.7360224938710747,-0.16084948245287062,-0.04735560811467527,Specialty Industrial Machinery,Industrials,CIR
2017Q2,2017,Q2,2017-07-28,2017-07-02,8970000.0,151231000.0,8476000.0,0.54,47668000.0,0.3151999259,849245000.0,438097000.0,398468000.0,130860000.0,411148000.0,161750000.0,277451000.0,1002522690.0,1178106690.0,26.55616172637449,3.0449946507718173,0.29774211211134594,0.5771689831247417,0.013344169622927716,26.55616172637449,0.020474917655222472,6.62908193425951,27.940989130434783,2.288357806604474,0.06989966555183946,0.6402658423493045,0.0006254222535352292,0.17807699780393174,1.5163762799938867,0.010562323004551101,6112.943231707317,0.31519992594110996,0.8620689655172417,-0.14933952202385808,-0.2735868714535798,0.1625915603869171,0.02219458323504814,0.8793211816467631,0.15257002991569213,-0.1946098656450793,-0.22101619906748138,-0.07538483982559718,Specialty Industrial Machinery,Industrials,CIR
2017Q1,2017,Q1,2017-04-28,2017-04-02,4773000.0,145208000.0,7354000.0,0.29,46633000.0,0.3211462178,814953000.0,415537000.0,367458000.0,122534000.0,399416000.0,147915000.0,269109000.0,935143560.0,1112487560.0,25.248329080082634,2.9988248159694453,0.2981767046688582,0.5847854703672597,0.009762077166490283,25.248329080082634,0.0114863417698063,6.440027822158559,48.98091137649277,2.250445953067958,0.13073538654934003,0.6664300442821891,0.0006672772253278416,0.1781796005413809,1.5179460394665971,0.005856779470717943,70.87642564802182,0.3211462178392375,3.4166666666666665,-0.41507986337223923,-0.2870577638379344,0.09562680886985249,-0.05018636576572907,3.384115884115884,0.28409289331237997,-0.6507659439097125,-0.26387042675224737,-0.09688458125124393,Specialty Industrial Machinery,Industrials,CIR
2016Q4,2016,Q4,2017-02-21,2016-12-31,-2002000.0,158236000.0,5727000.0,-0.12,49097000.0,0.3102770545,820756000.0,404410000.0,370466000.0,117723000.0,416346000.0,149584000.0,265543000.0,1066562319.9999999,1259483320.0,24.60064480807835,3.146929656906467,0.3060592916774291,0.6211518013896787,0.004666014722909443,24.60064480807835,-0.004950421601839717,6.740326600773527,-133.18710289710287,2.637329245073069,-0.3116883116883117,0.7296168039362498,0.0005850572332238401,0.19279298597878053,1.625213424734334,-0.0024392145777795107,64.51111836932195,0.3102770545261508,-1.4444444444444444,-1.2060315026253272,-0.22856503098877579,0.11447002528232887,0.15920574207867025,-1.453146220009054,-0.07464857004362578,-1.2442571188152542,-0.20399028186659873,-0.08692958058620436,Specialty Industrial Machinery,Industrials,CIR
2016Q3,2016,Q3,2016-10-28,2016-10-02,4418000.0,134833000.0,6189000.0,0.27,42354000.0,0.3141219138,656665000.0,416598000.0,368522000.0,113792000.0,240067000.0,153470000.0,268169000.0,979706280.0,987177280.0,25.360564923601387,3.2385580708661417,0.14071101703303815,0.22179655207178142,0.019569862288314147,25.360564923601387,0.010604947695380198,7.266071955678506,55.438336351290175,2.3516826292973083,0.14124038026256225,0.6025868247866032,0.0006369255895756838,0.20532996276640297,1.7316770950506186,0.006727935857705223,56.24354325736265,0.31412191377481774,0.1739130434782609,-0.5758064380424652,-0.32501978273251264,0.13942251277895565,-0.08780771467338631,0.15866771570941515,-0.4100095328884652,-0.7331470473169414,-0.3279347046433096,-0.028686021185210568,Specialty Industrial Machinery,Industrials,CIR
2016Q2,2016,Q2,2016-07-29,2016-07-03,3813000.0,146392000.0,10490000.0,0.23,46431000.0,0.317168971,657476000.0,411367000.0,372166000.0,114227000.0,246109000.0,162347000.0,264375000.0,948157520.0,972787520.0,25.046699951290794,3.2581263624186927,0.14844648321763837,0.23725772850034155,0.014853024832060802,25.046699951290794,0.009269095479219286,6.476839718017378,62.166110674009964,2.304894461636446,0.16365066876475218,0.6157243435357598,0.0006581184949100019,0.2226575570819315,1.648445638947009,0.005799451234721875,133.1307947205841,0.31716897098202085,0.0,-0.4657867774484367,-0.1987655693032242,0.1198643476833694,0.02648508832047399,-0.015237603305785124,0.3175081637779452,-0.6780948177295973,-0.29994959589026754,0.01803602130834549,Specialty Industrial Machinery,Industrials,CIR
2016Q1,2016,Q1,2016-04-29,2016-04-03,3872000.0,150798000.0,7962000.0,0.23,45233000.0,0.2999575591,671097000.0,414107000.0,375552000.0,124386000.0,256990000.0,170100000.0,261186000.0,753362190.0,784582190.0,25.279714303156094,3.0192465389995657,0.14573154104399216,0.23617084473336603,0.011169058613837723,25.279714303156094,0.009350240396805657,4.99583674849799,48.64167032541322,1.8192452433791269,0.16141528925619836,0.6206055261610817,0.0008296142390687273,0.2247037313532917,1.4804640393613429,0.0057696577394922045,207.3664161849711,0.2999575591188212,-0.46511627906976744,-0.4868653630898668,-0.22310650485296737,0.15790976548298677,-0.1042260773130545,-0.4589155953046395,-0.3517342452369321,-0.4765933625867861,-0.2151802765227209,0.05695557546951396,Specialty Industrial Machinery,Industrials,CIR
2015Q4,2015,Q4,2016-02-23,2015-12-31,7156000.0,164244000.0,12282000.0,0.43,50496000.0,0.3074450208,669915000.0,400777000.0,374450000.0,142171000.0,269138000.0,177840000.0,257939000.0,692313750.0,728272750.0,24.400426179604263,2.6338001420824217,0.13509176537321899,0.2258113614304214,0.018612265133067043,24.400426179604263,0.017855316048575643,4.215153978227515,24.186478130240356,1.7274288444696175,0.0869200670765791,0.639608636977058,0.0008984365831243422,0.24517140234208817,1.2672696963515766,0.010681952187964144,25.27245929765642,0.30744502082267844,1.8775510204081631,-0.02519171546660934,-0.10855110886226967,0.18302609973419012,0.1124182142621109,1.8858628373359743,0.5671813193824168,-0.17146551142742664,-0.13145638875990176,0.021587394126079247,Specialty Industrial Machinery,Industrials,CIR
2015Q3,2015,Q3,2015-11-09,2015-10-04,-8078000.0,159258000.0,7837000.0,-0.49,45393000.0,0.2850280677,714361000.0,407979000.0,434081000.0,156115000.0,306382000.0,198560000.0,251409000.0,722207850.0,779484850.0,24.74849863512284,2.7805207699452326,0.1555222079592811,0.27231548682652784,0.0323504050535308,24.74849863512284,-0.019800038727483524,4.534829333534265,-22.351072357019063,1.7702083930790555,-0.07786580836840802,0.5734538678485093,0.0008709404086372087,0.2229377023661706,1.264599814239503,-0.011308008135942472,744.5441752577319,0.28502806766379085,-2.8846153846153846,-1.8068692706652139,-0.06845154916533588,0.2048497298389008,-0.10633145647123676,-2.8438712622688884,-0.28838645237446653,-5.570647473188087,-0.19726782216719135,0.05662366944087103,Specialty Industrial Machinery,Industrials,CIR
2015Q2,2015,Q2,2015-07-29,2015-07-28,4381000.0,166906000.0,11013000.0,0.26,50794000.0,0.3043269864,749697000.0,424302000.0,460017000.0,170186000.0,325395000.0,211382000.0,263341000.0,812624120.0,871675120.0,25.21404801521274,2.7030249256695615,0.15216547485184015,0.26886038717705785,0.0129917239557337,25.21404801521274,0.010325192905053475,4.868753190418559,46.37206802099977,1.9152021908923362,0.1451723350833143,0.5492993726996622,0.000782649670797367,0.2226312763689864,1.170542817858108,0.0058436941857843904,181.3083712628291,0.3043269864474614,-0.5185185185185185,1.3962187683221081,0.009988620000365505,0.3308382288610041,-0.03523333776519972,-0.5451619601328903,-0.1560919540229885,-0.59270457019158,-0.21406382131132468,0.10383570215132877,Specialty Industrial Machinery,Industrials,CIR
2015Q1,2015,Q1,2015-04-28,2015-04-05,9632000.0,165860000.0,13050000.0,0.54,52649000.0,0.317430363,688691000.0,463103000.0,483254000.0,157983000.0,225588000.0,194624000.0,259599000.0,997196520.0,930859520.0,26.22030347638999,3.058898742269738,0.05451791877634527,0.08107483648346048,0.019438627441389064,26.22030347638999,0.02079882877027357,6.012278548173158,25.88238475913621,2.1532931550864496,0.06976744186046512,0.5816908500493259,0.0006738892349925169,0.24083369755086098,1.5489957780267498,0.013985953061677879,-54.15131794732555,0.31743036295671045,0.058823529411764754,0.6219763075158842,0.09471064894349406,0.2801433799175526,-0.2528347406513872,0.052102676133260514,-0.4001930413200349,0.09991415189265182,-0.24117323836747215,0.13780469726601977,Specialty Industrial Machinery,Industrials,CIR
2014Q4,2014,Q4,2015-02-18,2014-12-31,9155000.0,218558000.0,21757000.0,0.51,70465000.0,0.322408697,724722000.0,494093000.0,506031000.0,185486000.0,230628000.0,183434000.0,250635000.0,1072984000.0,965382000.0,27.75803370786517,2.7281358161801967,0.018881722922720712,0.027695190986312294,0.046340143308208,27.75803370786517,0.018528900429676195,4.909378746145188,29.300491534680503,2.171623560746661,0.07318405243036592,0.8073366987581364,0.000624426832086965,0.30157494873896473,1.499358442146577,0.012632430090434677,48.018975162228685,0.32240869700491404,-0.38554216867469876,1.4243244034405538,0.3279301668547818,0.35459914272646287,0.13256826912258707,-0.37614991482112436,0.09518775797845565,-0.12987169052782233,-0.015952354706540803,0.2575075478523086,Specialty Industrial Machinery,Industrials,CIR
2014Q3,2014,Q3,2014-10-31,2014-09-28,14675000.0,203818000.0,19866000.0,0.83,62217000.0,0.3052576318,750494000.0,508035000.0,520472000.0,185385000.0,242459000.0,195522000.0,241871000.0,1198011500.0,1117273500.0,28.743140028288543,2.8075194864740944,0.04509296543343451,0.0666135207219975,0.02829827858238555,28.743140028288543,0.02888580511185253,5.87784935579782,20.40905451448041,2.3581278848898206,0.04565587734241908,0.7242202923456184,0.0005592600738807599,0.27157845365852357,1.5397578013323623,0.019553787238805374,86.07022774624613,0.3052576318087706,0.2388059701492536,0.6815782011616646,0.36010246573010307,0.31627015640886846,0.0421608040201005,0.2305047794734194,0.2546419098143236,0.30952955922769987,-0.051720816178786926,0.29139792172812096,Specialty Industrial Machinery,Industrials,CIR
2014Q2,2014,Q2,2014-08-01,2014-06-29,11926000.0,207884000.0,15834000.0,0.67,59700000.0,0.2871793885,759086000.0,507362000.0,520644000.0,179316000.0,251724000.0,196389000.0,227868000.0,1362501450.0,1289614450.0,28.721313331446364,2.903499966539517,0.05722540002055103,0.08561736984638188,0.022366871043025555,28.721313331446364,0.02350589914104722,6.5541429354832506,28.561576597350324,2.6854621552264457,0.05626362569176589,0.7545432789005494,0.0004924765401167097,0.27386093275333756,1.5891610341519997,0.015710999807663426,184.99680244399184,0.28717938850512786,-0.1829268292682926,0.4817371178756677,0.21375482600782705,0.36299255929776847,-0.07639469042977814,-0.18493712411153637,-0.24264600373080786,0.5534880883195812,0.05786103010570197,0.2841601840194623,Specialty Industrial Machinery,Industrials,CIR
2014Q1,2014,Q1,2014-04-22,2014-03-30,14632000.0,211186000.0,20907000.0,0.82,64638000.0,0.3060714252,753957000.0,492601000.0,514272000.0,180757000.0,261356000.0,199200000.0,217045000.0,1292074600.0,1226110600.0,27.956923950056755,2.845101434522591,0.07445119549258114,0.11395226562674457,0.02725157430768799,27.956923950056755,0.029703553179957005,6.118183023495876,22.076178922908692,2.622963818587457,0.045790049207217055,0.7356827309236947,0.0005185459105844199,0.28010350722919214,1.5324994329403563,0.01940694230572831,89.80847987766734,0.30607142518916974,0.6399999999999999,0.3429621736120306,0.15429326130050836,0.38337133779664223,-0.04249929636926541,0.6580169971671388,-0.11996464200025256,0.8027445067511478,0.011499178122193846,0.2805364359119525,Specialty Industrial Machinery,Industrials,CIR
2013Q4,2013,Q4,2014-02-27,2013-12-31,8825000.0,214035000.0,23757000.0,0.5,67507000.0,0.3154016866,726650000.0,476887000.0,483922000.0,170553000.0,249763000.0,199404000.0,202930000.0,1429806000.0,1377264000.0,26.942768361581923,2.8373702016382003,0.06831074107204294,0.10408755113894906,0.03580176389865248,26.942768361581923,0.018505432104460807,6.680243885345854,40.50441926345609,2.998207122442004,0.07807365439093485,0.7348297927824918,0.00048188355623070544,0.2945503337232505,1.4483298446817119,0.012144773962705567,97.29218835057158,0.3154016866400355,-0.5,1.076978863484624,0.0178966655264059,0.37289226174200957,-0.03751176252530725,-0.5019751693002258,-0.007478275401069519,0.1155671199885427,0.07801261908727557,0.3062885843152492,Specialty Industrial Machinery,Industrials,CIR
2013Q3,2013,Q3,2013-10-31,2013-09-29,17720000.0,214731000.0,23936000.0,1.0,70138000.0,0.3266319255,725363000.0,459058000.0,470631000.0,177638000.0,266305000.0,198454000.0,194797000.0,1093248760.0,1056880760.0,26.109543851666476,2.6493824519528477,0.06881657873368231,0.10873789368663654,0.03683567624144442,26.109543851666476,0.0386007868286796,5.091247933460934,15.42393848758465,2.381504646471688,0.03786681715575621,0.7285970552369818,0.0006137669893172345,0.2960324692602187,1.3393024015131898,0.024429147888712272,36.986560660396506,0.32663192552542486,0.38888888888888895,-0.14098628810218589,-0.013668589876637475,-0.06554394562584913,0.0004564516589164979,0.39880012630249445,0.18167456556082148,0.6595246983543401,0.1776591557459446,0.27111051541737874,Specialty Industrial Machinery,Industrials,CIR
2013Q2,2013,Q2,2013-08-01,2013-06-30,12668000.0,223644000.0,20256000.0,0.72,70106000.0,0.3134714099,709426000.0,432151000.0,454782000.0,180283000.0,277275000.0,199764000.0,177748000.0,911272200.0,909992200.0,24.60296043267862,2.5226005779801755,0.08394251126967435,0.13780137035434373,0.027770696008634913,24.60296043267862,0.029313827805558704,4.074655255674196,17.98374250078939,2.1086893238705917,0.052889169561098834,0.7685969443943854,0.0007352358603719064,0.31524641047833035,1.2279804529545215,0.01785668977455013,95.68166736665266,0.3134714099193361,0.5999999999999999,-0.34126503728543056,0.03711419855431493,-0.11141514659787255,0.17138130962923356,0.6019221041982802,0.5702325581395349,2.0976255160436663,0.29654063252102697,0.29858403804134737,Specialty Industrial Machinery,Industrials,CIR
2013Q1,2013,Q1,2013-05-02,2013-03-31,7908000.0,205398000.0,12900000.0,0.45,59849000.0,0.2913806366,704110000.0,418819000.0,443753000.0,181153000.0,285291000.0,201618000.0,165750000.0,725830950.0,734743950.0,23.91748044086574,2.4496033739435727,0.09451080086918237,0.15888963967728303,0.01827709741285948,23.91748044086574,0.018881664871937518,3.533778079630766,22.94609730652504,1.7330420778426958,0.08472432979261507,0.7219047902469026,0.0009230799540857276,0.2917129425799946,1.151407925896894,0.011231199670506028,659.8463181818182,0.2913806366176886,-0.15094339622641512,-0.41587690883450446,0.10796503753838725,-0.10631873373419004,-0.009450513075140683,-0.14118158123370983,-0.21680529415336044,0.34314724383008,0.3673598534432404,0.16771357273768991,Specialty Industrial Machinery,Industrials,CIR
2012Q4,2012,Q4,2013-02-28,2012-12-31,9208000.0,201606000.0,16471000.0,0.53,60420000.0,0.2996934615,709981000.0,418247000.0,443226000.0,182284000.0,291734000.0,198005000.0,158509000.0,693260490.0000001,702006490.0000001,23.88481525898007,2.4315134625090518,0.09927589611552985,0.1685224281345712,0.028134543856231382,23.88481525898007,0.022015698857373752,3.4386897711377644,18.82223311251086,1.6575384641133113,0.07232841007819288,0.713042599934345,0.0009606778542939897,0.283959711597916,1.1666630093699941,0.01296936115191815,27.061460301350618,0.2996934615041219,3.8181818181818183,-0.1219532447291265,0.11487593156718477,-0.03979842744547089,0.029389215435727065,3.9266987693953985,0.2568485310950019,1.4338244507211682,0.24514817513060416,0.16558509203145808,Specialty Industrial Machinery,Industrials,CIR
2012Q3,2012,Q3,2012-11-01,2012-09-30,1869000.0,209804000.0,13105000.0,0.11,58695000.0,0.2797611104,697636000.0,408320000.0,431571000.0,167942000.0,289316000.0,194644000.0,149969000.0,666986580.0,701794580.0,23.42224516721161,2.5697621798001693,0.12009701334220138,0.20519200626959247,0.0513118528628849,23.42224516721161,0.004577292319749216,3.179093725572439,89.21703852327448,1.6334898608934167,0.3563402889245586,0.7763352582149976,0.000998520839804603,0.30073562717520314,1.225554060330352,0.00267904752621711,35.57831012962074,0.2797611103696784,-0.828125,-0.8292390224537973,0.21136086028463158,-0.054891660803506666,-0.08024633320797292,-0.8321659482758621,-0.29081660263001247,-0.7828621403682589,0.4194828457780834,0.07260383797142864,Specialty Industrial Machinery,Industrials,CIR
2012Q2,2012,Q2,2012-08-02,2012-07-01,11136000.0,219862000.0,18479000.0,0.64,63816000.0,0.2902547962,712377000.0,397957000.0,439434000.0,180432000.0,314420000.0,206247000.0,148765000.0,590780020.0,645254020.0,22.842210997589255,2.4354549082202714,0.134602885831519,0.24095065547282746,0.02411701519486567,22.842210997589255,0.02798292277808909,2.6870492399778043,13.262841684626434,1.4845322987156901,0.05971623563218391,0.75659767172371,0.0011256304842536824,0.30863152516153664,1.116897224439124,0.015632172290795464,116.3639984242663,0.29025479619033756,0.3061224489795919,0.04575304802635255,0.24648737543185623,-0.028931419858774187,0.08878727905548352,0.29714618520675595,0.34883211678832116,0.4028822160443983,0.30159452053920943,0.08399512474717188,Specialty Industrial Machinery,Industrials,CIR
2012Q1,2012,Q1,2012-05-03,2012-04-01,8585000.0,214280000.0,13700000.0,0.49,58612000.0,0.2735299608,720533000.0,399018000.0,438634000.0,180678000.0,321515000.0,208125000.0,138296000.0,577108950.0,635472950.0,23.044643372798152,2.4277111767896478,0.13830733637460046,0.2497506378158379,0.01889712034783662,23.044643372798152,0.02151532011087219,2.6932469199178644,16.805735294117646,1.446323098206096,0.07757716948165405,0.7479543543543543,0.0011540281951960718,0.29739095919270875,1.0865849743743012,0.011914790856213386,-81.40907744392722,0.27352996079895464,-0.16949152542372878,0.08500485430250496,0.24388614162974695,0.010694966772062298,-0.012833900360427123,-0.1652892561983471,-0.088853418462357,-0.19816724079576006,0.19183485385588017,0.14030067072559987,Specialty Industrial Machinery,Industrials,CIR
2011Q4,2011,Q4,2012-02-23,2011-12-31,10285000.0,217110000.0,15036000.0,0.59,59374000.0,0.2734742757,722523000.0,384085000.0,444044000.0,195556000.0,338438000.0,203777000.0,130373000.0,614394000.0,665662000.0,22.073850574712644,2.2706743848309436,0.1468783692699056,0.2763008188291654,0.023101102680304082,22.073850574712644,0.026777926761003424,2.8298742572889317,14.934224598930482,1.5996302901701447,0.06446280991735537,0.7740618421117201,0.0010791121007041084,0.30048870416581897,1.0791231156292826,0.014234840967000359,40.42597710225029,0.27347427571277233,-0.06349206349206354,-0.06636732678638037,0.20645234084900194,0.013182581143874163,0.0758693170493051,-0.060473189001552935,-0.05671267252195734,1.0912609730300322,0.05032267185546049,0.12479230917060317,Specialty Industrial Machinery,Industrials,CIR
2011Q3,2011,Q3,2011-11-03,2011-10-02,10947000.0,209961000.0,15940000.0,0.63,55187000.0,0.262844052,685459000.0,384296000.0,427483000.0,191183000.0,301163000.0,213824000.0,120773000.0,478613520.0,542856520.0,22.257384454998263,2.235988555467798,0.15098933707194742,0.2693158398734309,0.024336609944571073,22.257384454998263,0.028485854653704436,2.2795353422778515,10.930243902439024,1.2454293565376688,0.060473189001552935,0.7238382969170907,0.0013831619299011864,0.30630716060333296,0.9510992086116443,0.015970320617279807,-67.72513372010754,0.2628440519906078,0.4651162790697675,0.38587573961997995,0.2941194213819116,0.042178563926685834,0.010639856426033769,0.4601840736294518,0.2701195219123506,-0.4596090889325807,-0.0179280910666353,-0.2034120635478378,Specialty Industrial Machinery,Industrials,CIR
2011Q2,2011,Q2,2011-08-04,2011-07-03,7497000.0,191908000.0,12550000.0,0.43,54606000.0,0.2845425933,709197000.0,385833000.0,442710000.0,195090000.0,323364000.0,210103000.0,110497000.0,755766310.0,812701310.0,22.365833864703497,2.269260341380901,0.14838895257594154,0.2727527194407943,0.0178096872609956,22.365833864703497,0.019430686333206337,3.9381699043291576,25.20229124983327,1.9587912646144834,0.08830198746165133,0.65349852215342,0.0008759321383351951,0.27059900140581533,1.0250448510943666,0.010571110706898083,-9.89391270765968,0.2845425933259687,-0.04444444444444448,0.07454774952207195,0.2302552288760836,0.07094811397329193,-0.028535847713929904,-0.05173286111813812,-0.017381772627622926,-0.6030607456181919,-0.09385794470351003,-0.19221342243486508,Specialty Industrial Machinery,Industrials,CIR
2011Q1,2011,Q1,2011-05-05,2011-04-03,7906000.0,203370000.0,12772000.0,0.45,56210000.0,0.2763927816,666708000.0,374706000.0,408226000.0,246004000.0,292002000.0,177340000.0,103631000.0,804429810.0,861775810.0,21.832197168327216,1.6594283019788296,0.16624519279804653,0.29579723836821403,0.018762534569062538,21.832197168327216,0.0210992084460884,3.95549889364213,25.437320073362002,2.1468292741509343,0.08386035922084492,0.8298184278786512,0.0008241862643056453,0.3050360877625587,0.7996699240662754,0.011858264787583169,528.5346977660972,0.27639278162954223,0.0,0.41385457437623724,0.4756854674311435,0.09048175012757684,0.05012423636669344,0.022503879979306775,0.174868917302916,-0.40418385158457293,0.11926901153780567,-0.18423574510721932,Specialty Industrial Machinery,Industrials,CIR
2010Q4,2010,Q4,2011-02-24,2010-12-31,7732000.0,194059000.0,10871000.0,0.45,53527000.0,0.2758284852,616195000.0,356820000.0,380575000.0,234850000.0,259375000.0,167797000.0,96389000.0,731444000.0,767058000.0,20.625433526011562,1.6205024483713009,0.13204586210534003,0.22803093996973264,0.019935975476713164,20.625433526011562,0.021669188946807916,3.7691835988024263,23.649896533885155,2.0498963062608597,0.0854888773926539,0.8375119936590046,0.0009036918752495064,0.31493115004178873,0.7935959122844368,0.012547975884257418,45.09241107206707,0.275828485151423,-0.24999999999999994,0.5249304848771129,0.5091267497077281,0.07533727185109342,0.03974281773858317,-0.25646696797769014,-0.19414381022979985,-0.2537075947509128,0.08622981902214795,-0.17082993979410396,Specialty Industrial Machinery,Industrials,CIR
2010Q3,2010,Q3,2010-11-04,2010-10-03,10399000.0,177577000.0,13490000.0,0.6,51481000.0,0.2899080399,654880000.0,351719000.0,428602000.0,239341000.0,303161000.0,172543000.0,89328000.0,527730860.0,501602860.0,20.5407346843427,1.7907587918492862,0.06474163205472758,0.12054509423716092,0.026154844690729196,20.5407346843427,0.029566216212374083,2.97184241202408,12.687057890181748,1.5004331867200804,0.0676026541013559,0.7308091316367514,0.001332118421120948,0.2711596017591009,0.8524072348657356,0.015879245052528707,-200.6581216730038,0.28990803989255365,1.909090909090909,1.2205102238471903,0.4948988725109427,0.05097129713557767,0.03913850874005894,1.9250956320612045,1.7786435786435786,-0.03269555686856821,0.043851600683186664,-0.1711631611400277,Specialty Industrial Machinery,Industrials,CIR
2010Q2,2010,Q2,2010-08-02,2010-07-04,-11241000.0,168005000.0,-17325000.0,-0.66,49542000.0,0.2948840808,586395000.0,324128000.0,391021000.0,226267000.0,262267000.0,152996000.0,79620000.0,435227520.0,379345520.0,18.945990180032734,1.7281397640840246,0.008484042326418199,0.015348874518708658,-0.03256981749292985,18.945990180032734,-0.03468074341001086,2.590562899913693,-9.679466239658394,1.3427643400138218,-0.05693443643803932,0.7742882166854035,0.0014704952480946057,0.28650483036178687,0.8291045534700155,-0.01916967231985266,35.23253622601797,0.29488408083092765,-3.0,-2.669923575472462,0.2973730024888925,-0.010480530739703568,0.159718158196587,-2.9607535321821037,-3.1795194364070953,-2.0749880399988925,-0.030029145644992768,-0.19456764559982018,Specialty Industrial Machinery,Industrials,CIR
2010Q1,2010,Q1,2010-05-10,2010-04-04,5733000.0,146269000.0,7949000.0,0.33,42719000.0,0.2920577839,565390000.0,349244000.0,363234000.0,143270000.0,216146000.0,146907000.0,91503000.0,551429340.0,580959340.0,20.48231775262448,2.535310951350597,0.11910716496577584,0.19282221025987561,0.014691520184834779,20.48231775262448,0.01641545738795799,3.7699672521176737,24.046282051282056,1.5789228734065583,0.11145996860282574,0.7048677054190746,0.0011588066750311107,0.2587046109764941,1.3493334263977106,0.010139903429491148,-86.43093103448275,0.2920577839460173,1.2727272727272727,0.010764565098599634,0.3017928222712566,0.066347080919727,-0.11358496047143776,1.2765957446808511,1.247949093858199,-0.2642234115322533,-0.13776841980715768,-0.10168384359380114,Specialty Industrial Machinery,Industrials,CIR
2009Q4,2009,Q4,2010-02-25,2009-12-31,-20727000.0,158113000.0,-32059000.0,-1.21,48193000.0,0.3048009968,562053000.0,350408000.0,354688000.0,140982000.0,211645000.0,145031000.0,86408000.0,430578000.0,451968000.0,20.49169590643275,2.5158389014200395,0.12052244183377724,0.19331750416657154,-0.046582602675133054,20.49169590643275,-0.059151046779753885,2.723229588964854,-5.193443334780721,1.2287904385744617,-0.030781106768948713,0.7579069302424999,0.001481729210503091,0.2813133281025099,1.3315316848959442,-0.03687730516517126,34.73803953206938,0.304800996755485,-3.4693877551020407,-148.3174089068826,0.36758917341720004,0.10337483709045414,0.15115251403320196,-3.4660321237358716,-4.011931604659902,-2.914526275237357,-0.10597212503790397,-0.05943780491659103,Specialty Industrial Machinery,Industrials,CIR
2009Q3,2009,Q3,2009-10-29,2009-09-27,8405000.0,144327000.0,10644000.0,0.49,41865000.0,0.290070465,551474000.0,371728000.0,379243000.0,129309000.0,179746000.0,150276000.0,107177000.0,509838850.0,459455850.0,21.836809023086413,2.9328430349008965,0.06042895947950402,0.08964888305427625,0.01970442932250019,21.836809023086413,0.022610618516764946,3.5325257921248276,15.164748661511005,1.3715373875521886,0.07566924449732303,0.6818254411882136,0.0012474529942157213,0.2617113408791711,1.6009403831133178,0.015240972375850901,42.92656815694199,0.2900704649857615,0.08888888888888884,1.3117073746724812,0.45188013755218237,0.17448455321378536,-0.13685751396820814,0.08704086911536472,-0.01617524725020797,0.07925117321049183,-0.09772495852621968,0.02248556268752602,Specialty Industrial Machinery,Industrials,CIR
2009Q2,2009,Q2,2009-07-30,2009-06-28,7732000.0,164535000.0,10819000.0,0.45,48503000.0,0.2947883429,565564000.0,357596000.0,398267000.0,156742000.0,207968000.0,161649000.0,99948000.0,405243600.0,409274600.0,21.07224513847967,2.5409079889244746,0.06554342214143757,0.10366167406794259,0.01919042673945321,21.07224513847967,0.021622165796037988,2.462962895432583,13.102806518365234,1.1332442197340016,0.08238489394723228,0.7178021515753268,0.001571894041016317,0.29092198230439,1.36849727577803,0.013671308640578255,21.882585452778226,0.2947883429057647,-0.2622950819672131,0.6949522761433327,0.5723933285512582,0.15271376725189337,-0.1341687641692997,-0.26080305927342257,-0.26859113034072474,0.12658116549471643,0.07224213311048655,0.00900692210953457,Specialty Industrial Machinery,Industrials,CIR
2009Q1,2009,Q1,2009-04-30,2009-03-29,10460000.0,175647000.0,14792000.0,0.61,56019000.0,0.3189294437,577941000.0,341860000.0,411052000.0,174294000.0,236081000.0,177539000.0,92951000.0,379256720.0,391720720.0,20.209269330811065,2.358382962121473,0.08405183228045769,0.1420961797226935,0.026519774023739017,20.209269330811065,0.030597320540572164,2.1591983922298703,9.064453154875718,1.109391914818932,0.06281070745697896,0.6738125144334485,0.0017323358172796515,0.3039185660820049,1.217529002719543,0.018098733261699723,-52.16018704442305,0.3189294437138124,1.0941358024691359,1.2178289637999593,0.7525426330150824,0.11912244845444396,-0.11346911646014338,1.0949976386820213,-0.9517954500275371,0.8979079361903711,0.29313293901736626,0.009419217807062053,Specialty Industrial Machinery,Industrials,CIR
2008Q4,2008,Q4,2009-02-26,2008-12-31,-110108000.0,201956000.0,306859000.0,-6.48,63189000.0,0.3128849848,588023000.0,333622000.0,423684000.0,206778000.0,254401000.0,183291000.0,83106000.0,467500000.0,433177000.0,19.624823529411763,2.048980065577576,0.022363070832263365,0.0394158658601651,0.8389997104278109,19.624823529411763,-0.3300381869301185,2.314860662718612,-1.0614578413920877,1.401286485903208,-0.005767065063392305,0.7570857270678866,0.0013582887700534759,0.3434491507985232,1.0792105543142887,-0.18725117895048324,19.60167714884696,0.3128849848481848,-6.586206896551725,-19.856792607343433,0.8863693596561076,0.09178949915770922,-0.061238133440299505,-6.568603651443888,9.576239057006962,-23.099083205312454,0.5982542581036602,0.02316899996611308,Specialty Industrial Machinery,Industrials,CIR
2008Q3,2008,Q3,2008-10-30,2008-09-28,19773000.0,208680000.0,29014000.0,1.16,67311000.0,0.3225560667,742731000.0,470888000.0,424861000.0,212687000.0,271843000.0,176125000.0,193977000.0,681366790.0,668713790.0,27.940900729840383,1.9975880049086217,0.030325918805058628,0.0478330303596609,0.039839214587168915,27.940900729840383,0.041990876811471095,3.265127419973165,8.614863576594345,1.4469827007696099,0.031912203509836645,0.8026628814762242,0.0009260797697522065,0.280963094310053,1.0963199443313414,0.02662202062388671,-470.5571754143646,0.32255606670500286,0.07407407407407393,3.0824405390258036,1.1771050173136408,0.6172227433915841,0.006038232173016276,0.07316146540027137,0.055438341214987266,3.289793641688799,0.7848781110059287,0.42960245261141866,Specialty Industrial Machinery,Industrials,CIR
2008Q2,2008,Q2,2008-07-31,2008-06-29,18425000.0,206605000.0,27490000.0,1.08,66907000.0,0.3238401781,743552000.0,465958000.0,417528000.0,212265000.0,277594000.0,179953000.0,174689000.0,824452710.0,809246710.0,27.687800820013074,1.9670129319482723,0.031778544069547256,0.05071057906506595,0.03794432721997047,27.687800820013074,0.03954219049785603,3.9904780136008324,11.186603934871101,1.7693712952669554,0.03424694708276798,0.7763027012608847,0.0007653562082414648,0.27786220735066275,1.04686594586955,0.02477970605956275,25.616850298284863,0.32384017811766413,0.42105263157894746,2.778517345669959,1.0879953526390962,0.62523548082073,0.21895097378345388,0.4288483908491663,0.4090932390178892,1.7825314125245015,0.6219012482978354,0.4460905823375024,Specialty Industrial Machinery,Industrials,CIR
2008Q1,2008,Q1,2008-05-01,2008-03-30,12895000.0,176575000.0,19509000.0,0.76,54889000.0,0.3108537449,709913000.0,446378000.0,390450000.0,198308000.0,263535000.0,182601000.0,156913000.0,771403750.0,753730750.0,26.762875472150608,1.9689069528208645,0.035239529350779605,0.0560444287128846,0.02814260780633227,26.762875472150608,0.0288880724408461,4.3687031006654395,14.955481775882125,1.728140163717746,0.048545948041876695,0.6664037984457917,0.0008115075924896658,0.24872766099507967,0.963914718518668,0.018164197584774472,-162.74340717299577,0.31085374486762,0.2666666666666667,2.0441784618845458,0.8359629802723105,0.6189611280450639,0.03170933423555505,0.27408358857820375,0.20619512798318287,1.3241773186272696,0.6065662564849805,0.3933244509444841,Specialty Industrial Machinery,Industrials,CIR
2007Q4,2007,Q4,2008-03-10,2007-12-31,10121000.0,174523000.0,16174000.0,0.6,53202000.0,0.3048423417,676469000.0,420384000.0,360254000.0,193815000.0,256085000.0,171661000.0,144644000.0,783484000.0,770924000.0,24.874792899408284,1.858751902587519,0.0326725984487094,0.052575740275557586,0.023287709290232026,24.874792899408284,0.02407560706401766,4.4892879448554055,19.35292955241577,1.863734109766309,0.06165398676020156,0.7067476013771329,0.0007964425565806068,0.2579911274574297,0.9084487784743183,0.014961513387900997,24.78360168285199,0.3048423416970829,-0.03225806451612906,1.1136132805214505,0.8076960887870669,0.5431704532459529,0.11881729475100943,-0.023540762180414856,-0.0827946013383237,71.78643604915794,0.5273907305677453,0.33938258152793926,Specialty Industrial Machinery,Industrials,CIR
2007Q3,2007,Q3,2007-11-06,2007-09-30,10365000.0,164017000.0,17634000.0,0.62,47552000.0,0.2899211667,641977000.0,409136000.0,332282000.0,156971000.0,232841000.0,169615000.0,135146000.0,782031330.0,793946330.0,24.782603428432974,2.1168368679565015,0.06556153880902275,0.1028728833444136,0.02997610577161376,24.782603428432974,0.02533387431074264,4.767989476700586,18.862308972503616,1.9114214588791991,0.059527255185721176,0.6866432803702502,0.0007889709482611139,0.25548734611987656,0.9150989673251747,0.01614543823221081,64.70020104244229,0.289921166708329,0.03333333333333337,1.513189333428451,0.8043754236163989,0.5789276145098157,-0.045543044097870376,0.034637652225993215,0.11396083385975996,1.939542737716403,0.701325358074551,0.3329229964114773,Specialty Industrial Machinery,Industrials,CIR
2007Q2,2007,Q2,2007-08-02,2007-07-01,10018000.0,165937000.0,15830000.0,0.6,49821000.0,0.3002404527,625820000.0,385538000.0,321403000.0,147751000.0,240282000.0,167420000.0,125398000.0,680840600.0,710782600.0,23.522757779133617,2.1753016900054822,0.0882410277715637,0.14323620499146647,0.024422891062484284,23.522757779133617,0.02598446845706519,4.103006562731639,16.9904322220004,1.7659494005778937,0.0612896785785586,0.6935611038107753,0.0009018263599438694,0.2651513214662363,0.9091985841043377,0.016007797769326645,112.47986122583843,0.30024045270192906,0.33333333333333326,1.3945934924010521,0.8447706935431036,0.49952221844686806,0.1122745133059475,0.35250438774132575,0.3176294323289496,1.2737857754592319,0.6419087596981542,0.2867640138745652,Specialty Industrial Machinery,Industrials,CIR
2007Q1,2007,Q1,2007-05-03,2007-04-01,7407000.0,161263000.0,12014000.0,0.45,44792000.0,0.2777574521,607615000.0,369578000.0,303947000.0,135106000.0,238037000.0,154645000.0,115994000.0,579147570.0,618600570.0,22.800789684743044,2.249692833774962,0.10944924006155213,0.1799430702043953,0.01873334380899378,22.800789684743044,0.020041777378523612,3.591323304167726,19.54730558930741,1.5670509878834777,0.08221952207371405,0.7531507646545313,0.00105154546361992,0.26540325699661793,0.9639542285316715,0.012190284966631831,-120.15509751037344,0.27775745211238784,-0.2857142857142857,0.8443664269134363,0.8621625947793996,0.4950167524773214,-0.08533621939515224,-0.28662236347876335,-0.2552228628107371,0.6390045725924418,0.6792062577038191,0.26263226844037457,Specialty Industrial Machinery,Industrials,CIR
