Quarters,Year,Quarter,FillingDate,Date,NetIncome,Revenue,OperatingIncome,EPSDiluted,GrossProfit,GrossProfitRatio,TotalAssets,CommonStockEquity,CurrentAssets,CurrentLiability,TotalLiability,Inventory,RetainedEarnings,MarketCap,EnterpriseValue,bookValuePerShare,currentRatio,debtToAssets,debtToEquity,roic,shareholdersEquityPerShare,roe,priceToSalesRatio,peRatio,pbRatio,payoutRatio,inventoryTurnover,dividendYield,assetTurnover,quickRatio,returnOnAssets,priceToFreeCashFlowsRatio,grossProfitMargin,epsdilutedGrowth,fiveYNetIncomeGrowthPerShare,fiveYRevenueGrowthPerShare,fiveYShareholdersEquityGrowthPerShare,grossProfitGrowth,netIncomeGrowth,operatingIncomeGrowth,threeYNetIncomeGrowthPerShare,threeYRevenueGrowthPerShare,threeYShareholdersEquityGrowthPerShare,Industry,Sector,Symbol
2023Q1,2023,Q1,2023-05-12,2023-03-31,-13312999.0,0.0,-13209165.0,-3.49,0.0,0.0,49496251.0,37152492.0,45806405.0,9799945.0,12343759.0,0.0,-188961265.0,59192315.46,16198956.46,9.747518681709634,4.674149191653626,0.0,0.0,-0.35696232245564996,9.747518681709634,-0.3583339443286873,0.0,-1.1115511136897103,1.5932259795655161,0.0,0.0,0.0,0.0,4.387102070470804,-0.2689698458172115,-7.205821630570187,0.0,-38.03803131991052,0.812233391752608,0.0,-0.5380258866028371,0.0,-0.9544960459366064,-0.35162390841284047,-2.5578741546081,0.0,1.2570594045311114,Biotechnology,Healthcare,HEPA
2022Q4,2022,Q4,2023-04-10,2022-12-31,-6811474.0,0.0,-9772811.0,-0.0894,0.0,0.0,60244452.0,49855937.0,56496073.0,7885722.0,10388515.0,0.0,-175701344.0,457834016.64000005,406698542.64000005,0.6540247048909188,7.16435007473,0.0017798817391516816,0.0021507568897962946,-0.1372722020508321,0.6540247048909188,-0.13662312675018023,0.0,-16.803779058688328,9.183139344868797,-0.0007340555069284563,0.0,1.0920988433088745e-05,0.0,6.491363504825557,-0.11306392163713266,-95.10791841103054,0.0,0.18727272727272734,0.9915848756219627,0.0,-0.93295840379378,0.0,0.21070826674280543,-0.15445181910300915,0.795023083623783,0.0,-0.8243671652835491,Biotechnology,Healthcare,HEPA
2022Q3,2022,Q3,2022-11-14,2022-09-30,-8629856.0,0.0,-8465326.0,-0.11,0.0,0.0,69697278.0,59258942.0,65669530.0,7489314.0,10438336.0,0.0,-168889870.0,770224050.168,711184435.168,0.777374258616569,8.768430593242586,0.003029616163776152,0.0035632765768919736,-0.14346122153811336,0.777374258616569,-0.1456295996644692,0.0,-22.312772373258603,12.997600432488314,0.0,0.0,0.0,0.0,7.897277774706735,-0.12381912533226908,-61.44902767393653,0.0,0.576923076923077,0.9972887308327547,0.0,-0.9787080045093619,0.0,0.5646868262905498,0.5766939303947606,0.7738468843017672,0.0,-0.8345455510962301,Biotechnology,Healthcare,HEPA
2022Q2,2022,Q2,2022-08-15,2022-06-30,-19824477.0,0.0,-19998121.0,-0.26,0.0,0.0,83566326.0,67320321.0,79533974.0,13376983.0,16246005.0,0.0,-160342279.0,872829114.65,801298465.65,0.8831255311173871,5.945583843531834,0.004232709716112205,0.005254163895029556,-0.2934511354447491,0.8831255311173871,-0.2944798346995404,0.0,-11.006962688725658,12.965314212479765,0.0,0.0,0.0,0.0,5.360514026219515,-0.2372304485421556,-116.37716873579917,0.0,-1.9988465974625145,-1.003817375258931,0.0,-0.9866671241275343,0.0,-2.000570766752708,-1.7574228524689801,0.7809684247368454,0.0,-0.9578829023629094,Biotechnology,Healthcare,HEPA
2022Q1,2022,Q1,2022-05-16,2022-03-31,-6606902.0,0.0,-7252468.0,-0.0867,0.0,0.0,95855007.0,86636082.0,89774381.0,6259903.0,9218925.0,0.0,-140430980.0,1966705594.2,1887730108.2,1.1365254271873977,14.341177650835803,0.002580355557221961,0.0028549305819254383,-0.0793594557145868,1.1365254271873977,-0.07626039690945396,0.0,-74.41860020778272,22.700767957165933,0.0,0.0,0.0,0.0,12.655599615521199,-0.06892599778329785,-194.15987803710223,0.0,0.0,0.9987140214869475,0.0,1.3333303088284099,0.0,0.3686001245234208,0.19416046261004716,0.9894026050166874,0.0,-0.5595688624253269,Biotechnology,Healthcare,HEPA
2021Q4,2021,Q4,2022-04-08,2021-12-31,-10463895.0,0.0,-8999891.0,0.0,0.0,0.0,103552479.0,92995003.0,97451768.0,8206396.0,10557476.0,0.0,-133501295.0,0.0,-91031975.0,0.0,11.87509937370802,0.0030611724901342054,0.0034086992824765004,-0.10334138758383359,0.0,-0.11252104588888502,0.0,0.0,0.0,0.0,0.0,,0.0,11.131435407211644,-0.10104919844555339,0.0,0.0,1.0,1.0,0.0,-1.0,0.0,-0.04493213315389027,-0.05665314447347276,1.0,0.0,-1.0,Biotechnology,Healthcare,HEPA
2021Q3,2021,Q3,2021-11-15,2021-09-30,-10013947.0,0.0,-8517356.0,-0.13,0.0,0.0,111601735.0,102643005.0,105500278.0,7082357.0,8958730.0,0.0,-127094647.0,2332492619.4,2234145801.4,1.3465748731106146,14.896210117620447,0.003444525302406813,0.0037451650991706643,-0.0890049055470672,1.3465748731106146,-0.09756092974869549,0.0,-58.231100569036364,22.724321247219915,0.0,0.0,0.0,0.0,13.940448497583501,-0.08972931290001898,-205.329211718195,0.0,-0.18181818181818185,0.9981298521227349,0.0,1.03043435642067,0.0,-0.30642357022898803,-0.24257538624797745,0.8306540241724328,0.0,-0.9414274170226495,Biotechnology,Healthcare,HEPA
2021Q2,2021,Q2,2021-08-16,2021-06-30,-7665161.0,0.0,-6854599.0,-0.11,0.0,0.0,119753280.0,110721347.0,113673189.0,7101550.0,9031933.0,0.0,-117827930.0,3018519702.0,2908881570.0,1.4525548196007767,16.00681386457886,0.003781700175560953,0.004090186872455589,-0.06789971125581834,1.4525548196007767,-0.06922929685817496,0.0,-98.44932487393285,27.262310148737622,0.0,0.0,0.0,0.0,15.50239074568228,-0.06400794199540923,-582.557454341863,0.0,0.0833333333333333,0.9985255780424075,0.0,-0.9253492789398389,0.0,-0.260064647438358,-0.13647368805876783,0.9963294870219577,0.0,1.2944589630665706,Biotechnology,Healthcare,HEPA
2021Q1,2021,Q1,2021-05-14,2021-03-31,-6083149.0,0.0,-6031463.0,-0.12,0.0,0.0,123756872.0,117574556.0,117744731.0,2867449.0,6182316.0,0.0,-110162769.0,1919515305.6,1804754328.6,2.2540813549009715,41.06253711923037,0.0055601599238868935,0.005852524758843232,-0.050997576964739416,2.2540813549009715,-0.051738651685829036,0.0,-78.88658101256438,16.325941350780006,0.0,0.0,0.0,0.0,40.26194886116545,-0.04915403000812755,-258.29957285032754,0.0,-0.26315789473684204,0.9985488395002873,0.0,-0.9151740988382081,0.0,-0.2275057464143807,-0.21780573542268608,0.9937306714712335,0.0,-0.893170019011155,Biotechnology,Healthcare,HEPA
2020Q4,2020,Q4,2021-03-31,2020-12-31,-4955699.0,0.0,-4952730.0,-0.095,0.0,0.0,48645253.0,40520391.0,42634299.0,4661827.0,8124862.0,0.0,-104105463.0,2284640499.6,2244665827.6,0.7768369361003339,9.145405653191334,0.015462269257804044,0.018562654047439966,-0.11827982666341838,0.7768369361003339,-0.12230136180077827,0.0,-115.25319130560591,56.38248899424489,0.0,0.0,0.0,0.0,8.736239675989692,-0.10187425687764436,-496.45009480755346,0.0,0.8623188405797102,0.9985083965353728,0.0,-0.9925849449143195,0.0,0.20473953316851592,0.2051460810265585,0.9910524666658997,0.0,-0.9203693869686438,Biotechnology,Healthcare,HEPA
2020Q3,2020,Q3,2020-11-16,2020-09-30,-6231542.0,0.0,-6230994.0,-0.69,0.0,0.0,20363688.0,12872806.0,14352491.0,3955974.0,7490882.0,0.0,-99149764.0,561363645.8000001,548462662.8000001,1.4263277274732278,3.628054936660352,0.039793921415413554,0.0629506107681573,-0.43092828327205346,1.4263277274732278,-0.4840857541083117,0.0,-22.521056818681476,43.608491093550235,0.0,0.0,0.0,0.0,3.4659818290008984,-0.3060124472541516,-145.79060054606194,0.0,-0.1896551724137931,0.9943269883816408,0.0,1.0417110229483726,0.0,-0.26142532104743244,-0.3048070806007605,0.9834638481745277,0.0,-0.9609334072939616,Biotechnology,Healthcare,HEPA
2020Q2,2020,Q2,2020-08-12,2020-06-30,-4940080.0,0.0,-4775414.0,-0.58,0.0,0.0,24083632.0,18292078.0,18168939.0,2603136.0,5791554.0,0.0,-92349327.0,485886429.6,469194063.6,2.153397991504639,6.97963494800118,0.03610115783200806,0.04753134116309803,-0.24526679745169636,2.153397991504639,-0.27006663759032734,0.0,-24.588996008161814,26.562669894584968,0.0,0.0,0.0,0.0,6.746406257683041,-0.20512188527046088,-155.59369333192436,0.0,0.40816326530612246,0.9956935804465266,0.0,-0.975077171637605,0.0,-0.15793157391527124,-0.14055071762484125,-1.008536544221368,0.0,-0.9674893465163201,Biotechnology,Healthcare,HEPA
2020Q1,2020,Q1,2020-06-29,2020-03-31,-4266297.0,0.0,-4186937.0,-0.98,0.0,0.0,23270124.0,18767686.0,17307550.0,1536001.0,4502438.0,0.0,-87409247.0,153837744.6,138535550.6,4.318680608113907,11.26792886202548,0.03203571240101686,0.0397211995128222,-0.2086144634457075,4.318680608113907,-0.22732141831443683,0.0,-9.01471138788509,8.196947913557377,0.0,0.0,0.0,0.0,10.447694369990645,-0.183337957288066,-32.885633658417916,0.0,-1.2272727272727273,0.9911212327683052,0.0,-0.9782122773589104,0.0,-1.2520499829498006,-0.8672651935549616,0.9854337775516898,0.0,2.2666211475764126,Biotechnology,Healthcare,HEPA
2019Q4,2019,Q4,2020-05-14,2019-12-31,-1894406.0,0.0,-2242283.0,-0.44,0.0,0.0,20432607.0,16182592.0,14388665.0,1251889.0,4250015.0,0.0,-83185630.0,465858932.8,452743407.8,3.7238179634622646,11.493562927703655,0.03951757110583099,0.04989602407327578,-0.1104606358880617,3.7238179634622646,-0.11706443566024528,0.0,-61.47823286032667,28.787658540733155,0.0,0.0,0.0,0.0,11.12157068238478,-0.09271484544287471,-190.433007700565,0.0,0.12,0.9944149287511195,0.0,-0.9827853073499644,0.0,-0.09577217450856995,-0.17364202887779018,0.9896240353653682,0.0,-0.9320576728340773,Biotechnology,Healthcare,HEPA
2019Q3,2019,Q3,2019-11-14,2019-09-30,-1728832.0,0.0,-1910534.0,-0.5,0.0,0.0,21073495.0,16226590.0,15184652.0,1505111.0,4846905.0,0.0,-81288224.0,167155595.2,153273588.2,4.698418590537256,10.08872568202611,0.04659592535552361,0.060514193062128276,-0.10162931328323181,4.698418590537256,-0.10654314923837972,0.0,-24.171752258171992,10.301338432782241,0.0,0.0,0.0,0.0,9.875647709703802,-0.08203821909939477,-92.7139714141028,0.0,0.5798319327731092,0.9877128484821946,0.0,-0.6858983322596187,0.0,-0.6934424398911546,-0.12678111405735423,0.9928739847446563,0.0,1.1061904160350144,Biotechnology,Healthcare,HEPA
2019Q2,2019,Q2,2019-08-14,2019-06-30,-1020898.0,0.0,-1695568.0,-1.19,0.0,0.0,23339315.0,18029143.0,17389143.0,1798374.0,5310172.0,0.0,-79468542.0,68786160.0,53120018.0,20.96833781679338,9.66936966392975,0.06353734032039929,0.0822511641290992,-0.04322696993702257,20.96833781679338,-0.056624876734296246,0.0,-16.844523155104625,3.8152761892231926,0.0,0.0,0.0,0.0,9.535869624449642,-0.043741557967746696,-54.11882258436328,0.0,0.8545232273838631,-1.0044491354100795,0.0,1.258009821587392,0.0,0.5009595634206407,0.11767289379195504,0.9825911288050214,0.0,0.07761959571817044,Biotechnology,Healthcare,HEPA
2019Q1,2019,Q1,2019-05-15,2019-03-31,-2045722.0,0.0,-1921700.0,-8.18,0.0,0.0,7904517.0,645459.0,1913088.0,3456606.0,7259058.0,0.0,-78447643.0,75989794.798428,76943465.798428,2.5804838264749272,0.5534585081435374,0.33351525463225645,4.084344629170869,-0.4935786392081823,2.5804838264749272,-3.1694065773348887,0.0,-9.286427334509282,117.72985549574487,0.0,0.0,0.0,0.0,0.4867798065501246,-0.2588041748787434,-36.24989972619445,0.0,0.22975517890772126,0.9768881750614242,0.0,1.0092480961720565,0.0,0.048387201813054774,0.35849374049858357,0.898232325318328,0.0,-0.9028908759046181,Biotechnology,Healthcare,HEPA
2018Q4,2018,Q4,2019-03-14,2018-12-31,-2149742.0,0.0,-2995606.0,-10.62,0.0,0.0,8189172.0,1975051.0,2968020.0,2849849.0,6214121.0,0.0,-76463932.0,79929231.57054,78536802.57054,9.75550616186313,1.0414657057268648,0.17584195325241672,0.7290950967848425,-0.7329748646992322,9.75550616186313,-1.0884488552447507,0.0,-9.295212119703201,40.46945196379233,0.0,0.0,0.0,0.0,0.9938873954374424,-0.2625103001866367,-15.695510756140905,0.0,-1.6075514874141876,-1.0249982697114222,0.0,1.6571713302480737,0.0,-12.687567650167454,0.22243452055719012,0.8332944501092208,0.0,-0.9068818535559852,Biotechnology,Healthcare,HEPA
2018Q3,2018,Q3,2018-11-14,2018-09-30,-157058.0,0.0,-3852545.0,17.48,0.0,0.0,14381253.0,4654410.0,9155460.0,5653055.0,9726843.0,0.0,-73891258.0,159291591.57054,152329323.57054,22.989849596206565,1.6195596894068782,0.14393738848763735,0.44473950511450433,12.907554214691801,22.989849596206565,-0.03374391168805498,0.0,-253.55536102990612,34.2237988425042,0.0,0.0,0.0,0.0,1.5977675787693557,-0.01092102336284606,-44.94891737951192,0.0,1.637956204379562,0.8607001560027017,0.0,3.351962744027321,0.0,0.9623700779610102,0.008199985737812072,0.9936261241250681,0.0,1.6723070200603711,Biotechnology,Healthcare,HEPA
2018Q2,2018,Q2,2018-08-14,2018-06-30,-4173753.0,0.0,-3884397.0,-27.4,0.0,0.0,7975241.0,-751517.0,2741062.0,4999635.0,8726758.0,0.0,-73734200.0,277269720.0,276689364.0,-4.93296181061531,0.5482524224268371,0.2507761207466959,-2.6612837766810333,-3.2230153165564315,-4.93296181061531,5.553770573386896,0.0,-16.60793774811303,-368.9467038004463,0.0,0.0,0.0,0.0,0.5161088759479442,-0.5233387931474421,-81.13355931092441,0.0,-0.4731182795698923,-1.1026597110828118,0.0,0.939301216540162,0.0,-0.551299615534431,-0.005900646129296814,0.7971304872649024,0.0,-1.0570927255478264,Biotechnology,Healthcare,HEPA
2018Q1,2018,Q1,2018-05-15,2018-03-31,-2690488.0,0.0,-3861611.0,-18.6,0.0,0.0,9396322.0,3051714.0,4149247.0,2563077.0,6344608.0,0.0,-69705125.0,380674056.0,376676253.0,21.09970753562465,1.6188538229635707,0.0,0.0,-1.0551779276888484,21.09970753562465,-0.8816317649688011,0.0,-35.37221277329615,124.74106551269222,0.0,0.0,0.0,0.0,1.5597670300189967,-0.2863341635163205,-105.97083668661422,0.0,0.0,0.9474323203166091,0.0,1.0756184256958834,0.0,0.0,0.0,0.831761692063972,0.0,-0.893552078213288,Biotechnology,Healthcare,HEPA
2017Q3,2017,Q3,2017-11-14,2017-09-30,-5709979.0,0.0,-5838373.0,-41.75,0.0,0.0,14121112.0,4992765.0,8937327.0,2810693.0,9128347.0,0.0,-65277721.0,796432000.0,787653301.0,36.51016453382084,3.179759226639124,0.0,0.0,-1.1563657133801628,36.51016453382084,-1.14365066250865,0.0,-34.87018078350201,159.51722141939385,0.0,0.0,0.0,0.0,3.1233218996169274,-0.4043576029989706,-148.22648111184006,0.0,-1.612799060619404,-6.497668767558212,0.0,4.735150436826837,0.0,-1.6129062209244163,-0.11925216953880861,-0.024899199378012164,0.0,1.4408007393478142,Biotechnology,Healthcare,HEPA
2017Q2,2017,Q2,2017-09-28,2017-06-30,9316236.0,0.0,-5216316.0,68.13,0.0,0.0,18384592.0,9057867.0,13192922.0,2944874.0,9326725.0,0.0,-59503545.0,888328000.0,875345252.0,66.2366873857404,4.4799614516614295,0.0,0.0,-2.6171767159795123,66.2366873857404,1.0285242651498416,0.0,23.83816811854058,98.07253738656132,0.0,0.0,0.0,0.0,4.408592014463098,0.5067415148511318,-208.9535527570509,0.0,1.7455679579776757,-0.7447195857549288,0.0,1.8150248266816706,0.0,2.222823643003345,-0.06278031017206177,-0.7447195857549288,0.0,1.8150248266816706,Biotechnology,Healthcare,HEPA
2017Q1,2017,Q1,2017-04-12,2017-03-31,-7618626.0,0.0,-4908179.0,-91.38,0.0,0.0,11759832.0,-385422.0,6558891.0,2473628.0,12145254.0,0.0,-61553505.0,2240904960.0,2234767495.0,-3.409607218683652,2.65152682618405,0.0,0.0,17.265079583045907,-3.409607218683652,19.766972305680525,0.0,-73.53376317461968,-5814.15944082071,0.0,0.0,0.0,0.0,2.481159252725147,-0.6478516019616607,-430.5364046360804,0.0,-1.1751963818138538,0.8095418118006307,0.0,0.9877804405732704,0.0,-0.6909661486094621,0.23471011882765858,0.8095418118006307,0.0,0.9877804405732704,Biotechnology,Healthcare,HEPA
2016Q4,2016,Q4,2017-02-14,2016-12-31,-4505487.0,0.0,-6413490.0,-42.01,0.0,0.0,16067994.0,5877665.0,10858700.0,3224151.0,10190329.0,0.0,-53934879.0,1441305600.0,1430753879.0,54.80851361432301,3.367925385628651,0.0,0.0,-0.7665436869913479,54.80851361432301,-0.7665436869913478,0.0,-79.97501712911391,245.21737798938867,0.0,0.0,0.0,0.0,3.2727130336017143,-0.2804013369683857,-269.89008009410634,0.0,0.4019928825622776,-7.0121995568894775,0.0,4.69212865055127,0.0,0.05281942340702183,-0.3150322766240884,-7.0121995568894775,0.0,4.69212865055127,Biotechnology,Healthcare,HEPA
2016Q3,2016,Q3,2016-11-14,2016-09-30,-4756735.0,0.0,-4877059.0,-70.25,0.0,0.0,8816461.0,-2996021.0,3613366.0,5162059.0,11812482.0,0.0,-49429392.0,811484576.0,808456416.0,-44.245222553681664,0.6999854127974903,0.0,0.0,1.6075139625701766,-44.245222553681664,1.587684131720038,0.0,-42.6492423900007,-270.8541014899428,0.0,0.0,0.0,0.0,0.5866186341535422,-0.5395288426954988,-185.35678169741158,0.0,-0.030058651026392918,-11.613905189598093,0.0,-3.526480898101549,0.0,-0.029982452295968964,0.15829621332799473,-11.613905189598093,0.0,-3.526480898101549,Biotechnology,Healthcare,HEPA
2016Q2,2016,Q2,2016-09-28,2016-06-30,-4618268.0,0.0,-5794270.0,-68.2,0.0,0.0,13106712.0,1317580.0,7894985.0,5083547.0,11789132.0,0.0,-44612495.0,788732672.0,781339142.0,19.458014590778863,1.5530465244051053,0.0007942495417615036,0.007900848525326735,-3.84030155761444,19.458014590778863,-3.5051139209763353,0.0,-42.6963459028363,598.6222255954098,0.0,0.0,0.0,0.0,1.4564515681668724,-0.3523590050654962,-179.45139609996625,0.0,-0.044730392156862774,-1.255567139319335,0.0,1.2394256958694627,0.0,-0.1788835359756865,-0.24535110644956068,-1.255567139319335,0.0,1.2394256958694627,Biotechnology,Healthcare,HEPA
2016Q1,2016,Q1,2016-05-13,2016-03-31,-3917493.0,0.0,-4652720.0,-65.28,0.0,0.0,6749684.0,1295329.0,6626420.0,4288678.0,5454355.0,0.0,-39406226.0,660605792.0,654649031.0,26.57303163336479,1.5450961811541926,0.0,0.0,-2.9177970339958668,26.57303163336479,-3.0243227782285427,0.0,-42.15743282757621,509.9907374883138,0.0,0.0,0.0,0.0,1.3889503945038542,-0.5803965044882101,-170.4225316940305,0.0,-4.681462140992167,0.7728962068665782,0.0,1.0952340602204689,0.0,-0.2927168187790924,0.15620687722805712,0.7728962068665782,0.0,1.0952340602204689,Biotechnology,Healthcare,HEPA
2015Q4,2015,Q4,2016-02-12,2015-12-31,-3030434.0,0.0,-5514053.0,-11.49,0.0,0.0,10646258.0,4984396.0,10517593.0,3760958.0,5661862.0,0.0,-35488733.0,820608096.0,810775779.0,104.76482333900834,2.7965196633410954,0.0,0.0,-0.1996153740259814,104.76482333900834,-0.6079841970822543,0.0,-67.6972420451988,164.6354133981329,0.0,0.0,0.0,0.0,2.614311832251251,-0.28464780770858644,-149.61612629328883,0.0,0.9055952674389943,-11.147155694805267,0.0,8.057392735401821,0.0,0.3744513816039082,-0.13822252387375059,-11.147155694805267,0.0,8.057392735401821,Biotechnology,Healthcare,HEPA
2015Q3,2015,Q3,2015-11-12,2015-09-30,-4844442.0,0.0,-4844442.0,-121.71,0.0,0.0,2853954.0,-1361082.0,2719888.0,4215036.0,4215036.0,0.0,-32458299.0,931708624.0,929917512.0,-34.195462653568825,0.6452822704242621,0.0,0.0,3.559258002089514,-34.195462653568825,3.559258002089514,0.0,-48.081317930940244,-684.5352623868364,0.0,0.0,0.0,0.0,0.4249339744666475,-1.6974492230778773,-332.1104462864358,0.0,0.09877823028507972,-20.85480965281384,0.0,-2.4983462523061593,0.0,0.0987421679673002,0.0987421679673002,-20.85480965281384,0.0,-2.4983462523061593,Biotechnology,Healthcare,HEPA
2015Q2,2015,Q2,2015-09-25,2015-06-30,-5375201.0,0.0,-5375201.0,-135.05,0.0,0.0,5377199.0,3439084.0,5244414.0,1938115.0,1938115.0,0.0,-27613857.0,2264631488.0,2260068323.0,86.40263296736427,2.705935406309739,0.0,0.0,-1.5629746176598187,86.40263296736427,-1.5629746176598187,0.0,-105.32775834801342,658.4984513318082,0.0,0.0,0.0,0.0,2.3544345923745493,-0.9996284310846595,-521.8807281985432,0.0,-0.22139820927918982,-1.5060381409643473,0.0,2.0631614251624897,0.0,-0.22224048882334135,-0.22224048882334135,-1.5060381409643473,0.0,2.0631614251624897,Biotechnology,Healthcare,HEPA
2015Q1,2015,Q1,2015-05-14,2015-03-31,-4397826.0,0.0,-4397826.0,-110.57,0.0,0.0,9499550.0,7883853.0,9361600.0,1615697.0,1615697.0,0.0,-22238656.0,1372043904.0,1363142606.0,198.2162467943883,5.794155711126529,0.0,0.0,-0.5578269914469486,198.2162467943883,-0.5578269914469486,0.0,-77.99557690549831,174.0321520454529,0.0,0.0,0.0,0.0,5.509261947011105,-0.4629509818886158,-474.7154320827473,0.0,-0.4166559897501601,0.6875403686098679,0.0,1.7103795398410773,0.0,-0.416622294806318,-0.416622294806318,0.6875403686098679,0.0,1.7103795398410773,Biotechnology,Healthcare,HEPA
2014Q4,2014,Q4,2015-02-12,2014-12-31,-3104445.0,0.0,-3104445.0,-78.05,0.0,0.0,8964715.0,8603763.0,8851279.0,360952.0,360952.0,0.0,-14840830.0,988940736.0,980149193.0,216.31626187961984,24.5220389414659,0.0,0.0,-0.3608240952243803,216.31626187961984,-0.3608240952243803,0.0,-79.6390929779719,114.94281467306806,0.0,0.0,0.0,0.0,24.356543252288393,-0.34629600606377337,-684.9175009332473,0.0,-0.5158283161778985,-13.885091978828822,0.0,15.571960000338006,0.0,-1.1112856661940078,-1.8678290302048854,-13.885091978828822,0.0,15.571960000338006,Biotechnology,Healthcare,HEPA
2014Q3,2014,Q3,2014-11-13,2014-09-30,-1470405.0,0.0,-1082507.0,-51.49,0.0,0.0,1004571.0,539874.0,893445.0,464697.0,464697.0,0.0,-6891742.0,415548837.088028,414813411.088028,14.958273301562674,1.9226399137502501,0.0,0.0,-2.5340656266278527,14.958273301562674,-2.7236077306927173,0.0,-70.65210555731721,769.7144835425081,0.0,0.0,0.0,0.0,1.5825925280343967,-1.4637143616528847,-383.9387738945184,0.0,-1.1929403829579945,-6.315518220824424,0.0,2.5302971588843732,0.0,-1.1526617974391236,-0.24495780971647346,-6.315518220824424,0.0,2.5302971588843732,Biotechnology,Healthcare,HEPA
2014Q2,2014,Q2,2014-09-29,2014-06-30,9631781.0,0.0,-869513.0,266.87,0.0,0.0,2000904.0,-2933180.0,1982178.0,458739.0,4934084.0,0.0,-5421337.0,448695744.0,446877987.0,-81.26953341460711,4.320927586274548,0.0,0.0,0.6517145652354719,-81.26953341460711,-3.2837333542435174,0.0,11.646229913242422,-152.9724544692109,0.0,0.0,0.0,0.0,3.9625080928371035,4.813714700955169,-647.993171961718,0.0,1.3866000289729103,0.0,0.0,0.0,0.0,2.034367513162658,-0.8944876571453472,0.0,0.0,0.0,Biotechnology,Healthcare,HEPA
2014Q1,2014,Q1,2014-05-15,2014-03-31,-9311759.0,0.0,-458970.0,-690.3,0.0,0.0,2643495.0,-7342360.0,2627648.0,259864.0,9985855.0,0.0,-9802471.0,663112800.0,660602604.0,-279.0286539484685,10.111627620601546,0.0,0.0,0.12193868103226106,-279.0286539484685,1.268224249423891,0.0,-17.803102507270644,-90.31330525879962,0.0,0.0,0.0,0.0,9.65965274143398,-3.5225181057652843,-1966.5325223384411,0.0,-130.73664122137404,0.0,0.0,0.0,0.0,-52.81430924379461,-1.81102434542949,0.0,0.0,0.0,Biotechnology,Healthcare,HEPA
2013Q4,2013,Q4,2014-02-05,2013-12-31,-173035.0,0.0,-163275.0,-5.24,0.0,0.0,8827.0,-489860.0,8827.0,498687.0,498687.0,0.0,-490712.0,277191600.0,277538325.0,-14.844692263401921,0.01770048146432532,0.0,0.0,0.3429824404563391,-14.844692263401921,0.3532335769403503,0.0,-400.48487300257176,-565.8588168048013,0.0,0.0,0.0,0.0,0.006567245586911229,-19.602922850345532,-1244.5240628746144,0.0,0.059245960502693006,0.0,0.0,0.0,0.0,0.058430781453205856,0.0946820366951112,0.0,0.0,0.0,Biotechnology,Healthcare,HEPA
2013Q3,2013,Q3,2013-11-19,2013-09-30,-183773.0,0.0,-180351.0,-5.57,0.0,0.0,76004.0,-322557.0,76004.0,398561.0,398561.0,0.0,-322557.0,277191600.0,277315596.0,-9.774750750022728,0.1906960289641987,0.0,0.0,0.564383721939115,-9.774750750022728,0.5697380617999299,0.0,-377.08422891284357,-859.3569508644985,0.0,0.0,0.0,0.0,0.1906960289641987,-2.4179385295510762,-2503.7177541729893,0.0,0.0,0.0,0.0,0.0,0.0,0.0,0.0,0.0,0.0,0.0,Biotechnology,Healthcare,HEPA
