Quarters,Year,Quarter,FillingDate,Date,NetIncome,Revenue,OperatingIncome,EPSDiluted,GrossProfit,GrossProfitRatio,TotalAssets,CommonStockEquity,CurrentAssets,CurrentLiability,TotalLiability,Inventory,RetainedEarnings,MarketCap,EnterpriseValue,bookValuePerShare,currentRatio,debtToAssets,debtToEquity,roic,shareholdersEquityPerShare,roe,priceToSalesRatio,peRatio,pbRatio,payoutRatio,inventoryTurnover,dividendYield,assetTurnover,quickRatio,returnOnAssets,priceToFreeCashFlowsRatio,grossProfitMargin,epsdilutedGrowth,fiveYNetIncomeGrowthPerShare,fiveYRevenueGrowthPerShare,fiveYShareholdersEquityGrowthPerShare,grossProfitGrowth,netIncomeGrowth,operatingIncomeGrowth,threeYNetIncomeGrowthPerShare,threeYRevenueGrowthPerShare,threeYShareholdersEquityGrowthPerShare,Industry,Sector,Symbol
2023Q1,2023,Q1,2023-05-01,2023-03-31,466807000.0,3873296000.0,379886000.0,1.24,1876501000.0,0.484471365,43542229000.0,4839658000.0,6231104000.0,2844427000.0,38310468000.0,128732000.0,4799178000.0,16616855700.0,44134833700.0,12.937321731691995,2.1906359347594435,0.7354537591541306,6.616851025423697,0.004553378755358694,12.937321731691995,0.09645454286232623,4.290107365922976,8.899210862304978,3.433477262236299,0.0,15.51125594257838,0.0,0.08895493154473098,1.849351029223109,0.010720787858609627,29.45034356374051,0.48447136495635756,2.4939759036144578,2.1544065186958052,1.072221641968884,-0.008598358065410565,0.07881279489115006,2.458708056522527,1.3968961763249341,-0.2338158080031222,1.2769507144036139,-0.2158783116991211,Resorts & Casinos,Consumer Cyclical,MGM
2022Q4,2022,Q4,2023-02-24,2022-12-31,-320014000.0,3592216000.0,-957142000.0,-0.83,1739413000.0,0.4842172631,45692206000.0,4831529000.0,8154692000.0,4515892000.0,40323733000.0,126065000.0,4794239000.0,12876123540.0,40832819540.0,12.581517012223385,1.805776577473509,0.7412333954723044,7.009911148210018,-0.14077549453190563,12.581517012223385,-0.06623451913462591,3.5844513637264575,-10.059031432999806,2.665020439699317,-0.002990494165880243,14.697203823424424,7.432361121940586e-05,0.07861769685622096,1.5139994490567976,-0.007003688988008152,112.26795075463637,0.48421726310444585,0.6925925925925925,-1.3385962715122743,1.0395556825210281,-0.0640876940999052,0.025893078841717924,0.6984092727552029,0.10791008844080785,-1.211914748772275,0.5023230439556805,-0.16710999377531863,Resorts & Casinos,Consumer Cyclical,MGM
2022Q3,2022,Q3,2022-11-02,2022-09-30,-1061087000.0,3416072000.0,-1072921000.0,-2.7,1695511000.0,0.4963335082,47330222000.0,4841690000.0,8783182000.0,5895504000.0,41368485000.0,113323000.0,4871632000.0,11688727400.0,40099428400.0,12.310581115956216,1.4898102011295387,0.7121482548719082,6.961646656436079,-0.015065313320551105,12.310581115956216,-0.2191563276459253,3.4216864867016854,-2.7539512311431578,2.414183353333237,-0.0009235811955098875,15.182804902799962,8.384146250172623e-05,0.0721752794652009,1.0581778928485164,-0.022418804627622496,64.63752813338125,0.49633350819303573,-1.6428571428571428,-11.37683960182751,0.7622868234862433,0.119188797744744,0.024438329877273627,-1.5948007132538873,-31.75946790516327,-36.70731970196428,0.3600634226798986,0.05419148607293606,Resorts & Casinos,Consumer Cyclical,MGM
2022Q2,2022,Q2,2022-08-03,2022-06-30,1783937000.0,3264888000.0,34881000.0,4.2,1655064000.0,0.5069282622,48432138000.0,5733574000.0,9166781000.0,5544580000.0,41091546000.0,115100000.0,5746532000.0,12083527350.0,39792456350.0,13.736631903266227,1.6532868134286096,0.6915470467151378,5.841574905983598,0.0004005410529249867,13.736631903266227,0.31113874173421324,3.701054170924087,1.6933792154655687,2.1075035135153044,0.0005723296282323871,13.986307558644658,8.449519502266861e-05,0.06741160177566392,1.205810539301444,0.03683374456853422,32.05434742817731,0.5069282621639701,54.43511450381679,10.667264077329852,0.7023516405942014,0.21288905821548199,0.1954115306887471,52.27287097979479,-0.8058877542502574,51.42085336116359,0.29193175613331607,0.12152748832484295,Resorts & Casinos,Consumer Cyclical,MGM
2022Q1,2022,Q1,2022-05-02,2022-03-31,-34793000.0,2854309000.0,179695000.0,-0.0786,1384514000.0,0.4850610078,38650005000.0,5065340000.0,4514945000.0,3599601000.0,28639483000.0,102050000.0,4321482000.0,18575897040.0,39423969040.0,11.436344589041715,1.2542904060755622,0.6097589638086722,4.652636743041928,0.002173260821053143,11.436344589041715,-0.006868838024693308,6.5080189425882065,-133.47438450262982,3.6672557103767955,-0.03132814071796051,14.402694757471828,5.86781891422456e-05,0.07385015862223045,0.9854536655590439,-0.000900206869313471,58.25009498305106,0.4850610077605473,-1.3144,-1.2181413421787854,0.3668440013777174,0.030200861284973624,-0.07198122129923996,-1.2997148690206484,-0.5058464093806546,-2.3408714015160856,0.0836621369761832,-0.09971575124866917,Resorts & Casinos,Consumer Cyclical,MGM
2021Q4,2021,Q4,2022-02-25,2021-12-31,116087000.0,3056892000.0,363642000.0,0.25,1491903000.0,0.4880457013,40899116000.0,6070645000.0,6416182000.0,3442264000.0,29774803000.0,96374000.0,4340588000.0,20885356800.0,40874929800.0,13.045051143200963,1.8639424518282153,0.6037448828967354,4.067546693967445,0.00671673696547756,13.045051143200963,0.019122679715252663,6.832219391460346,44.97781146898447,3.4403851320576315,0.009914977559933497,16.23870545997883,5.511038240917196e-05,0.0747422511528122,1.6154588956570444,0.002838374306183048,65.64419411616797,0.4880457013201644,-0.9097472924187726,4.80267854446856,0.5317811358800264,0.20345083786264034,0.1342182128363533,-0.9140372014013283,-0.8078796184663632,6.656232844243828,0.13808710574654887,0.059507785635873035,Resorts & Casinos,Consumer Cyclical,MGM
2021Q3,2021,Q3,2021-11-03,2021-09-30,1350433000.0,2707539000.0,1892782000.0,2.77,1315358000.0,0.4858131314082641,41338323000.0,6829954000.0,6670321000.0,3410460000.0,29556582000.0,94198000.0,4210726000.0,20643175750.0,39466364750.0,14.276510487975669,1.9558420271752197,0.5901067152627357,3.5716231763786404,0.03635320241657551,14.276510487975669,0.19772212228662156,7.624331819412389,3.821584586203092,3.022447259527663,0.000874534316030488,14.779305293106011,5.721018966764356e-05,0.06549706914816066,1.8478859156829284,0.03266782254326089,54.3897006128439,0.4858131314082641,18.785714285714285,1.9940928099656103,0.27839500259588174,0.3101379315605896,0.17200951608735554,11.89159260355312,6.176152562936003,9.572343581637835,-0.00024004296506911877,0.1279175052360173,Resorts & Casinos,Consumer Cyclical,MGM
2021Q2,2021,Q2,2021-08-06,2021-06-30,104753000.0,2267962000.0,263760000.0,0.14,1122310000.0,0.4948539702164322,36776378000.0,6180181000.0,6574543000.0,2036371000.0,25561732000.0,79019000.0,2861474000.0,20875426350.0,36227995350.0,12.626555033210137,3.228558548515963,0.5704422822715168,3.3945285744867344,0.005352516227116816,12.626555033210137,0.016949827197617676,9.204486825617007,49.82059308563955,3.3778017747376654,0.011646444493236471,14.49843708475177,5.844192015747741e-05,0.061668987631136485,3.0855212532490395,0.0028483772926197353,59.3814396611558,0.4948539702164322,1.2028985507246377,-0.7448769958881398,0.154489549616857,0.29050084816197336,0.558850491693983,1.3156836804498702,2.0691961571202726,-0.051726143283005725,-0.11105434401218255,0.01134450790249924,Resorts & Casinos,Consumer Cyclical,MGM
2021Q1,2021,Q1,2021-05-03,2021-03-31,-331829000.0,1647747000.0,-246690000.0,-0.69,719960000.0,0.43693601020059514,37330767000.0,6306828000.0,7083867000.0,1835386000.0,26027239000.0,82346000.0,2757941000.0,18799883360.0,34266035360.0,12.744568204597627,3.859606099207469,0.5796201294230038,3.430831473444337,-0.0052960827901166905,12.744568204597627,-0.05261424602034494,11.409447785369963,-14.163833902401539,2.9808777661290273,-0.0037278236682146528,11.26693464163408,6.579828056975774e-05,0.044139114527167365,3.690709747159453,-0.008888887817386662,-112.89593908385578,0.43693601020059514,0.2500000000000001,-6.672180033958532,-0.148537363756442,0.3849105014188,0.23518552831133896,0.2586566280537527,0.3214749372882102,-2.6950365721106024,-0.33360691721416624,-0.023369279529156784,Resorts & Casinos,Consumer Cyclical,MGM
2020Q4,2020,Q4,2021-02-26,2020-12-31,-447605000.0,1493536000.0,-363568000.0,-0.92,582876000.0,0.39026578535770146,36494934000.0,6504726000.0,5950659000.0,1856583000.0,25248484000.0,88323000.0,3091007000.0,15573029750.0,31350229750.0,13.16146694319389,3.205167234645583,0.5721023361763032,3.2097950013574748,-0.008207081663818632,13.16146694319389,-0.06881227587449494,10.4269530496754,-8.697975754292289,2.394110028616117,-0.002761363255548977,10.310564632089037,7.936798553923009e-05,0.040924474613380585,3.0494483683196494,-0.012264852979320362,-46.28686252771619,0.39026578535770146,0.14814814814814817,0.34588777382921415,-0.22185404479728255,0.45086162748116226,0.47041268607957054,0.16293426040382922,0.26578914419344807,-1.3679891329811897,-0.34110579138186065,-0.02094645153957846,Resorts & Casinos,Consumer Cyclical,MGM
2020Q3,2020,Q3,2020-11-03,2020-09-30,-534731000.0,1125920000.0,-495182000.0,-1.08,396403000.0,0.35207030694898395,37004775000.0,6861104000.0,6186281000.0,2766784000.0,25244143000.0,97316000.0,3539848000.0,10733994750.0,25935193750.0,13.902467392207361,2.2359103565728295,0.5349328836616356,2.8851145529932207,-0.012535407506083467,13.902467392207361,-0.07793658280066881,9.533532355762398,-5.018408671836867,1.5644704919208337,-0.0023058322782857177,7.496372641703317,0.00011486869788155989,0.03042634362727513,2.112077415512017,-0.01445032431625378,-53.27943548787388,0.35207030694898395,0.35329341317365265,-10.188220528249982,-0.4365636086240254,0.32702175167715625,5.68777568855619,0.37623023200743766,0.5213454625244919,-5.167405688171678,-0.5371146669011836,0.263911558667431,Resorts & Casinos,Consumer Cyclical,MGM
2020Q2,2020,Q2,2020-08-03,2020-06-30,-857257000.0,289809000.0,-1034529000.0,-1.67,-84561000.0,-0.2917818287216753,37471285000.0,7374789000.0,6370768000.0,2575128000.0,25063708000.0,106791000.0,4075812000.0,8290060800.0,23170886800.0,14.945180522680847,2.4739616826814044,0.5261717339023735,2.67347730219807,-0.022636055979854332,14.945180522680847,-0.11624156297895438,28.605256565531093,-2.417612454608128,1.1241082016041408,-0.0014383084652560434,3.5056324971205437,0.00014873232292819856,0.007734162305883025,2.3455443768232103,-0.022877704887889486,-11.36149263427089,-0.2917818287216753,-2.018292682926829,-10.828207920044479,-0.8642361487090592,0.41383801246425006,-1.103800022831807,-2.06244879899959,-1.8270641046652463,-5.742390173697425,-0.8721827169766483,0.319599015003425,Resorts & Casinos,Consumer Cyclical,MGM
2020Q1,2020,Q1,2020-05-01,2020-03-31,806869000.0,2252817000.0,1250845000.0,1.64,814653000.0,0.3616152576973629,39118905000.0,8173914000.0,7597929000.0,2626247000.0,25697262000.0,106327000.0,4934302000.0,5845897000.0,19947815000.0,16.499124976030195,2.8930747945642583,0.5142867623723107,2.46128537687086,0.02456190040287322,16.499124976030195,0.09871268525702619,2.594927595095385,1.8112906184275268,0.7151894429033632,0.09159355483975713,13.525858906956842,0.012642029101778564,0.05758895858664755,2.7608606501977917,0.02062606302502588,-11.78496594072739,0.3616152576973629,-0.5805626598465474,3.7121913982185135,-0.04184146291929429,0.8974512274106897,-0.3662714353726044,-0.5988873406287704,-0.5774299353836996,3.522737179925608,-0.035513626506761084,0.48626273267785386,Resorts & Casinos,Consumer Cyclical,MGM
2019Q4,2019,Q4,2020-02-27,2019-12-31,2011577000.0,3185136000.0,2960089000.0,3.91,1285492000.0,0.4035909298692426,33876356000.0,7727265000.0,4007693000.0,3191423000.0,21108391000.0,102888000.0,4201337000.0,17018969070.000002,30231687070.0,15.105856617553627,1.255769918309168,0.4587955682128267,2.011361329008388,0.08436312183765524,15.105856617553627,0.2603219897337544,5.343247217701223,2.1151277169603753,2.202457023280553,0.03287221915939584,18.46322214446777,0.003885370478553904,0.09402239131032865,1.1607637094800658,0.059379969911757924,85.92271066727925,0.4035909298692426,49.875,6.644819980202231,0.28237066003536665,0.8141722755697652,-0.06695061158483653,55.17221878113807,11.417470352083429,90.47242406598055,0.45195516114923673,0.3935672312410011,Resorts & Casinos,Consumer Cyclical,MGM
2019Q3,2019,Q3,2019-11-05,2019-09-30,-37133000.0,3314382000.0,238381000.0,-0.08,1377732000.0,0.415682923694372,31168871000.0,6060552000.0,2880746000.0,3293244000.0,20542277000.0,104206000.0,2255885000.0,14386208760.0,28614878760.0,11.677746669929459,0.8747441732225125,0.49607953396836224,2.551292192526357,-0.0563279806591687,11.677746669929459,-0.006126999652836904,4.340540336026445,-96.85595534968895,2.373745619210923,-1.8029246223036113,18.584822371072683,0.004653623558289029,0.10633628661108707,0.7721234746043718,-0.0011913488942220589,63.3455100899576,0.415682923694372,-2.0,-0.7328404384248747,0.26161612357760894,0.2967554990983082,0.044984803814860634,-1.8555005183734592,-0.3583024886603766,-1.075891796175839,0.44256530484882933,0.07165254985213992,Resorts & Casinos,Consumer Cyclical,MGM
2019Q2,2019,Q2,2019-08-08,2019-06-30,43405000.0,3223243000.0,371485000.0,0.08,1318423000.0,0.4090361787801913,30813715000.0,6520484000.0,2040034000.0,2786539000.0,19758408000.0,106707000.0,2359966000.0,15273551850.0,29303826850.0,12.24814553924469,0.7321031573575679,0.4929904102767226,2.3297144813176445,0.014473410582230633,12.24814553924469,0.006656714440216401,4.738566670275868,87.97115453288792,2.3423954188063343,1.5762239373344085,17.850937614214626,0.004479377205243848,0.10460416733263093,0.6259941095387505,0.0014086259965732791,35.5459274817599,0.4090361787801913,0.6,-0.6208693621823014,0.1512831839458192,0.3486223298312331,0.002956936896364953,0.3868741412914976,0.0033084859288067844,-0.9028081755856424,0.508530529641831,0.2518253922176929,Resorts & Casinos,Consumer Cyclical,MGM
2019Q1,2019,Q1,2019-05-07,2019-03-31,31297000.0,3176911000.0,370260000.0,0.05,1314536000.0,0.4137780378487153,31146921000.0,6786204000.0,2207135000.0,2812678000.0,19829718000.0,111302000.0,2384977000.0,14204883210.0,28225807210.0,12.703037518321137,0.7847094477220642,0.4894329041384219,2.2463704303613627,0.007893454538090244,12.703037518321137,0.004611856643272145,4.471287741457032,113.46840919257437,2.093200146945185,2.230213758507205,16.732628344504143,0.00491373276134102,0.10199759391947602,0.6557956509774671,0.0010048184216988896,65.60237939315569,0.4137780378487153,1.8333333333333335,-0.7342991775952732,0.10902273710934329,0.43471305508620023,0.07218297653333464,2.341664165987911,0.10278152559486048,-0.504430112139585,0.5207108516420731,0.380397497711488,Resorts & Casinos,Consumer Cyclical,MGM
2018Q4,2018,Q4,2019-02-27,2018-12-31,-23327000.0,3052862000.0,335751000.0,-0.06,1226037000.0,0.4016024962805394,30210706000.0,6512283000.0,2526778000.0,2948882000.0,19638665000.0,110831000.0,2423479000.0,12831647720.0,26436301720.0,12.312369309652462,0.8568596505387466,0.5008627074123988,2.32351941707693,0.0009071813810234854,12.312369309652462,-0.0035820003522574187,4.203153539203541,-137.519266515197,1.97037624439847,-2.7134650833797744,16.482978589022927,0.004932881682945703,0.10105232231249411,0.7502500947816834,-0.0007721434911186783,200.01321382922342,0.4016024962805394,-1.2307692307692308,0.4360614183206186,0.12576116160526357,0.4263964606678166,-0.012754091390766872,-1.1632651632861601,-0.18289474644867523,0.9681470759918259,0.4862286222764615,0.35726087767056636,Resorts & Casinos,Consumer Cyclical,MGM
2018Q3,2018,Q3,2018-11-07,2018-09-30,142878000.0,3029302000.0,410903000.0,0.26,1241876000.0,0.4099545043709739,29973515000.0,6773358000.0,2208024000.0,2977590000.0,19133997000.0,104438000.0,2510103000.0,14411050900.0,27772345900.0,12.657406611477585,0.741547358770012,0.48923097608004934,2.16494861189974,0.01725083473605264,12.657406611477585,0.021094116094262254,4.757218296492063,25.215657588992006,2.12760803430145,0.4476616414003555,17.114709205461615,0.004438330031850765,0.10106595772968235,0.6276468553427437,0.00476680829725843,-240.7941936238471,0.4099545043709739,0.2380952380952382,5.103733929513377,0.12542772091401172,0.4541197769814803,0.044224199327156495,0.15431784580333988,0.1317303587413069,1.26414496085394,0.398050149640236,0.20817790248282816,Resorts & Casinos,Consumer Cyclical,MGM
2018Q2,2018,Q2,2018-08-03,2018-06-30,123777000.0,2858695000.0,363075000.0,0.21,1189281000.0,0.4160223458606112,28977160000.0,6847142000.0,2083116000.0,3064793000.0,18050251000.0,109130000.0,2431186000.0,15921009990.0,28161478990.0,12.484919762304603,0.679692233700612,0.466344562407082,1.9735739378561157,0.015256348800031634,12.484919762304603,0.018077177309890755,5.569327959086227,32.15664055115248,2.3252051717344258,0.5278444299021627,15.297480069641711,0.004103696941402397,0.09865338770259059,0.5851442495463804,0.0042715366171149965,220.05542487906013,0.4160223458606112,-0.4473684210526316,2.188414939125056,0.028275749941434895,0.42482666134426783,0.0018988616097190712,-0.44604912192764185,0.009222892118846889,0.27681537278866597,0.2049387135037672,0.18109340437368276,Resorts & Casinos,Consumer Cyclical,MGM
2018Q1,2018,Q1,2018-05-07,2018-03-31,223444000.0,2822237000.0,359757000.0,0.38,1187027000.0,0.42059791576681904,29298270000.0,7370790000.0,2392713000.0,3586888000.0,17819219000.0,107309000.0,2372744000.0,19780416640.0,31537483640.0,13.049526230808453,0.6670721249171985,0.4533533549933153,1.8020414365352968,0.02563905883755345,13.049526230808453,0.030314796650019876,7.008772346192045,22.13129088272677,2.6836223308492033,0.3043223357977838,15.238330428948178,0.0034376930090791046,0.09632776952359304,0.5778396203059588,0.007626525388700425,124.37384708249498,0.42059791576681904,-0.8429752066115703,28.569271881288707,0.0393857798378183,0.46014739082446526,0.12447685070280573,-0.8396771788739863,0.6103426975345114,0.14455969374277683,0.05282162937211241,0.5007365299522157,Resorts & Casinos,Consumer Cyclical,MGM
2017Q4,2017,Q4,2018-03-01,2017-12-31,1393713000.0,2597248000.0,223404000.0,2.42,1055626000.0,0.4064402013207826,29159178000.0,7612652000.0,2374627000.0,3092382000.0,17432685000.0,102292000.0,2252890000.0,18908389710.0,30317488710.0,13.443051162922112,0.7678957515598008,0.4427111765633448,1.6957420357583666,0.377712124757869,13.443051162922112,0.18307851192987673,7.280163353672811,3.391729450396172,2.4838111225890795,0.044692128149769715,15.070797325304031,0.0032941990806894575,0.08907137231371885,0.673620206041815,0.04779671772640504,82.31847778387274,0.4064402013207826,8.307692307692308,1.9838103986552882,-0.022129455541120974,0.5064519969690606,-0.14417492257551928,8.346564731918319,-0.5476378981130318,4.532881808256744,-0.05541436795564209,0.6144738650901342,Resorts & Casinos,Consumer Cyclical,MGM
2017Q3,2017,Q3,2017-11-09,2017-09-30,149115000.0,2826740000.0,493861000.0,0.26,1233460000.0,0.4363542455266491,29101890000.0,6308543000.0,2794536000.0,2735760000.0,18717813000.0,101242000.0,922657000.0,18691244930.000004,30197858930.000004,10.999557126342788,1.0214843407316432,0.46365724013113924,2.1388935606842976,0.015094893031706988,10.999557126342788,0.02363699510330674,6.612297179790148,31.336962964825805,2.962846560608369,0.42448445830399356,15.737342209754845,0.0033864517979969562,0.09713252300795584,0.9145944819721028,0.005123894015130976,405.3181162311613,0.4363542455266491,-0.27777777777777773,1.7017259860310239,0.0686849578862832,-0.03152944857000026,0.08886426935147136,-0.2919885476067252,-0.014340000718496905,7.296788898295319,-0.026334464813920724,0.2214459342537833,Resorts & Casinos,Consumer Cyclical,MGM
2017Q2,2017,Q2,2017-08-08,2017-06-30,210611000.0,2641737000.0,501046000.0,0.36,1132795000.0,0.4288068797158839,28542931000.0,6511408000.0,2485131000.0,2679568000.0,18254593000.0,103119000.0,836840000.0,17989590990.0,29430386990.0,11.325546891713962,0.9274371839042711,0.4623862209525714,2.0268823578556283,0.019457703661777907,11.325546891713962,0.03234492447716377,6.809758499805242,21.354049634159658,2.7627804907940035,0.3003024533381447,14.633016223974243,0.00351575530734176,0.09255310885907267,0.8335485421530635,0.0073787446706156425,153.55245134692206,0.4288068797158839,0.0,2.2313831335199548,-0.03321652052689967,-0.03289925009189144,-0.044874567565220395,0.01819702485411923,0.0077738288470396094,0.7034286220008494,-0.12627962979334173,0.24703657274291843,Resorts & Casinos,Consumer Cyclical,MGM
2017Q1,2017,Q1,2017-05-09,2017-03-31,206847000.0,2708179000.0,497181000.0,0.36,1186017000.0,0.437938925011973,28303092000.0,6376495000.0,2172718000.0,2124764000.0,18106606000.0,100502000.0,689476000.0,15738642200.0,27442388200.0,11.101082341143762,1.0225690947324033,0.4628183380105608,2.0542931500769623,0.0204794408525812,11.101082341143762,0.03243898097622597,5.811522133507423,19.02208178025304,2.468227795991371,0.3054528226176836,15.145589142504626,0.0040144504968795845,0.09568491668684113,0.8891382760626592,0.007308282784085922,-310.7946721958926,0.437938925011973,8.0,1.8103117502092825,0.0075529271191060185,-0.07681005851179065,0.1796973612358595,7.3848960233491425,0.7629094080979211,0.6332100580448811,-0.12074388295978157,0.25378420220007086,Resorts & Casinos,Consumer Cyclical,MGM
2016Q4,2016,Q4,2017-03-01,2016-12-31,24669000.0,2460820000.0,282023000.0,0.04,1005357000.0,0.4085455254752481,28173301000.0,6220180000.0,2229587000.0,2293421000.0,18149850000.0,97733000.0,545811000.0,16543605389.999998,28084619390.0,10.839704234507252,0.9721664709619385,0.46098946658753265,2.0879773575684304,0.009556786969677716,10.839704234507252,0.003965962399801935,6.722801907494249,167.6558169159674,2.6596666639872155,0.0,14.892237013086675,0.0,0.08734581723313146,0.867483554044373,0.0008756162439041133,-88.37490459299778,0.4085455254752481,-0.9569892473118279,1.1848525007735549,-0.08727549292573798,-0.12937800981348635,-0.07731214138084207,-0.9539430079963556,-0.6043198574545251,1.5497061233681235,-0.16357876973257374,0.2557871978925819,Resorts & Casinos,Consumer Cyclical,MGM
2016Q3,2016,Q3,2016-11-09,2016-09-30,535619000.0,2515115000.0,712755000.0,0.93,1089596000.0,0.43321915697691754,27705286000.0,6190831000.0,2214348000.0,2130635000.0,17781577000.0,97400000.0,521142000.0,14788293750.0,26128555750.0,10.896952255225523,1.0392901646692183,0.4615155389480549,2.065380237321936,0.040831786279051825,10.896952255225523,0.08651811041199477,5.8797684201318825,6.902431462476126,2.388741309526944,0.0,14.635718685831621,0.0,0.090781051673677,0.9100864296324804,0.019332736720350043,-80.20638986213106,0.43321915697691754,0.12048192771084348,4.721568392308831,-0.03150689375987214,-0.14790112587257917,0.1391096804814889,0.12915697803112872,-0.07320672773728797,15.490561189697551,-0.11986704608341593,0.25187364754308283,Resorts & Casinos,Consumer Cyclical,MGM
2016Q2,2016,Q2,2016-08-08,2016-06-30,474353000.0,2269502000.0,769055000.0,0.83,956533000.0,0.42147264025323616,26549055000.0,5532580000.0,3193787000.0,1917779000.0,17015922000.0,97800000.0,-14477000.0,12796337170.0,22658002170.0,9.784228387911414,1.665357165763104,0.46573861103530806,2.2349283697660045,0.042273217096170435,9.784228387911414,0.08573811856312968,5.638389906684374,6.744100474751924,2.3129059444237585,0.0,13.425040899795501,0.0,0.08548334394576379,1.5425927596454023,0.017867038958637133,-83.08122975938502,0.42147264025323616,5.916666666666667,-0.8809161081425309,0.08586734370378186,-0.24901446037788072,0.05348176652829985,6.101199119747301,1.4340726814662894,5.417252852706667,-0.2082377347015294,0.11661346113483365,Resorts & Casinos,Consumer Cyclical,MGM
2016Q1,2016,Q1,2016-05-06,2016-03-31,66799000.0,2209686000.0,315954000.0,0.12,907973000.0,0.41090589341653067,25497290000.0,5199899000.0,2401644000.0,2088311000.0,17626030000.0,97584000.0,-488830000.0,12114800640.0,23379176640.0,9.202448960810964,1.150041349205171,0.5070845176095184,2.4864484867879164,0.014126923931780725,9.202448960810964,0.01284621105140696,5.482589218558655,45.34050150451354,2.3298146060144633,0.0,13.339410149204788,0.0,0.08666356306885947,1.0184325993590035,0.002619847050412024,-59.70735100023164,0.41090589341653067,1.0869565217391306,1.642625766931879,0.26944850012762983,0.5400841792492597,0.04087862856723611,1.0854803993581197,1.263903297099815,7.836284629436792,-0.18652978469421125,0.029687331299458684,Resorts & Casinos,Consumer Cyclical,MGM
2015Q4,2015,Q4,2016-02-29,2015-12-31,-781454000.0,2191873000.0,-1197234000.0,-1.38,872314000.0,0.3979765250997663,25215178000.0,5119927000.0,2408749000.0,2237951000.0,17444501000.0,104200000.0,-555629000.0,12823122560.0,23849563560.0,9.071483244093708,1.076318918510727,0.5035361241550624,2.4798699278329552,-0.07054765831739139,9.071483244093708,-0.1526299105436464,5.850303626168122,-4.102328019307598,2.5045518344304516,0.0,12.663714011516316,0.0,0.08692673119341057,0.968235676294968,-0.03099141318772368,-64.45658815132049,0.3979765250997663,-12.5,-3.859731518690143,0.2937923099150344,0.47797460187734253,-0.012007937334922008,-12.764456153556642,-5.025980489412429,0.4465299360961443,-0.17198922102683176,0.01656639425939801,Resorts & Casinos,Consumer Cyclical,MGM
2015Q3,2015,Q3,2015-11-06,2015-09-30,66425000.0,2280816000.0,297377000.0,0.12,882916000.0,0.38710531669367454,26680266000.0,5901244000.0,2582274000.0,1952855000.0,17435544000.0,100533000.0,225825000.0,10392645150.0,21405887150.0,10.47644273700618,1.322307083731255,0.48054382216429176,2.172599031661799,0.019231764527867852,10.47644273700618,0.011256101255938579,4.556546933202854,39.11420831765148,1.7610939574774405,0.0,13.904886952542945,0.0,0.08548700376525481,1.175044230114371,0.0024896678316475556,-89.57169212073156,0.38710531669367454,-0.2941176470588236,1.1636622390238611,0.147193798738757,0.8200284605033923,-0.04995168603887929,-0.31843134035850973,-0.14674582019447896,1.3182745621671048,-0.12203293880108379,-0.0775877466707928,Resorts & Casinos,Consumer Cyclical,MGM
2015Q2,2015,Q2,2015-08-07,2015-06-30,97459000.0,2385135000.0,348521000.0,0.17,929338000.0,0.3896374838321521,27149587000.0,5828210000.0,3267022000.0,2790795000.0,17967757000.0,106914000.0,159400000.0,10062283500.0,21090181500.0,10.57064556966617,1.1706420571915888,0.49246561282865925,2.294055636293133,0.018711697212338035,10.57064556966617,0.01672194378720053,4.218747995396487,25.811581023815144,1.726479227756035,0.0,13.616523560992947,0.0,0.08785161262305759,1.0833658509492814,0.0035897046979020343,-334.39511814163706,0.3896374838321521,-0.48484848484848486,1.088292637290268,0.24148094416181018,0.6372535949066257,0.055917120769346136,-0.4262054754194878,-0.11790060338543776,1.594177424813307,-0.0898045654781776,-0.09736109388975488,Resorts & Casinos,Consumer Cyclical,MGM
2015Q1,2015,Q1,2015-05-08,2015-03-31,169850000.0,2332244000.0,395104000.0,0.33,880124000.0,0.37737217889723373,26798447000.0,4273118000.0,2956607000.0,1895761000.0,19145412000.0,103286000.0,61941000.0,10334604660.0,22690879660.0,8.695414531705946,1.5595884713315655,0.5430094512566344,3.4054313501288753,0.028547128827758315,8.695414531705946,0.03974849278676601,4.431185013231891,15.21136982631734,2.4185160952728197,0.0,14.05921422070755,0.0,0.08702907299068487,1.4057737235864647,0.0063380538431947195,-88.5714440225915,0.37737217889723373,1.4714285714285715,2.5764320641637073,0.4368713455389684,0.0148189871844946,0.0012866996665502456,1.4962558032857773,0.4847226554133019,1.7777330694563116,0.014206972199374066,-0.27687058017855853,Resorts & Casinos,Consumer Cyclical,MGM
2014Q4,2014,Q4,2015-03-02,2014-12-31,-342263000.0,2385546000.0,266113000.0,-0.7,878993000.0,0.36846617084726097,26702511000.0,4090917000.0,3027160000.0,3407925000.0,19074237000.0,104011000.0,-107909000.0,10504165040.0,22949652040.0,8.32658332451334,0.88827072192023,0.530257322991085,3.4611315751456213,-0.1031512040846746,8.32658332451334,-0.08366412713824309,4.403254030733425,-7.672582955212804,2.5676798233745637,0.0,14.484554518272105,0.0,0.08933789035795173,0.8133204222510765,-0.012817633517686782,-45.33010987114092,0.36846617084726097,-16.499999999999996,0.2916085241096784,0.4750875956947286,-0.050746369886290256,-0.014525494170630832,-15.885199802664035,-0.07112314957991406,-1.9954730885518552,0.03342590411209106,-0.331226536387948,Resorts & Casinos,Consumer Cyclical,MGM
2014Q3,2014,Q3,2014-11-07,2014-09-30,-20270000.0,2485007000.0,286489000.0,-0.04,891949000.0,0.3589321881185848,25448486000.0,4420856000.0,1991057000.0,3369314000.0,17549850000.0,99274000.0,234354000.0,11183020920.0,22784790920.0,9.005357353833869,0.5909383928004336,0.5075035505059122,2.921424493356038,0.013741437804495053,9.005357353833869,-0.004585084879489402,4.500196949143403,-137.92576369018255,2.5296053343515377,0.0,16.047081813969417,0.0,0.09764852023024082,0.5185862760193914,-0.0007965110380240302,-399.0942835730345,0.3589321881185848,-1.1904761904761905,0.9757220655094723,0.45668670923173604,-0.07493423629563524,-0.07285760170304592,-1.1920526036534527,-0.15735307526464248,0.8370095113083365,0.10740067991952505,-0.29581641888563825,Resorts & Casinos,Consumer Cyclical,MGM
2014Q2,2014,Q2,2014-08-11,2014-06-30,105544000.0,2581033000.0,339987000.0,0.21,962041000.0,0.3727348701082086,25572303000.0,4457303000.0,2166315000.0,2560316000.0,17630775000.0,102524000.0,270796000.0,12956750400.0,24515327400.0,9.081968515809335,0.8461123548811944,0.5053793551562408,2.899447042303384,0.02804292716817171,9.081968515809335,0.023678892819267616,5.019986338803107,30.690400212233758,2.906858788823645,0.0,15.791346416448832,0.0,0.10093080001437493,0.7182937574893099,0.004127277859956532,38.63857430844656,0.3727348701082086,0.0,1.3565622292474593,0.11983601434422832,-0.36550093317913024,-0.018628934115268444,-0.02418639053254438,-0.176054750831853,-0.9694723149397524,0.4228159170223088,-0.30291620797579416,Resorts & Casinos,Consumer Cyclical,MGM
2014Q1,2014,Q1,2014-05-08,2014-03-31,108160000.0,2630398000.0,412633000.0,0.21,980303000.0,0.37268238494706885,25350709000.0,4343289000.0,1970630000.0,2159564000.0,17527863000.0,101553000.0,165252000.0,12685416120.0,24501408120.0,8.854061425932947,0.9125128961216246,0.5100736235818888,2.977174210603992,0.024334411903704316,8.854061425932947,0.024902786805114742,4.822622325594834,29.320950721153846,2.920693538928678,0.0,16.24860910066665,0.0,0.10376033269917619,0.7442571741332973,0.004266547337985695,129.38493043939457,0.37268238494706885,3.6249999999999996,-0.4203551858412587,-0.010567622693047235,-0.4013338794292672,0.07958367381100791,3.8214425459762618,0.2491538764266037,2.1985886094456397,0.7406893881874557,0.48177946786230297,Resorts & Casinos,Consumer Cyclical,MGM
2013Q4,2013,Q4,2014-03-03,2013-12-31,-38335000.0,2513213000.0,330330000.0,-0.08,908038000.0,0.36130562749754996,26110185000.0,4231179000.0,2719439000.0,2215328000.0,18234562000.0,107907000.0,57092000.0,11529151200.0,23172712200.0,8.631800238685395,1.227555919484609,0.5150185645946208,3.1781283656399317,0.016606674532251356,8.631800238685395,-0.00906012248595486,4.5874150738516795,-75.18684752836833,2.7248081917593177,0.0,14.875540975098927,0.0,0.0962541245877806,1.0345583137124614,-0.0014682010104486046,358.7165899191039,0.36130562749754996,-0.14285714285714277,0.9811603649393191,-0.12717044917359077,-0.3993559853244639,0.028402192624807466,-0.2032706613515804,0.3332499202867256,0.7255079475073529,0.7080631557185814,0.4063390933960052,Resorts & Casinos,Consumer Cyclical,MGM
2013Q3,2013,Q3,2013-11-07,2013-09-30,-31859000.0,2463037000.0,247763000.0,-0.07,882960000.0,0.35848426150317675,25658835000.0,4262357000.0,2284015000.0,2161470000.0,17831664000.0,98330000.0,95427000.0,10008895680.0,21668010680.0,8.704514450489308,1.056695212054759,0.5079933675866422,3.058054029730499,0.021868045234248786,8.704514450489308,-0.007474502956932045,4.063640002159935,-78.54056687278322,2.348206797318948,0.0,16.06912437709753,0.0,0.09599177047593938,0.8265115870217954,-0.0012416386012848986,43.7069680349345,0.35848426150317675,0.631578947368421,-1.2934857610219388,-0.22131283004527347,-0.5322977006603409,-0.020452720003195046,0.657275328643043,0.06977919016243384,0.9097029582978132,0.42508881928954273,0.5121987904150792,Resorts & Casinos,Consumer Cyclical,MGM
2013Q2,2013,Q2,2013-08-08,2013-06-30,-92958000.0,2481265000.0,231602000.0,-0.19,901396000.0,0.36328082651389515,25722137000.0,4289061000.0,2210240000.0,2098146000.0,17864971000.0,101110000.0,127286000.0,7381418720.0,19214706720.0,8.76241307172451,1.05342526211236,0.5097539524029439,3.0570703004690305,0.015235403527388868,8.76241307172451,-0.02167327533928755,2.974861097061378,-19.851488629273437,1.7209871158279166,0.0,15.62524972801899,0.0,0.09646418569343597,0.8192942721812495,-0.0036139299001478765,18.9294812831619,0.36328082651389515,-20.0,-1.465902166340258,-0.2580517922468531,-0.5219939720239002,0.049901403873727074,-15.200733272227314,-0.23264097118452573,0.9051397008865729,0.45477363614086275,0.35718222763104435,Resorts & Casinos,Consumer Cyclical,MGM
2013Q1,2013,Q1,2013-05-08,2013-03-31,6546000.0,2352148000.0,301817000.0,0.01,858553000.0,0.3650080692201341,26057874000.0,4372857000.0,2439245000.0,1870988000.0,18178821000.0,105047000.0,220244000.0,6272710620.0,18482772620.0,8.937129438309718,1.3037202804079984,0.5253958553948032,3.1308362015954327,0.007116661435823045,8.937129438309718,0.0014969618261013338,2.666800992114442,239.56273373052247,1.434465069404282,0.0,14.218349881481622,0.0,0.09026630491804512,1.0455534722830933,0.00025121005650729605,64.5068501969334,0.3650080692201341,1.004,-0.9673694107769101,-0.2633336148048996,-0.4937530865973774,0.05937828143296592,1.0053487952137026,1.6419971837097604,1.0610201227750649,0.45544537990935646,0.04302889895035835,Resorts & Casinos,Consumer Cyclical,MGM
2012Q4,2012,Q4,2013-03-01,2012-12-31,-1223827000.0,2294511000.0,-470122000.0,-2.5,810431000.0,0.353204233930454,26284738000.0,4365548000.0,2507092000.0,1925671000.0,18168722000.0,107577000.0,213698000.0,5694416040.0,17740190040.0,8.923650531161401,1.301931638374364,0.5170027945494454,3.1128470011095972,-0.02433010009959821,8.923650531161401,-0.2803375429613877,2.4817558250973737,-1.1632395836993301,1.3043989070787905,0.0,13.795513910966099,0.0,0.08729442157650573,1.031944709142943,-0.046560365182259,-67.85771702992243,0.353204233930454,-5.756756756756756,-1.8278887543881408,-0.29806746387009825,-0.5749996594510421,0.022723945766407884,-5.755540712854454,-3.6811410712656265,-1.5438472308463134,0.4248783305679066,0.01732095031501817,Resorts & Casinos,Consumer Cyclical,MGM
2012Q3,2012,Q3,2012-11-09,2012-09-30,-181159000.0,2254978000.0,175344000.0,-0.37,792424000.0,0.3514109672023408,27831361000.0,5553270000.0,3347817000.0,2025854000.0,18565858000.0,107772000.0,1437525000.0,5226822050.0,16609114050.0,11.357657814273589,1.6525460373748553,0.49675799182080965,2.489605403663067,0.008814607214466875,11.357657814273589,-0.03262204070754708,2.3179037888617984,-7.213031163232298,0.941215184927079,0.0,13.570816167464647,0.0,0.08102291512082359,1.4095532057097895,-0.00650916784127086,19.042702902589998,0.3514109672023408,-0.23333333333333336,-1.5700153473248266,-0.3123302362562266,-0.29880600600564666,-0.06500518573668729,-0.24548992107361878,-0.00017676407697790448,0.7821471180821606,0.32716909120516346,0.16670332858927092,Resorts & Casinos,Consumer Cyclical,MGM
2012Q2,2012,Q2,2012-08-09,2012-06-30,-145452000.0,2323765000.0,175375000.0,-0.3,847517000.0,0.364717172347462,27263008000.0,5725785000.0,2677417000.0,1929384000.0,17850801000.0,113316000.0,1618684000.0,5456469960.0,17273799960.0,11.71082422673138,1.3877056096660902,0.4969829814817206,2.3663569274780665,0.0052148453462500955,11.71082422673138,-0.025402979678768936,2.3481160788633963,-9.378471867007672,0.9529645210220083,0.0,13.027710120371351,0.0,0.08523509218058403,1.1457071272489043,-0.00533514130208963,46.20642024235958,0.364717172347462,0.31818181818181823,-1.2342439605144033,-0.3039311542659858,-0.23317532459442833,0.073907424067715,0.3304948608304603,-0.08946242588496724,0.506751156247904,0.01203998392363034,-0.18183959450754292,Resorts & Casinos,Consumer Cyclical,MGM
2012Q1,2012,Q1,2012-05-08,2012-03-31,-217253000.0,2287590000.0,192606000.0,-0.44,789190000.0,0.34498751961671453,27391028000.0,5878407000.0,2593677000.0,1892387000.0,17899793000.0,110674000.0,1764136000.0,6658286820.0,18559375820.0,12.024700272674647,1.3705848750810485,0.4941757206045717,2.302661418306014,0.011345582814024669,12.024700272674647,-0.03695780166293351,2.9106119628080207,-7.661904346545271,1.1326685647999533,0.0,13.53886188264633,0.0,0.08351603306016846,1.116249477511735,-0.007931538750571903,37.41934965746304,0.34498751961671453,-0.8919601375658585,-1.7532313350075517,-0.30869944583642894,-0.12821495569918293,-0.0031867608590486706,-0.9109076356087993,1.0275466365331678,-2.1682932406362228,-0.13655705151661737,-0.18695157883327732,Resorts & Casinos,Consumer Cyclical,MGM
2011Q4,2011,Q4,2012-02-29,2011-12-31,-113691000.0,2296889000.0,-6991997000.0,-0.23256303939156528,791713000.0,0.3446892731864709,27766276000.0,6086578000.0,2812720000.0,1744764000.0,17884054000.0,112735000.0,1981389000.0,5098820230.0,16870101230.0,12.450528882443066,1.612091950544601,0.49114234836533355,2.240535486442464,-0.03228075074652637,12.450528882443066,-0.018678968707868362,2.2198809912015776,-11.21201376977949,0.8377154174316012,0.0,13.351452521399743,0.0,0.08272225630833606,1.3512675639799996,-0.0040945714146182225,73.71859338403262,0.3446892731864709,0.06974784243373888,-1.328864431051891,-0.12368507436777419,-0.07810341147399393,0.0009469457522719112,0.08155203334787456,-63.11022971556487,0.9439755334034484,-0.20013852914262667,-0.13362966635065995,Resorts & Casinos,Consumer Cyclical,MGM
2011Q3,2011,Q3,2011-11-07,2011-09-30,-123786000.0,2233587000.0,112574000.0,-0.25,790964000.0,0.35412276307123924,27853023000.0,6248856000.0,2721807000.0,2015347000.0,17911417000.0,104279000.0,2161463000.0,4539428440.0,16174985440.0,12.788365982039801,1.3505401303100657,0.482916414494757,2.1525031141700177,0.0032698622531512752,12.788365982039801,-0.019809385909996965,2.032349060054522,-9.167895480910602,0.7264415182555014,0.0,13.834261931932604,0.0,0.08019190591987088,1.130590414454682,-0.004444257271463855,48.826283894978005,0.35412276307123924,-1.040192926045016,-1.4605994120969563,-0.31718461572516926,0.025957600806955524,0.17114441267617939,-1.0359635501026296,-0.9694404630051904,-2.1427368598632603,-0.29235609974566656,-0.31286825834830173,Resorts & Casinos,Consumer Cyclical,MGM
2011Q2,2011,Q2,2011-08-09,2011-06-30,3441985000.0,1805985000.0,3683760000.0,6.22,675377000.0,0.373966007469608,27216190000.0,6365851000.0,1793280000.0,1585025000.0,17170916000.0,105318000.0,2285249000.0,6454524890.0,18163262890.0,13.028517690013897,1.1313890948092302,0.4640727081931747,1.9840695297455124,0.19841652718823374,13.028517690013897,0.5406951874933925,3.573963731703198,0.4688083249927004,1.0139296207215658,0.0,10.7351829696728,0.0,0.0663570102942403,0.8148944022964938,0.12646828964671397,29.044868242239883,0.373966007469608,35.55555555555556,12.812660430380062,-0.47455209251619246,0.07918429051133963,0.1955754765913078,39.29917325944965,20.706844229692702,16.28199877622355,-0.45900703514938396,-0.28926998300090023,Resorts & Casinos,Consumer Cyclical,MGM
2011Q1,2011,Q1,2011-05-06,2011-03-31,-89871000.0,1504954000.0,169705000.0,-0.18,564897000.0,0.37535831659971003,18760349000.0,2919162000.0,1366411000.0,1172440000.0,15841187000.0,95097000.0,-1156736000.0,6424287850.0,18289884850.0,5.975289587934638,1.1654421548224216,0.6554713880855841,4.212466454413972,0.006841764325874232,5.975289587934638,-0.030786575051333226,4.268760274400414,-17.8708589255711,2.2007301581755314,0.0,9.88524348822781,0.0,0.0802199362069437,0.7869912319606973,-0.004790475912788189,-612.9460786184525,0.37535831659971003,0.3682186092291776,-1.3607033357346734,-0.536863457923511,-0.5015691863177111,0.04766541294816727,0.3543239767510364,-0.08585787852017841,-1.448679758637846,-0.5279397605236081,-0.6615275708537961,Resorts & Casinos,Consumer Cyclical,MGM
2010Q4,2010,Q4,2011-02-28,2010-12-31,-139189000.0,1466441000.0,185644000.0,-0.28490867668701986,539196000.0,0.36769021051648176,18961045000.0,2998545000.0,1455645000.0,1246221000.0,15962500000.0,96392000.0,-1066865000.0,7254804150.0,19002786150.0,6.137780197691484,1.1680472404172293,0.6459003709974845,4.0842962169985775,0.009041775531584036,6.137780197691484,-0.04641884647387316,4.94721857203938,-13.030491184648213,2.419441479117372,0.0,9.61952236700141,0.0,0.07733967194318668,0.7998902281377059,-0.007340787388036894,162.4306857872112,0.36769021051648176,0.6042935046013613,-1.8227637564656405,-0.5165734071807633,-0.46416476052300715,-0.10348416703384405,0.5622863540163087,1.901617767762177,-1.094287439549745,-0.5507720199189463,-0.7076803192679454,Resorts & Casinos,Consumer Cyclical,MGM
2010Q3,2010,Q3,2010-11-05,2010-09-30,-317991000.0,1557705000.0,-205901000.0,-0.72,601435000.0,0.3861032737264116,19136372000.0,2540371000.0,1288801000.0,1318957000.0,16596001000.0,93479000.0,-927676000.0,4978179840.0,17049273840.0,5.756197204800058,0.9771364798094252,0.6596783862688288,4.96929424875343,-0.008312479499044767,5.756197204800058,-0.1251750236481207,3.195842499061119,-3.913774163419719,1.9596270938378684,0.0,10.229784229613069,0.0,0.08140022570631465,0.8014999730847935,-0.016617099625780687,-263.5351953414505,0.3861032737264116,0.64,-3.1834306668926162,-0.44866507193232025,-0.49899063674737243,0.031062065844242228,0.640068321040979,0.8036826252816268,-2.1085109563476596,-0.47371455266473056,-0.6446264736748426,Resorts & Casinos,Consumer Cyclical,MGM
2010Q2,2010,Q2,2010-08-09,2010-06-30,-883476000.0,1537695000.0,-1048817000.0,-2.0,583316000.0,0.3793444083514611,19987547000.0,2849158000.0,1791956000.0,1194987000.0,17138389000.0,96805000.0,-609685000.0,4254103080.0000005,16287534080.0,6.456327597966902,1.4995610830912804,0.652738377550782,4.57912091923298,-0.04212392350453458,6.456327597966902,-0.3100831894896668,2.7665454332621233,-1.203797013161648,1.4931088693571928,0.0,9.858777955684108,0.0,0.07693265211583993,1.314418483213625,-0.0442013219531141,11.510019155844157,0.3793444083514611,-8.090909090909092,-5.085711536104868,-0.41497656821722384,-0.41434300868647395,0.08474664524383349,-8.132384407851893,-90.81624792086141,-2.576376892887981,-0.48967506228802926,-0.5772397212382336,Resorts & Casinos,Consumer Cyclical,MGM
2010Q1,2010,Q1,2010-05-07,2010-03-31,-96741000.0,1457392000.0,-11423000.0,-0.22,537744000.0,0.36897691218285816,21009903000.0,3780738000.0,1780750000.0,1165830000.0,17229165000.0,96367000.0,273791000.0,5294880000.0,17548964000.0,8.56843894479195,1.5274525445390836,0.6042232084555554,3.357723015982594,-0.0004205066971455297,8.56843894479195,-0.02558786141753277,3.6331199841909383,-13.683133314726952,1.400488476059436,0.0,9.54318386999699,0.0,0.06936690759590847,1.3180995513925702,-0.004604542914834019,-53.56425327007314,0.36897691218285816,0.7762876856917666,-1.5550582990032529,-0.2286327595671594,-0.20287260848047325,-0.021696654356250112,0.777052346295844,0.9765275194953303,-1.3716068275335862,-0.5120496736922574,-0.3787922562985609,Resorts & Casinos,Consumer Cyclical,MGM
2009Q4,2009,Q4,2010-02-26,2009-12-31,-433918000.0,1452416000.0,-486655000.0,-0.9834058562233705,549670000.0,0.3784521789900414,22518210000.0,3870432000.0,3053501000.0,2383601000.0,18647778000.0,101809000.0,370532000.0,4024108799.9999995,16280599800.0,8.771716072885505,1.2810453595211615,0.6356054943976452,3.6979587808286,-0.015919819092709554,8.771716072885505,-0.11211099949566353,2.7706310037895476,-2.3184730755580545,1.039705335218394,0.0,8.867054975493327,0.0,0.06449962052934048,1.1785680573216741,-0.019269648875288044,72.59541059315917,0.3784521789900414,0.4215259669274291,-4.692895530824718,-0.1289940410023112,-0.11003570652657912,-0.14658779508915748,0.4217418188990229,0.49486671946473965,-2.3906216922779255,-0.38606592113474775,-0.35050027195912087,Resorts & Casinos,Consumer Cyclical,MGM
2009Q3,2009,Q3,2009-11-06,2009-09-30,-750388000.0,1533223000.0,-963419000.0,-1.7,644085000.0,0.42008566268572806,21726521000.0,4295143000.0,1624465000.0,1157129000.0,17431378000.0,98121000.0,804450000.0,5312216560.0,17325548560.0,9.734829357182683,1.403875453817163,0.5942194795015732,3.0057956161180197,-0.035815631313784,9.734829357182683,-0.17470617392715446,3.4647383713915065,-1.769823264764362,1.2367962044569876,0.0,9.061648372927303,0.0,0.0705691905298598,1.186711248270504,-0.034537881145352264,52.535345787553034,0.42008566268572806,-1.8333333333333335,-4.697249547024732,-0.07515474161390026,0.020428805637885412,-0.18637920841607422,-2.529991767611431,-8.348789845841692,-4.092245071262812,-0.48091088082745204,-0.21901498709163403,Resorts & Casinos,Consumer Cyclical,MGM
2009Q2,2009,Q2,2009-08-07,2009-06-30,-212575000.0,1655210000.0,131099000.0,-0.6,791628000.0,0.47826438941282373,22409925000.0,5044930000.0,1075320000.0,1231961000.0,17364995000.0,100401000.0,1554838000.0,2252200230.0,14392424230.0,14.313604212712473,0.8728523062012515,0.560090227878942,2.4879591986410117,0.005048901349139027,14.313604212712473,-0.042136362645269605,1.360673406999716,-2.6487124897095145,0.4464284400378201,0.0,8.60132867202518,0.0,0.07386057740041521,0.6766326206754921,-0.009485752406578781,10.295348899930975,0.47826438941282373,-2.5789473684210527,-2.608328579060713,0.22271562063999018,0.5928519749452434,0.2872941922579701,-3.020694113061911,-0.630809999464938,-2.1825945455656846,-0.33238828117898334,0.18563118034494952,Resorts & Casinos,Consumer Cyclical,MGM
2009Q1,2009,Q1,2009-05-11,2009-03-31,105199000.0,1498795000.0,355099000.0,0.38,614955000.0,0.4102996073512388,23841649000.0,4090166000.0,2090864000.0,16015128000.0,19751483000.0,102828000.0,3470321000.0,644375480.0,14030882480.0,14.789648389476273,0.13055555971828636,0.6187528387822503,3.606721096405378,0.011074508220014705,14.789648389476273,0.025719983003134834,0.4299290296538219,1.5313251076531145,0.1575426229644469,0.0,8.595324230754269,0.0,0.06286456947671698,0.11333340576484933,0.0044124045278915065,8.505933259411796,0.4102996073512388,1.091542049684193,0.028079744948427684,0.45380208071728534,0.6204708568325233,0.14078714507793166,1.0916358815377205,1.3394075119094044,-0.2541382256165123,-0.18521277192420374,0.2336835516267616,Resorts & Casinos,Consumer Cyclical,MGM
2008Q4,2008,Q4,2009-03-17,2008-12-31,-1148011000.0,1624512000.0,-1046232000.0,-4.151097788512995,539062000.0,0.33183011267383683,23274716000.0,3974361000.0,1533030000.0,3002576000.0,19300355000.0,111505000.0,3365122000.0,3805410560.0,16973932560.0,14.370908604405617,0.5105715891954109,0.5784889491240194,3.387756170111371,-0.060796263769699675,14.370908604405617,-0.288854233422681,2.3424945829886146,-0.8286964497726939,0.9574899109567551,0.0,9.734541051970764,0.0,0.06979728560382864,0.2210585177527563,-0.04932438273360672,26.304438853098127,0.33183011267383683,-19.868626311422705,-13.945202005678967,0.7260278127708117,0.6225380314925926,-0.3195508794960964,-19.734472404451843,-5.3312013313627835,-12.987605465891257,-0.05396975743167832,0.2545967769324678,Resorts & Casinos,Consumer Cyclical,MGM
2008Q3,2008,Q3,2008-11-10,2008-09-30,61278000.0,1785531000.0,241557000.0,0.22,792215000.0,0.4436859399248739,23390728000.0,5144460000.0,913212000.0,1172505000.0,18246268000.0,125423000.0,4513133000.0,7877884500.0,20916103500.0,18.61122868709233,0.7788555272685405,0.5681014289080699,2.5830322327319095,0.00842734804471044,18.61122868709233,0.011911454263421233,4.412068174677449,32.13993806912758,1.5313336093584167,0.0,7.919727641660621,0.0,0.07633499051419007,0.5322868559195909,0.0026197559990437237,159.45843453971338,0.4436859399248739,-0.45,0.3855424955773342,0.9258747056234318,1.0890837752252955,-0.0906915296569899,-0.45820107691355516,-0.2763074323514608,-0.328221821407213,0.009007560402897099,0.619888878388948,Resorts & Casinos,Consumer Cyclical,MGM
2008Q2,2008,Q2,2008-08-11,2008-06-30,113101000.0,1895719000.0,333784000.0,0.4,871228000.0,0.4595765511660747,23131111000.0,5086315000.0,941821000.0,1287261000.0,18044796000.0,125781000.0,4451855000.0,9403390520.0,22134208520.0,18.331176928510676,0.7316472727752957,0.5624811103971616,2.558003780733203,0.011379963851054262,18.331176928510676,0.02223633416333829,4.960329310409401,20.785383241527484,1.8487629098866272,0.0,8.145037803801847,0.0,0.08195538035332588,0.5033011953286862,0.0048895619410585164,62.754953651488556,0.4595765511660747,0.0,1.2645454202109372,1.0705186465955638,1.0356324858779014,0.00999178074886768,-0.04431919963496865,-0.021987295187642107,-0.16812617238822775,0.14708365919443858,0.6628310388971255,Resorts & Casinos,Consumer Cyclical,MGM
2008Q1,2008,Q1,2008-05-12,2008-03-31,118346000.0,1883633000.0,341288000.0,0.4,862609000.0,0.4579496112034563,22895879000.0,5095718000.0,1088555000.0,1267923000.0,17800161000.0,124190000.0,4338754000.0,16963888800.6,29413358800.6,17.653696648224184,0.8585339961496085,0.5580574128645596,2.507441542094755,0.012195341904674426,17.653696648224184,0.0232245975935089,9.005941603592632,35.835365793098205,3.3290478006435995,0.0,8.221467106852403,0.0,0.08226952107844386,0.566435816686029,0.005168877770536785,-45.52389805789549,0.4579496112034563,-0.8676243340200938,1.4117647094852712,0.9158090310235262,0.9963410340843666,-0.011386245278175083,-0.8643149421412938,-0.7702090814032484,0.0379746844574368,0.5240045003601919,0.6423347648907877,Resorts & Casinos,Consumer Cyclical,MGM
2007Q4,2007,Q4,2008-02-29,2007-12-31,872211000.0,1928716000.0,1485211000.0,3.021703400236093,872544000.0,0.452396309254447,22727686000.0,6060703000.0,1175386000.0,1724687000.0,16666983000.0,126116000.0,4220408000.0,24252270495.6,35015109495.6,20.99680795463608,0.6815068473293995,0.49170113490656286,1.8438832920867432,0.05627493457051755,20.99680795463608,0.14391251311935266,12.574308760646979,6.951377159769826,4.0015606268117745,0.0,8.37460750420248,0.0,0.08486196087010354,0.4781940143341951,0.03837658616015727,-176.416073786662,0.452396309254447,3.873715161671118,22.21904374732947,1.0933865464582737,1.3645166766739334,0.006097392234818785,3.743809249277995,2.1966625987649935,10.347130903880961,0.7680866078868408,1.1303025772011568,Resorts & Casinos,Consumer Cyclical,MGM
2007Q3,2007,Q3,2007-11-09,2007-09-30,183863000.0,1897070000.0,464613000.0,0.62,867256000.0,0.4571555082311143,24307211000.0,4581752000.0,1134499000.0,1705745000.0,19725459000.0,124562000.0,3348197000.0,26264122398.899998,40083894398.899994,16.197597115135945,0.665104690325928,0.5813656284960047,3.084273657762358,0.01609661633597441,16.197597115135945,0.04012940901209843,13.844572102716294,35.711538480961366,5.732331736615164,0.0,8.26748125431512,0.0,0.0780455643389116,0.4343873204963227,0.007564133951854863,-39.03356180914306,0.4571555082311143,-0.4918032786885246,1.9545454512395357,1.0967942651517442,0.8567767257623826,-0.03883852377258118,-0.48951334362471266,-0.009296910483119498,0.41304347816054465,0.7849062235852862,0.6978720501357895,Resorts & Casinos,Consumer Cyclical,MGM
2007Q2,2007,Q2,2007-08-09,2007-06-30,360172000.0,1936416000.0,468973000.0,1.22,902300000.0,0.4659639251070018,23498171000.0,4331094000.0,981930000.0,1825812000.0,19167077000.0,125485000.0,3164334000.0,23391328000.0,36657504000.0,15.271840620592384,0.537804549427871,0.5770995963898637,3.1310299430120887,0.01678964423253819,15.271840620592384,0.08315958970181668,12.07970188224018,16.236220472440944,5.400789731185701,0.0,8.240953101964378,0.0,0.08240709457770139,0.34390397258863453,0.015327661033703432,-29.606914891597253,0.4659639251070018,1.1403508771929827,2.96875,1.087695526875657,0.7880014839185804,-0.008886301475191951,1.141675536501103,0.05355702677626687,2.386666662624025,0.7777510150605476,0.6994868051440805,Resorts & Casinos,Consumer Cyclical,MGM
2007Q1,2007,Q1,2007-05-10,2007-03-31,168173000.0,1929435000.0,445133000.0,0.57,910390000.0,0.4718427933566044,22557769000.0,3931598000.0,1434819000.0,1634952000.0,18626171000.0,124500000.0,2804162000.0,19815910098.16,32742258098.16,13.793194034796286,0.8775909017512441,0.5869514401003042,3.367667548920312,0.01650968206986845,13.793194034796286,0.042774719083690654,10.270317527234656,29.457627113389186,5.040166898589327,0.0,8.185100401606425,0.0,0.08553305958581277,0.42041478893569967,0.007455214210235064,-61.42601658460375,0.4718427933566044,-0.19397026204166284,1.2692307724044125,1.0895271103659667,0.6537647726698084,0.2409016809059336,-0.1656885167013112,-0.06967416974940957,0.5945945966868444,0.8158167927474197,0.5112914362404996,Resorts & Casinos,Consumer Cyclical,MGM
