Quarters,Year,Quarter,FillingDate,Date,NetIncome,Revenue,OperatingIncome,EPSDiluted,GrossProfit,GrossProfitRatio,TotalAssets,CommonStockEquity,CurrentAssets,CurrentLiability,TotalLiability,Inventory,RetainedEarnings,MarketCap,EnterpriseValue,bookValuePerShare,currentRatio,debtToAssets,debtToEquity,roic,shareholdersEquityPerShare,roe,priceToSalesRatio,peRatio,pbRatio,payoutRatio,inventoryTurnover,dividendYield,assetTurnover,quickRatio,returnOnAssets,priceToFreeCashFlowsRatio,grossProfitMargin,epsdilutedGrowth,fiveYNetIncomeGrowthPerShare,fiveYRevenueGrowthPerShare,fiveYShareholdersEquityGrowthPerShare,grossProfitGrowth,netIncomeGrowth,operatingIncomeGrowth,threeYNetIncomeGrowthPerShare,threeYRevenueGrowthPerShare,threeYShareholdersEquityGrowthPerShare,Industry,Sector,Symbol
2023Q1,2023,Q1,2023-05-11,2023-03-31,4715000.0,5186301.0,4715000.0,0.41,5186301.0,1.0,6597502.0,6597502.0,1175012.0,0.0,0.0,0.0,0.0,136390000.0,135214988.0,0.5736958260869566,0.0,0.0,0.0,0.7146644290520867,0.5736958260869566,0.7146644290520867,26.298126545296928,7.2317073170731705,20.67297592331158,0.0,0.0,0.0,0.7861007090259313,0.0,0.7146644290520867,28.64462954674951,1.0,1.2662337662337662,0.8636363636363635,0.8873812630964503,-0.5975592609439601,-0.3677458656563541,-0.40145985401459855,-0.40145985401459855,1.157894736842105,1.137662680249201,-0.44819402888827786,Oil & Gas E&P,Energy,MVO
2022Q4,2022,Q4,2023-03-16,2022-12-31,7877500.0,8202874.0,7877500.0,-1.54,8202874.0,1.0,6883554.0,6883554.0,1036214.0,0.0,0.0,0.0,0.0,187794999.99999997,186758785.99999997,0.5985699130434783,0.0,0.0,0.0,1.1443943056159653,0.5985699130434783,1.1443943056159653,22.893805268738735,5.959854014598539,27.281691986436073,0.0,0.0,0.0,1.191662620791527,0.0,1.1443943056159653,0.019536599902356008,1.0,-3.2000000000000006,4.48,4.018635250412517,-0.5941825446745005,4.782552678953504,-0.02142857142857143,-0.02142857142857143,2.1860465116279073,1.8833337375616317,-0.44876824071521915,Oil & Gas E&P,Energy,MVO
2022Q3,2022,Q3,2022-11-10,2022-09-30,8050000.0,8674430.0,8050000.0,0.7,-2168608.0,-0.2500000576,7177416.0,7177416.0,888257.0,0.0,0.0,0.0,0.0,143290000.0,142401743.0,0.6241231304347826,0.0,0.0,0.0,1.121573557948989,0.6241231304347826,1.121573557948989,16.518664626955317,4.45,19.964009331492004,0.0,0.0,0.0,1.2085728345688755,0.0,1.121573557948989,-317.5908399788997,-0.25000005764067496,0.6279069767441859,2.111111111111111,2.0882837235151146,-0.5926742363084588,-0.6546037045712398,0.6470588235294118,0.6470588235294118,1.2950819672131146,1.3564808840847626,-0.44414319100934935,Oil & Gas E&P,Energy,MVO
2022Q2,2022,Q2,2022-08-09,2022-06-30,4887500.0,5242605.0,4887500.0,0.43,-1310651.0,-0.2499999523,7201818.0,7201818.0,461481.0,0.0,0.0,0.0,0.0,129375000.0,128913519.0,0.6262450434782608,0.0,0.0,0.0,0.6786480858027792,0.6262450434782608,0.6786480858027792,24.67761732955277,6.61764705882353,17.964214035955923,0.0,0.0,0.0,0.727955774500272,0.0,0.6786480858027792,26.784699461697414,-0.24999995231378294,0.04878048780487809,0.7,0.7037940629531579,-0.6071885761747797,-1.2577646463957128,0.036585365853658534,0.036585365853658534,0.9767441860465116,0.9793999281880161,-0.4647258263383104,Oil & Gas E&P,Energy,MVO
2022Q1,2022,Q1,2022-05-10,2022-03-31,4715000.0,5084681.0,4715000.0,0.41,5084681.0,1.0,7487964.0,7487964.0,335206.0,0.0,0.0,0.0,0.0,135412500.0,135077294.0,0.6511273043478261,0.0,0.0,0.0,0.6296771725932443,0.6511273043478261,0.6296771725932443,26.631464196082312,7.1798780487804885,18.08402123728159,,0.0,,0.6790472016158198,0.0,0.6296771725932443,0.0,1.0,0.10810810810810806,2.4166666666666665,2.182478558387593,-0.604380032845914,0.14163518459726376,0.1232876712328767,0.1232876712328767,0.3015873015873015,0.33126104381079263,-0.46397190993138554,Oil & Gas E&P,Energy,MVO
2021Q4,2021,Q4,2022-03-17,2021-12-31,4197500.0,4453858.0,4197500.0,0.37,4453858.0,1.0,7909468.0,7909468.0,297146.0,0.0,0.0,0.0,0.0,101545000.0,101247854.0,0.6877798260869565,0.0,0.0,0.0,0.5306930883341332,0.6877798260869565,0.5306930883341332,22.799334868781177,6.0479452054794525,12.838410876686018,,0.0,,0.5631046234715154,0.0,0.5306930883341332,0.0,1.0,0.23333333333333336,1.28125,1.1597939644102713,-0.5952337124728652,0.2116367628952023,0.21666666666666667,0.21666666666666667,-0.12048192771084336,-0.09954454182055496,-0.46217185261483995,Oil & Gas E&P,Energy,MVO
2021Q3,2021,Q3,2021-11-12,2021-09-30,3450000.0,3675902.0,3450000.0,0.3,3675902.0,1.0,8337997.0,8337997.0,252564.0,0.0,0.0,0.0,0.0,99705000.0,99452436.0,0.7250432173913044,0.0,0.0,0.0,0.41376843863100454,0.7250432173913044,0.41376843863100454,27.123954882366288,7.2250000000000005,11.95790787643603,0.0,0.0,0.0,0.4408615162610397,0.0,0.41376843863100454,0.0,1.0,0.42857142857142855,1.7272727272727273,1.5056521822113038,-0.5891286192469608,0.40174589894500173,0.42857142857142855,0.42857142857142855,-0.2857142857142857,-0.2735467731949004,-0.4543057471416324,Oil & Gas E&P,Energy,MVO
2021Q2,2021,Q2,2021-08-12,2021-06-30,2415000.0,2622374.0,2415000.0,0.21,2622374.0,1.0,8969666.0,8969666.0,207913.0,0.0,0.0,0.0,0.0,97520000.0,97312087.0,0.7799709565217391,0.0,0.0,0.0,0.26924079447328364,0.7799709565217391,0.26924079447328364,37.18767803524592,10.095238095238097,10.872199700635454,,0.0,,0.2923602729466181,0.0,0.26924079447328364,0.0,1.0,0.9090909090909091,6.0,3.5646355600889823,-0.5717977093236476,0.9765366850775428,0.9090909090909091,0.9090909090909091,-0.4246575342465754,-0.4035937110170916,-0.4338137742268241,Oil & Gas E&P,Energy,MVO
2021Q1,2021,Q1,2021-03-31,2021-03-31,1265000.0,1326752.0,1265000.0,0.11,1326752.0,1.0,9561402.0,9561402.0,160571.0,0.0,0.0,0.0,0.0,49910000.0,49749429.0,0.8314262608695652,0.0,0.0,0.0,0.13230277317071282,0.8314262608695652,0.13230277317071282,37.61818335303056,9.863636363636363,5.2199457778263065,,0.0,,0.13876124024489295,0.0,0.13230277317071282,0.0,1.0,0.15789473684210525,0.09999999999999995,-0.04894102332142908,-0.5550118332741655,0.16148235302357017,0.15789473684210525,0.15789473684210525,-0.5,-0.5171728625901695,-0.4167644530775591,Oil & Gas E&P,Energy,MVO
2020Q4,2020,Q4,2020-12-31,2020-12-31,1092500.0,1142292.0,1092500.0,0.095,1142292.0,1.0,10583308.0,10583308.0,504571.0,0.0,0.0,0.0,0.0,35880000.0,35375429.0,0.9202876521739131,0.0,0.0,0.0,0.10322859355505859,0.9202876521739131,0.10322859355505859,31.410532508325367,8.210526315789474,3.390244335702977,,0.0,,0.10793336072237528,0.0,0.10322859355505859,0.0,1.0,0.0,-0.5476190476190476,-0.5595632848334171,-0.5229915398027704,0.0,0.0,0.0,-0.24,-0.30112947029733556,-0.3760648755735771,Oil & Gas E&P,Energy,MVO
2020Q3,2020,Q3,2020-09-30,2020-09-30,0.0,0.0,0.0,0.0,0.0,1.0,11390839.0,11390839.0,675424.0,0.0,0.0,0.0,0.0,26219999.999999996,25544575.999999996,0.9905077391304348,0.0,0.0,0.0,,0.9905077391304348,0.0,0.0,0.0,2.3018497583891757,0.0,0.0,,0.0,0.0,0.0,0.0,0.0,-1.0,-1.0,-1.0,-0.50214161677195,-1.0,-1.0,-1.0,-1.0,-1.0,-0.353558133628817,Oil & Gas E&P,Energy,MVO
2020Q2,2020,Q2,2020-06-30,2020-06-30,2357500.0,3221996.0,2357500.0,0.205,3221996.0,1.0,11996089.0,11996089.0,826473.0,0.0,0.0,0.0,0.0,48185000.00000001,47358527.00000001,1.0431381739130434,0.0,0.0,0.0,0.19652238325340868,1.0431381739130434,0.19652238325340868,14.955015462464884,5.109756097560976,4.01672578454528,1.0000000000000002,0.0,0.04892601431980907,0.2685872037128101,0.0,0.19652238325340868,20.09894093159645,1.0,0.07894736842105256,-0.19607843137254907,0.023531078597245958,-0.48925232391448836,0.32802562078680053,0.07894736842105263,0.07894736842105263,-0.18000000000000005,0.04711639645916916,-0.3456928791557822,Oil & Gas E&P,Energy,MVO
2020Q1,2020,Q1,2020-03-31,2020-03-31,2185000.0,2426155.0,2185000.0,0.19,2426155.0,1.0,11956199.0,11956199.0,227733.0,0.0,0.0,0.0,0.0,27600000.0,27372267.0,1.0396694782608695,0.0,0.0,0.0,0.18275038747682268,1.0396694782608695,0.18275038747682268,11.37602502725506,3.1578947368421053,2.308425947075655,1.0,0.0,0.07916666666666668,0.20292025918939624,0.0,0.18275038747682268,16.690755377628342,1.0,-0.09523809523809519,-0.6885245901639344,-0.6637936207183022,-0.5025805389247964,-0.14719955907480228,-0.11627906976744186,-0.11627906976744186,0.5833333333333334,0.5185193066831233,-0.36830478142420076,Oil & Gas E&P,Energy,MVO
2019Q4,2019,Q4,2019-12-31,2019-12-31,2472500.0,2844927.0,2472500.0,0.21,2844927.0,1.0,12487586.0,12487586.0,201736.0,0.0,0.0,0.0,0.0,72105000.0,71903264.0,1.085877043478261,0.0,0.0,0.0,0.1979966344175728,1.085877043478261,0.1979966344175728,25.34511430346016,7.290697674418604,5.774134408363633,1.0,0.0,0.0342902711323764,0.22782041300856706,0.0,0.1979966344175728,35.21198980339301,1.0,-0.3114754098360656,-0.7597765363128492,-0.7285743289412449,-0.494914598584549,-0.22715197515956528,-0.29508196721311475,-0.29508196721311475,0.34374999999999994,0.379580616128269,-0.3609489506252728,Oil & Gas E&P,Energy,MVO
2019Q3,2019,Q3,2019-09-30,2019-09-30,3507500.0,3681095.0,3507500.0,0.305,3681095.0,1.0,12912347.0,12912347.0,71045.0,0.0,0.0,0.0,0.0,87285000.0,87213955.0,1.1228127826086955,0.0,0.0,0.0,0.2716392302654196,1.1228127826086955,0.2716392302654196,23.711694482212494,6.221311475409836,6.759809041686999,0.9999999999999999,0.0,0.04018445322793148,0.28508333922562645,0.0,0.2716392302654196,29.434477642139342,1.0,0.41860465116279066,-0.6139240506329114,-0.6027711205978847,-0.49152689676398964,0.3898356215380073,0.4186046511627907,0.4186046511627907,1.7727272727272727,1.5091919533429128,-0.3637184277408157,Oil & Gas E&P,Energy,MVO
2019Q2,2019,Q2,2019-06-30,2019-06-30,2472500.0,2648583.0,2472500.0,0.215,2648583.0,1.0,13454447.0,13454447.0,73032.0,0.0,0.0,0.0,0.0,92000000.0,91926968.0,1.1699519130434783,0.0,0.0,0.0,0.18376823662838018,1.1699519130434783,0.18376823662838018,34.73555482308842,9.30232558139535,6.8378878745443785,0.9999999999999998,0.0,0.026874999999999996,0.19685558239591713,0.0,0.18376823662838018,46.99632202697181,1.0,-0.3174603174603175,-0.7556818181818182,-0.7441973689420814,-0.4832321827418342,-0.3065532785243518,-0.31746031746031744,-0.31746031746031744,6.166666666666667,3.610256258507427,-0.357699046410025,Oil & Gas E&P,Energy,MVO
2019Q1,2019,Q1,2019-03-31,2019-03-31,3622500.0,3819447.0,3622500.0,0.315,3819447.0,1.0,13969350.0,13969350.0,61495.0,0.0,0.0,0.0,0.0,97060000.0,96998505.0,1.2147260869565217,0.0,0.0,0.0,0.2593177205811294,1.2147260869565217,0.2593177205811294,25.41205572429726,6.698412698412698,6.948068449856292,1.0,0.0,0.03732227488151659,0.27341622910156876,0.0,0.2593177205811294,33.63668498790521,1.0,-0.2317073170731707,-0.6204819277108433,-0.6116384013047585,-0.4739777051060879,-0.22780611811667395,-0.24096385542168675,-0.24096385542168675,2.15,1.737903809678099,-0.3498656947117653,Oil & Gas E&P,Energy,MVO
2018Q4,2018,Q4,2018-12-31,2018-12-31,4772500.0,4946228.0,4772500.0,0.41,4946228.0,1.0,14706311.0,14706311.0,255871.0,0.0,0.0,0.0,0.0,80500000.0,80244129.0,1.278809652173913,0.0,0.0,0.0,0.32452054087527454,1.278809652173913,0.32452054087527454,16.275028162874822,4.216867469879518,5.473840448498607,0.9999999999999998,0.0,0.059285714285714275,0.3363337005452965,0.0,0.32452054087527454,19.170318155839205,1.0,-0.023809523809523832,-0.5765306122448979,-0.5703002364803494,-0.46115102317400986,-0.02249752819478477,-0.011904761904761904,-0.011904761904761904,0.9761904761904762,0.9071309374354166,-0.33716048278179384,Oil & Gas E&P,Energy,MVO
2018Q3,2018,Q3,2018-09-30,2018-09-30,4830000.0,5060067.0,4830000.0,0.42,5060067.0,1.0,15279613.0,15279613.0,275210.0,0.0,0.0,0.0,0.0,137425000.0,137149790.0,1.328662,0.0,0.0,0.0,0.3161074825651671,1.328662,0.3161074825651671,27.158731297431437,7.113095238095238,8.994010515842252,0.9994824016563145,0.0,0.03512825177369474,0.331164604757987,0.0,0.3161074825651671,32.22217532802492,1.0,0.1506849315068493,-0.3913043478260869,-0.37996411191573115,-0.45157537348824517,0.15081059432212127,0.1506849315068493,0.1506849315068493,1.0999999999999999,1.0215661496826065,-0.3321753187337391,Oil & Gas E&P,Energy,MVO
2018Q2,2018,Q2,2018-06-30,2018-06-30,4197500.0,4396959.0,4197500.0,0.365,4396959.0,1.0,15842254.0,15842254.0,223406.0,0.0,0.0,0.0,0.0,117760000.0,117536594.0,1.3775873043478262,0.0,0.0,0.0,0.26495598416740446,1.3775873043478262,0.26495598416740446,26.78214647896421,7.013698630136987,7.433285692806087,1.0,0.0,0.03564453125,0.27754630117658763,0.0,0.26495598416740446,32.29813460170799,1.0,0.6590909090909091,-0.5804597701149425,-0.5680596749247905,-0.44509275212453875,0.6001265702093467,0.6590909090909091,0.6590909090909091,0.4313725490196078,0.3967814323226561,-0.3254973004571405,Oil & Gas E&P,Energy,MVO
2018Q1,2018,Q1,2018-03-31,2018-03-31,2530000.0,2747882.0,2530000.0,0.22,2747882.0,1.0,16393723.0,16393723.0,183359.0,0.0,0.0,0.0,0.0,90390000.0,90206641.0,1.4255411304347827,0.0,0.0,0.0,0.1543273605391527,1.4255411304347827,0.1543273605391527,32.89442559760572,8.931818181818182,5.513695699262455,1.0,0.0,0.027989821882951654,0.16761793523045376,0.0,0.1543273605391527,46.081375252991286,1.0,0.8333333333333334,-0.6764705882352942,-0.6575974696014366,-0.4398809646646862,0.6811933804144796,0.76,0.8303252336015882,-0.639344262295082,-0.6192100430873747,-0.31796410718187523,Oil & Gas E&P,Energy,MVO
2017Q4,2017,Q4,2017-12-31,2017-12-31,1437500.0,1634483.0,1382268.0,0.12,1634483.0,1.0,16962193.0,16962193.0,148887.0,0.0,0.0,0.0,0.0,96600000.0,96451113.0,1.4749733043478261,0.0,0.0,0.0,0.08149111379642951,1.4749733043478261,0.08474729653176331,59.10125709475106,16.8,5.695018326934495,1.0017391304347822,0.0,0.01490683229813664,0.09636035859278337,0.0,0.08474729653176331,123.84615384615381,1.0,-0.4666666666666667,-0.8333333333333334,-0.8156451398782377,-0.43589092352438114,-0.4180888836197704,-0.4444444444444444,-0.45676691212216364,-0.8603351955307262,-0.8440590408438856,-0.31393016550265584,Oil & Gas E&P,Energy,MVO
2017Q3,2017,Q3,2017-09-30,2017-09-30,2587500.0,2808819.0,2544521.0,0.225,2808819.0,1.0,17620825.0,17620825.0,204118.0,0.0,0.0,0.0,0.0,66125000.0,65920882.0,1.532245652173913,0.0,0.0,0.0,0.14440419219871942,1.532245652173913,0.1468432947946535,23.54192277964511,6.388888888888888,3.752661978085589,0.9971014492753624,0.0,0.03901701323251418,0.15940337640263721,0.0,0.1468432947946535,35.36096256684492,1.0,-0.09999999999999998,-0.7631578947368421,-0.7475711935097981,-0.425926499682955,-0.08716198605273028,-0.1,-0.1381837826120826,-0.7151898734177216,-0.6968988782377609,-0.306112547213247,Oil & Gas E&P,Energy,MVO
2017Q2,2017,Q2,2017-06-30,2017-06-30,2875000.0,3077018.0,2952510.0,0.25,3077018.0,1.0,18334034.0,18334034.0,247097.0,0.0,0.0,0.0,0.0,66814999.99999999,66567902.99999999,1.5942638260869566,0.0,0.0,0.0,0.16103984534991045,1.5942638260869566,0.15681218874144118,21.714205116772145,5.81,3.644315266351093,1.0,0.0,0.04302925989672978,0.16783093126149978,0.0,0.15681218874144118,29.2808091609075,1.0,1.0833333333333335,-0.7549019607843137,-0.7412379450763302,-0.4167022888872797,0.925891478496424,1.0833333333333333,1.0647803857367342,-0.7159090909090909,-0.7028187146815581,-0.2958135899812903,Oil & Gas E&P,Energy,MVO
2017Q1,2017,Q1,2017-03-31,2017-03-31,1380000.0,1597711.0,1429939.0,0.12,1597711.0,1.0,18927164.0,18927164.0,169587.0,0.0,0.0,0.0,0.0,70150000.0,69980413.0,1.645840347826087,0.0,0.0,0.0,0.0755495646363079,1.645840347826087,0.07291108166020012,43.906563827876255,12.708333333333334,3.7063133177268393,1.0,0.0,0.019672131147540985,0.08441365013797102,0.0,0.07291108166020012,91.53936192562801,1.0,-0.25000000000000006,-0.8554216867469879,-0.8345117441266937,-0.41364106227975134,-0.22522752753412914,-0.25,-0.18792685350824886,-0.8554216867469879,-0.8375446502561829,-0.28728894020742285,Oil & Gas E&P,Energy,MVO
2016Q4,2016,Q4,2016-12-31,2016-12-31,1840000.0,2062168.0,1760850.0,0.16,2062168.0,1.0,19540827.0,19540827.0,119648.0,0.0,0.0,0.0,0.0,71645000.0,71525352.0,1.699202347826087,0.0,0.0,0.0,0.090111334591929,1.699202347826087,0.09416182846304304,34.74256219667845,9.734375,3.6664261957797386,1.0,0.0,0.025682182985553772,0.10553125515107421,0.0,0.09416182846304304,65.88779073349771,1.0,0.4545454545454546,-0.827027027027027,-0.8084626778321413,-0.4112728937439245,0.40566199786782126,0.45454545454545453,0.42313334222362314,-0.836734693877551,-0.8208507367760259,-0.2840111544435798,Oil & Gas E&P,Energy,MVO
2016Q3,2016,Q3,2016-09-30,2016-09-30,1265000.0,1467044.0,1237305.0,0.11,1467044.0,1.0,20293448.0,20293448.0,198798.0,0.0,0.0,0.0,0.0,65780000.0,65581202.0,1.764647652173913,0.0,0.0,0.0,0.06097066402909944,1.764647652173913,0.06233539022052832,44.83846428600642,13.0,3.2414402914674727,1.0,0.0,0.019230769230769232,0.07229151004797213,0.0,0.06233539022052832,107.62698691885436,1.0,2.666666666666667,-0.8932038834951457,-0.8796986142958861,-0.40172540318153716,1.553610282368259,2.6666666666666665,2.586391304347826,-0.8405797101449275,-0.8202355958135142,-0.27161593424940034,Oil & Gas E&P,Energy,MVO
2016Q2,2016,Q2,2016-06-30,2016-06-30,345000.0,574498.0,345000.0,0.03,574498.0,1.0,20947263.0,20947263.0,226493.0,0.0,0.0,0.0,0.0,72565000.0,72338507.0,1.8215011304347826,0.0,0.0,0.0,0.016469932133854434,1.8215011304347826,0.016469932133854434,126.31027436126844,52.58333333333333,3.464175725487382,1.0,0.0,0.004754358161648178,0.027425921945029286,0.0,0.016469932133854434,-372.883533311066,1.0,-0.7000000000000001,-0.9634146341463414,-0.9406683115733135,-0.3932816818726185,-0.5881811521792425,-0.7,-0.7,-0.9655172413793103,-0.9435635281395488,-0.2662794030537904,Oil & Gas E&P,Energy,MVO
2016Q1,2016,Q1,2016-03-31,2016-03-31,1150000.0,1395026.0,1150000.0,0.1,1395026.0,1.0,21486868.0,21486868.0,113593.0,0.0,0.0,0.0,0.0,53935000.00000001,53821407.00000001,1.868423304347826,0.0,0.0,0.0,0.05352106225998131,1.868423304347826,0.05352106225998131,38.66236184845301,11.725,2.5101378199931235,1.0,0.0,0.021321961620469083,0.0649245855654719,0.0,0.05352106225998131,119.84676679265745,1.0,-0.5238095238095237,-0.8518518518518519,-0.8243288542853265,-0.39162708716978184,-0.46211593094237075,-0.5238095238095238,-0.5265629084681428,-0.8529411764705883,-0.8261714177057872,-0.2658651255399873,Oil & Gas E&P,Energy,MVO
2015Q4,2015,Q4,2015-12-31,2015-12-31,2415000.0,2593544.0,2429045.0,0.21,2593544.0,1.0,22186835.0,22186835.0,173840.0,0.0,0.0,0.0,0.0,56005000.0,55831160.0,1.92929,0.0,0.0,0.0,0.10948136586403603,1.92929,0.10884833280636919,21.594004188862808,5.797619047619048,2.524244670319133,1.0,0.0,0.043121149897330596,0.11689562751965299,0.0,0.10884833280636919,32.520244948489044,1.0,0.049999999999999906,1.6206488723336834,1.6653852626912358,-0.437344837244818,0.03615639044155454,0.05,0.05610652173913044,-0.7200000000000001,-0.7074717563048157,-0.2621357980205191,Oil & Gas E&P,Energy,MVO
2015Q3,2015,Q3,2015-09-30,2015-09-30,2300000.0,2503043.0,2300000.0,0.2,2503043.0,1.0,22879677.0,22879677.0,183949.0,0.0,0.0,0.0,0.0,66814999.99999999,66631050.99999999,1.9895371304347826,0.0,0.0,0.0,0.10052589466188705,1.9895371304347826,0.10052589466188705,26.693508661257514,7.262499999999999,2.9202772399278185,1.0,0.0,0.034423407917383825,0.10940027693572772,0.0,0.10052589466188705,39.480207307280274,1.0,-0.2156862745098039,-0.7927461139896372,-0.7787793567477325,-0.37968881085967665,-0.20485863372726515,-0.21568627450980393,-0.21568627450980393,-0.7894736842105263,-0.7750513090791344,-0.25459697480036325,Oil & Gas E&P,Energy,MVO
2015Q2,2015,Q2,2015-06-30,2015-06-30,2932500.0,3147922.0,2932500.0,0.255,3147922.0,1.0,23487310.0,23487310.0,176503.0,0.0,0.0,0.0,0.0,120635000.0,120458497.0,2.0423747826086958,0.0,0.0,0.0,0.12485465555655373,2.0423747826086958,0.12485465555655373,38.322105820919326,10.284313725490197,5.136177791326465,0.9991474850809887,0.0,0.0242881419156961,0.13402650197063862,0.0,0.12485465555655373,50.68697478991594,1.0,-0.5819672131147541,-0.5785123966942148,-0.5597596966797814,-0.37688539291610257,-0.5637741785330282,-0.5819672131147541,-0.5819672131147541,-0.75,-0.7352752679836685,-0.25275069506280473,Oil & Gas E&P,Energy,MVO
2015Q1,2015,Q1,2015-03-31,2015-03-31,7015000.0,7216267.0,7015000.0,0.61,7216267.0,1.0,24036452.0,24036452.0,104245.0,0.0,0.0,0.0,0.0,176295000.0,176190755.0,2.090126260869565,0.0,0.0,0.0,0.29184839759212383,2.090126260869565,0.29184839759212383,24.43022133188808,6.282786885245902,7.334485139487309,1.000712758374911,0.0,0.03981962052241981,0.30022180478217003,0.0,0.29184839759212383,27.850710900473935,1.0,-0.32222222222222224,0.06086956521739136,0.06292610845274853,-0.3766209502098445,-0.31151832260927953,-0.31843575418994413,-0.32112191498781845,-0.2650602409638554,-0.2525510309773818,-0.2553565625952337,Oil & Gas E&P,Energy,MVO
2014Q4,2014,Q4,2014-12-31,2014-12-31,10292500.0,10481422.0,10333225.0,0.9,10481422.0,1.0,24723712.0,24723712.0,159795.0,0.0,0.0,0.0,0.0,167555000.0,167395205.0,2.149888,0.0,0.0,0.0,0.4179479602415689,2.149888,0.41630075613241246,15.985903439437893,4.069832402234637,6.7770972255298885,0.9997571046878795,0.0,0.061412670466414014,0.4239420844248631,0.0,0.41630075613241246,17.417359667359673,1.0,0.1392405063291139,0.504201680672269,0.49781460199691047,-0.3730099764444885,0.13105570913021206,0.13291139240506328,0.13739405613648872,-0.03243243243243246,-0.026469471744648535,-0.2551226505577984,Oil & Gas E&P,Energy,MVO
2014Q3,2014,Q3,2014-09-30,2014-09-30,9085000.0,9266937.0,9085000.0,0.79,9266937.0,1.0,25394356.0,25394356.0,184356.0,0.0,0.0,0.0,0.0,300725000.0,300540644.0,2.2082048695652174,0.0,0.0,0.0,0.3577566605744993,2.2082048695652174,0.3577566605744993,32.45139143602681,8.275316455696201,11.842198321548299,0.9994496422674737,0.0,0.030193698561808955,0.36492112656843906,0.0,0.3577566605744993,35.630924170616105,1.0,-0.10227272727272724,0.7135285768848108,0.6919963300574685,-0.3704615966009468,-0.10499053023900885,-0.10227272727272728,-0.10227272727272728,-0.23300970873786406,-0.24008730322149568,-0.251344665659354,Oil & Gas E&P,Energy,MVO
2014Q2,2014,Q2,2014-06-30,2014-06-30,10120000.0,10354010.0,10120000.0,0.88,10354010.0,1.0,26035768.0,26035768.0,154645.0,0.0,0.0,0.0,0.0,331315000.0,331160355.0,2.2639798260869566,0.0,0.0,0.0,0.3886960430742815,2.2639798260869566,0.3886960430742815,31.99871354190309,8.18465909090909,12.725378410193239,1.0000000000000002,0.0,0.03054494967025339,0.3976840629398756,0.0,0.3886960430742815,34.51197916666667,1.0,0.06024096385542174,1.100223844015628,1.0428021283475908,-0.3659027662312109,0.05279635415978208,0.060240963855421686,0.060240963855421686,0.07317073170731714,0.06931772658354965,-0.24589778759570166,Oil & Gas E&P,Energy,MVO
2014Q1,2014,Q1,2014-03-31,2014-03-31,9545000.0,9834770.0,9545000.0,0.83,9834770.0,1.0,26556574.0,26556574.0,30496.0,0.0,0.0,0.0,0.0,289225000.0,289194504.0,2.3092673043478262,0.0,0.0,0.0,0.3594213621079285,2.3092673043478262,0.3594213621079285,29.408415245094698,7.575301204819277,10.890900309655905,1.000523834468308,0.0,0.03301927565044516,0.37033278464307934,0.0,0.3594213621079285,32.82917139614075,1.0,-0.15306122448979595,8.725465742314384,5.638660113578757,-0.3664139112991491,-0.14561189996293075,-0.15306122448979592,-0.15317799125125073,0.2296296296296295,0.23846101344369217,-0.248084910319585,Oil & Gas E&P,Energy,MVO
2013Q4,2013,Q4,2013-12-31,2013-12-31,11270000.0,11510893.0,11271554.0,0.98,11510893.0,1.0,27292083.0,27292083.0,119070.0,0.0,0.0,0.0,0.0,273240000.0,273120930.0,2.373224608695652,0.0,0.0,0.0,0.4129972050869111,2.373224608695652,0.4129402654975071,23.737515412574854,6.061224489795919,10.011694600225274,1.0,0.0,0.041245791245791245,0.42176674459036345,0.0,0.4129402654975071,25.536448598130843,1.0,0.42028985507246386,11269999.0,0.0,-0.3622552680727947,0.4104885891625534,0.42028985507246375,0.42048569628229365,3.896361404223856,3.9531708591085044,-0.3078764320240838,Oil & Gas E&P,Energy,MVO
2013Q3,2013,Q3,2013-09-30,2013-09-30,7935000.0,8160926.0,7935000.0,0.69,8160926.0,1.0,27860917.0,27860917.0,17662.0,0.0,0.0,0.0,0.0,336605000.0,336587338.0,2.4226884347826085,0.0,0.0,0.0,0.2848075675326839,2.4226884347826085,0.2848075675326839,41.24593214054386,10.605072463768117,12.081619567654576,0.999369880277253,0.0,0.023558770665914063,0.29291663300242415,0.0,0.2848075675326839,46.49240331491711,1.0,-0.20689655172413798,0.0643910294975148,0.038950890697454145,-0.36117187854685834,-0.19830204708419388,-0.20689655172413793,-0.20689655172413793,-0.2849740932642487,-0.2787318079417111,-0.24463800101680422,Oil & Gas E&P,Energy,MVO
2013Q2,2013,Q2,2013-06-30,2013-06-30,10005000.0,10179552.0,10005000.0,0.87,10179552.0,1.0,28549373.0,28549373.0,4777.0,0.0,0.0,0.0,0.0,365930000.0,365925223.0,2.4825541739130434,0.0,0.0,0.0,0.3504455246705418,2.4825541739130434,0.3504455246705418,35.9475544699806,9.14367816091954,12.817444362088093,1.0004997501249373,0.0,0.027354958598639078,0.35655956437291986,0.0,0.3504455246705418,39.389666307857915,1.0,0.27941176470588225,0.6675725394054642,0.6552843783385612,-0.3583022475828142,0.2684330561224089,0.27941176470588236,0.27941176470588236,0.4380165289256199,0.42362137948269935,-0.24258966482808675,Oil & Gas E&P,Energy,MVO
2013Q1,2013,Q1,2013-03-31,2013-03-31,7820000.0,8025297.0,7820000.0,0.68,8025297.0,1.0,29268284.0,29268284.0,25247.0,0.0,0.0,0.0,0.0,330970000.0,330944753.0,2.5450681739130436,0.0,0.0,0.0,0.26718341259774575,2.5450681739130436,0.26718341259774575,41.24084130468941,10.580882352941176,11.308145021416356,1.0,0.0,0.0236275191104934,0.2741977288453262,0.0,0.26718341259774575,47.14672364672364,1.0,-0.09333333333333327,0.06805723530243311,0.0916239158127265,-0.3541566012055229,-0.09481927565438197,-0.09333333333333334,-0.09333333333333334,0.18260869565217408,0.1820928617784677,-0.240934765708832,Oil & Gas E&P,Energy,MVO
2012Q4,2012,Q4,2012-12-31,2012-12-31,8625000.0,8865961.0,8625000.0,0.75,8865961.0,1.0,30068995.0,30068995.0,117516.0,0.0,0.0,0.0,0.0,273240000.0,273122484.0,2.6146952173913043,0.0,0.0,0.0,,2.6146952173913043,0.2868403150820305,30.818994128216897,7.920000000000001,9.087101181798728,1.000579710144927,0.0,0.03158395549699895,0.29485391846318776,0.0,0.2868403150820305,34.15499999999999,1.0,-0.21052631578947364,0.14708167128403055,0.11956914708432789,-0.349156755369371,-0.20321531803271145,-0.21052631578947367,-0.21052631578947367,0.26050420168067234,0.26696223532790975,-0.23745431578637716,Oil & Gas E&P,Energy,MVO
2012Q3,2012,Q3,2012-09-30,2012-09-30,10925000.0,11127173.0,10925000.0,0.95,11127173.0,1.0,30694371.0,30694371.0,12636.0,0.0,0.0,0.0,0.0,411470000.0,411457364.0,2.669075739130435,0.0,0.0,0.0,,2.669075739130435,0.35592845346138546,36.97884449176804,9.415789473684212,13.405389541945654,0.99954233409611,0.0,0.026538994337375756,0.3625151008958613,0.0,0.35592845346138546,40.419449901768175,1.0,-0.06862745098039222,0.44534766730147307,0.47209460313134405,-0.3499949175951585,-0.0642595685266787,-0.06862745098039216,-0.06862745098039216,1.060572339291861,1.0316460422591143,-0.23907165384787862,Oil & Gas E&P,Energy,MVO
2012Q2,2012,Q2,2012-06-30,2012-06-30,11730000.0,11891303.0,11730000.0,1.02,11891303.0,1.0,31431692.0,31431692.0,4504.0,0.0,0.0,0.0,0.0,387780000.0,387775496.0,2.733190608695652,0.0,0.0,0.0,,2.733190608695652,0.3731902183312308,32.61038760849,8.26470588235294,12.337229570714806,1.0,0.0,0.0302491103202847,0.3783220769661398,0.0,0.3731902183312308,35.60881542699725,1.0,0.22891566265060248,0.9124595681102178,0.9387584142922196,-0.3473393862841214,0.2316814452244584,0.2289156626506024,0.2289156626506024,1.434350364654478,1.3461034977970943,-0.23448584463217761,Oil & Gas E&P,Energy,MVO
2012Q1,2012,Q1,2012-03-31,2012-03-31,9545000.0,9654528.0,9545000.0,0.83,9654528.0,1.0,32279143.0,32279143.0,110895.0,0.0,0.0,0.0,0.0,475755000.0,475644105.0,2.806882,0.0,0.0,0.0,,2.806882,0.295701778699639,49.27791394877098,12.460843373493976,14.738774198559113,1.000523834468308,0.0,0.020073357085054283,0.2990949295029301,0.0,0.295701778699639,55.128041714947855,1.0,-0.10752688172043019,-0.18000395178818418,-0.19342605502398155,-0.34286718972949887,-0.10327265289995183,-0.10270270270270271,-0.11793002897939468,8.725465742314384,5.516993274782155,-0.2298850009799664,Oil & Gas E&P,Energy,MVO
2011Q4,2011,Q4,2011-12-31,2011-12-31,10637500.0,10766403.0,10821137.0,0.93,10766403.0,1.0,33191655.0,33191655.0,275216.0,0.0,0.0,0.0,0.0,455860000.0,455584784.0,2.8862308695652175,0.0,0.0,0.0,,2.8862308695652175,0.32048718269697607,42.34097497557912,10.713513513513513,13.73417505092771,1.000235017626322,0.0,0.023340499276093538,0.32437077934197617,0.0,0.32048718269697607,46.0,1.0,-0.09708737864077667,0.4147340612503044,0.3595517309264216,-0.28156679546953794,-0.11712723002927738,-0.10194174757281553,-0.08643841283241874,10637499.0,0.0,-0.2243976716546229,Oil & Gas E&P,Energy,MVO
2011Q3,2011,Q3,2011-09-30,2011-09-30,11845000.0,12194739.0,11845000.0,1.03,12194739.0,1.0,33919956.0,33919956.0,250776.0,0.0,0.0,0.0,0.0,426880000.0,426629224.0,2.9495613913043477,0.0,0.0,0.0,,2.9495613913043477,0.34920446241144887,35.005259235150504,9.009708737864077,12.584921985158235,1.0004221190375684,0.0,0.027759557721139427,0.35951517743714057,0.0,0.34920446241144887,37.97864768683274,1.0,0.2560975609756099,0.5670611550742288,0.6133306697483111,-0.2816877141757166,0.2594203196403857,0.25609756097560976,0.2585467222587668,0.5888735657716527,0.552487419426788,-0.2222430521129932,Oil & Gas E&P,Energy,MVO
2011Q2,2011,Q2,2011-06-30,2011-06-30,9430000.0,9682819.0,9411649.0,0.82,9682819.0,1.0,34525516.0,34525516.0,58740.0,0.0,0.0,0.0,0.0,481160000.00000006,481101260.00000006,3.0022187826086957,0.0,0.0,0.0,,3.0022187826086957,0.27313132698726356,49.69214027443868,12.756097560975611,13.936359416033058,1.0000000000000002,0.0,0.019598470363288722,0.280453998138652,0.0,0.27313132698726356,55.689814814814824,1.0,0.21481481481481465,0.5374674959317436,0.5786871136256958,-0.28309794899309315,0.2193263118234426,0.21481481481481482,0.21471791731866188,0.5717350371407823,0.5745112387047887,-0.2239778429374408,Oil & Gas E&P,Energy,MVO
2011Q1,2011,Q1,2011-03-31,2011-03-31,7762500.0,7941122.0,7748012.0,0.675,7941122.0,1.0,35318581.0,35318581.0,77091.0,0.0,0.0,0.0,0.0,448293000.0,448215909.0,3.071180956521739,0.0,0.0,0.0,,3.071180956521739,0.21978516067788795,56.45209833068929,14.437777777777777,12.692837234882115,0.9996779388083736,0.0,0.017310107452045875,0.2248426118818307,0.0,0.21978516067788795,64.40991379310344,1.0,2.9949166568152266,-0.3331357439241256,-0.3365701462489052,-0.28099087428385794,3.0373302122628925,2.9949428039296966,2.905041640142912,0.060203873278150515,0.08017419088497166,-0.2206487953431762,Oil & Gas E&P,Energy,MVO
2010Q4,2010,Q4,2010-12-31,2010-12-31,-3891089.0,-3897808.0,-4067109.0,-0.33836,-3897808.0,1.0,39432385.0,39432385.0,66965.0,0.0,0.0,0.0,0.0,458505000.0,458438035.0,3.428903043478261,0.0,0.0,0.0,,3.428903043478261,-0.0986774956675839,-117.6314995505166,-29.45865540469519,11.627625364278623,-1.801552213274998,0.0,0.01528881909684736,-0.09884788860729575,0.0,-0.0986774956675839,73.3608,1.0,-1.3506321243523318,-1.517495289650424,-1.4922044635723604,-0.1464862261966472,-1.344490922862226,-1.3506275287226852,-1.365269799346789,-1.517495289650424,-1.4922044635723604,-0.1464862261966472,Oil & Gas E&P,Energy,MVO
2010Q3,2010,Q3,2010-09-30,2010-09-30,11097500.0,11314690.0,11134534.0,0.965,11314690.0,1.0,36884192.0,36884192.0,37704.0,0.0,0.0,0.0,0.0,344770000.0,344732296.0,3.207321043478261,0.0,0.0,0.0,,3.207321043478261,0.3008741522655559,30.471007159718916,7.766839378238342,9.347364854840794,1.000225275963055,0.0,0.032195376627896864,0.3067625827346306,0.0,0.3008741522655559,33.50534499514091,1.0,0.5950413223140496,0.46816894625886474,0.4969025901820873,-0.2189150166851116,0.5823716590100529,0.5950413223140496,0.6076488303305788,0.46816894625886474,0.4969025901820873,-0.2189150166851116,Oil & Gas E&P,Energy,MVO
2010Q2,2010,Q2,2010-06-30,2010-06-30,6957500.0,7150463.0,6925974.0,0.605,7150463.0,1.0,37693403.0,37693403.0,670.0,0.0,0.0,0.0,0.0,296470000.0,296469330.0,3.2776872173913043,0.0,0.0,0.0,,3.2776872173913043,0.18458137090991758,41.46165080498983,10.652892561983473,7.865302052987893,1.0003593244699964,0.0,0.023476237056025903,0.18970064867849687,0.0,0.18458137090991758,48.68144499178982,1.0,0.052173913043478314,0.13435101833988403,0.16581171191543828,-0.21731863702978707,0.05323345300629336,0.05217391304347826,0.05294272447444263,0.13435101833988403,0.16581171191543828,-0.21731863702978707,Oil & Gas E&P,Energy,MVO
2010Q1,2010,Q1,2010-03-31,2010-03-31,6612500.0,6789058.0,6577731.0,0.575,6789058.0,1.0,38558325.0,38558325.0,32196.0,0.0,0.0,0.0,0.0,290490000.0,290457804.0,3.3528978260869566,0.0,0.0,0.0,,3.3528978260869566,0.17149344531952568,42.78796852228984,10.982608695652175,7.533781615254293,0.9996219281663516,0.0,0.02275465592619367,0.17607243053218727,0.0,0.17149344531952568,50.60801393728223,1.0,-0.025423728813559344,-0.4319304485279589,-0.43281771063991964,-0.21503676641683697,-0.029831047141891536,-0.03361344537815126,-0.029869100716182925,-0.4319304485279589,-0.43281771063991964,-0.21503676641683697,Oil & Gas E&P,Energy,MVO
2009Q4,2009,Q4,2009-12-31,2009-12-31,6842500.0,6997810.0,6780251.0,0.59,6997810.0,1.0,39432385.0,39432385.0,66965.0,0.0,0.0,0.0,0.0,232300000.0,232233035.0,3.428903043478261,0.0,0.0,0.0,,3.428903043478261,0.1735248831639273,33.196099922690095,8.487394957983193,5.891096873800557,0.9996346364632812,0.0,0.029444683598794673,0.17746352395372483,0.0,0.1735248831639273,39.173693086003375,1.0,0.2798264642082428,-0.08998187411466915,-0.11633581817490733,-0.1464862261966472,0.27768957946292855,0.2905689914512182,0.2534991761043834,-0.08998187411466915,-0.11633581817490733,-0.1464862261966472,Oil & Gas E&P,Energy,MVO
2009Q3,2009,Q3,2009-09-30,2009-09-30,5301925.0,5476925.0,5409059.0,0.461,5476925.0,1.0,40338057.0,40338057.0,129214.0,0.0,0.0,0.0,0.0,193200000.0,193070786.0,3.5076571304347826,0.0,0.0,0.0,,3.5076571304347826,0.1314372925795608,35.27526851289729,9.10989876318507,4.78952171642774,0.9996369243246557,0.0,0.02743271221532091,0.1357756274676294,0.0,0.1314372925795608,42.09150326797385,1.0,0.10023866348448697,-0.2985698003700354,-0.2754177782393482,-0.14577359919393063,0.08057400435194957,0.10031910120381012,0.11911480618876771,-0.2985698003700354,-0.2754177782393482,-0.14577359919393063,Oil & Gas E&P,Energy,MVO
2009Q2,2009,Q2,2009-06-30,2009-06-30,4818534.0,5068533.0,4833337.0,0.419,5068533.0,1.0,41059583.0,41059583.0,22080.0,0.0,0.0,0.0,0.0,166085300.0,166063220.0,3.5703985217391305,0.0,0.0,0.0,,3.5703985217391305,0.117354674546987,32.76792318408502,8.61700363637571,4.0449826292683,1.0003042419125816,0.0,0.02902123186097746,0.12344336278329958,0.0,0.117354674546987,41.940732323232325,1.0,3.9120750293083235,-0.21438606542502983,-0.17362622061957486,-0.14742188744729187,2.421357882437279,3.909637228410383,2.9582184427179348,-0.21438606542502983,-0.17362622061957486,-0.14742188744729187,Oil & Gas E&P,Energy,MVO
2009Q1,2009,Q1,2009-03-31,2009-03-31,981444.0,1481439.0,1221089.0,0.0853,1481439.0,1.0,41914705.0,41914705.0,7277.0,0.0,0.0,0.0,0.0,131100000.0,131092723.0,3.6447569565217393,0.0,0.0,0.0,,3.6447569565217393,0.023415266790020352,88.49503759520304,33.394671524814456,3.127780572474505,0.9985286985299212,0.0,0.007475209763539283,0.03534413519074034,0.0,0.023415266790020352,1311.0,1.0,980949.0,-0.9156856782041699,-0.8762352651034491,-0.14670820448024205,0.0,981443.0,10.084807678000148,-0.9156856782041699,-0.8762352651034491,-0.14670820448024205,Oil & Gas E&P,Energy,MVO
2008Q4,2008,Q4,2008-12-31,2008-12-31,1.0,0.0,-134410.0,8.695652173913044e-08,0.0,1.0,42794682.0,42794682.0,17632.0,0.0,0.0,0.0,0.0,90275000.0,90257368.0,3.721276695652174,0.0,0.0,0.0,,3.721276695652174,2.3367389434042296e-08,0.0,22568750.0,2.109491081158168,1.0,0.0,1.1077263915812795e-08,0.0,0.0,2.3367389434042296e-08,-24.906856220878772,0.0,-0.9999998658699341,-0.9999998670050236,-1.0,-0.07370932464433957,-1.0,-0.9999998658612439,-1.017329865039534,-0.9999998670050236,-1.0,-0.07370932464433957,Oil & Gas E&P,Energy,MVO
2008Q3,2008,Q3,2008-09-30,2008-09-30,7454967.0,7854968.0,7755975.0,0.6483,7854968.0,1.0,43612540.0,43612540.0,2043.0,0.0,0.0,0.0,0.0,168705000.0,168702957.0,3.7923947826086954,0.0,0.0,0.0,,3.7923947826086954,0.17093631785720345,21.47749042389479,5.65746971113353,3.868268163239289,0.9999998658612439,0.0,0.04418936012566314,0.1801080148049162,0.0,0.17093631785720345,22.62682246477791,1.0,0.24266820011500848,-0.013728223042612241,0.0391908169819422,-0.07643089814140698,0.27728664510474443,0.2425485508619625,0.348962108060979,-0.013728223042612241,0.0391908169819422,-0.07643089814140698,Oil & Gas E&P,Energy,MVO
2008Q2,2008,Q2,2008-06-30,2008-06-30,5999739.0,6149730.0,5749587.0,0.5217,6149730.0,1.0,44490374.0,44490374.0,1035.0,0.0,0.0,0.0,0.0,330625000.0,330623965.0,3.8687281739130435,0.0,0.0,0.0,,3.8687281739130435,0.13485476656141393,53.76252290750976,13.776640950548016,7.431382797546274,1.0,0.0,0.018146658601134215,0.1382260800954382,0.0,0.13485476656141393,48.05602216630807,1.0,-0.1806188157688079,-0.021802365156519274,0.00265217219049019,-0.07618352841810211,-0.16349608696214007,-0.18055439272683071,-0.20144380996719713,-0.021802365156519274,0.00265217219049019,-0.07618352841810211,Oil & Gas E&P,Energy,MVO
2008Q1,2008,Q1,2008-03-31,2008-03-31,7321705.0,7351705.0,7199978.0,0.6367,7351705.0,1.0,45317927.0,45317927.0,1186.0,0.0,0.0,0.0,0.0,249550000.0,249548814.0,3.940689304347826,0.0,0.0,0.0,,3.940689304347826,0.1615631050378805,33.944506750474886,8.520897796346617,5.50665082275277,1.0,0.0,0.02933963133640553,0.1622250947180351,0.0,0.1615631050378805,38.75255742809114,1.0,-0.020461538461538427,-0.37100375419877496,-0.38581215941888414,-0.07742604178978915,-0.07164693184804352,-0.026250016458128328,-0.07552852324218273,-0.37100375419877496,-0.38581215941888414,-0.07742604178978915,Oil & Gas E&P,Energy,MVO
2007Q4,2007,Q4,2007-12-31,2007-12-31,7519081.0,7919083.0,7788210.0,0.65,7919083.0,1.0,46200057.0,46200057.0,2913.0,0.0,0.0,0.0,0.0,283360000.0,283357087.0,4.017396260869565,0.0,0.0,0.0,,4.017396260869565,0.16275047019963634,35.78192070975894,9.421364126812838,6.133325766243103,3.3638211903821755,0.0,0.08926046019198193,0.1714085114656893,0.0,0.16275047019963634,12.8532378061733,1.0,-0.01110603986003343,0.0,0.0,0.0,0.04767305640427929,-0.005246115917544404,0.09035461189504486,0.0,0.0,0.0,Oil & Gas E&P,Energy,MVO
2007Q3,2007,Q3,2007-09-30,2007-09-30,7558735.0,7558735.0,7142823.0,0.6573,7558735.0,1.0,47221740.0,47221740.0,103784.0,0.0,0.0,0.0,0.0,286350000.0,286246216.0,4.106238260869565,0.0,0.0,0.0,,4.106238260869565,0.16006896399836176,37.88332306927019,9.470830767317548,6.063944276513317,1.351420310409083,0.0,0.035673225074209884,0.16006896399836176,0.0,0.16006896399836176,-4.827946552178494,1.0,0.2325145321582599,0.0,0.0,0.0,0.23237639160780785,0.23237639160780785,0.19274287396538306,0.0,0.0,0.0,Oil & Gas E&P,Energy,MVO
2007Q2,2007,Q2,2007-06-30,2007-06-30,6133463.0,6133463.0,5988569.0,0.5333,6133463.0,1.0,48159321.0,48159321.0,119696.0,0.0,0.0,0.0,0.0,286350000.0,286230304.0,4.187767043478261,0.0,0.0,0.0,,4.187767043478261,0.12735775489857923,46.686512986220016,11.671628246555004,5.945889477968345,1.0,0.0,0.021419462196612536,0.12735775489857923,0.0,0.12735775489857923,55.36973291427524,1.0,-0.47312784034775734,0.0,0.0,0.0,-0.48758847161928115,-0.4730837693186602,-0.48553138664811046,0.0,0.0,0.0,Oil & Gas E&P,Energy,MVO
2007Q1,2007,Q1,2007-03-31,2007-03-31,11640300.0,11969799.0,11640300.0,1.0122,11969799.0,1.0,49121186.0,49121186.0,264590.0,0.0,0.0,0.0,0.0,274160000.0,273895410.0,4.27140747826087,0.0,0.0,0.0,,4.27140747826087,0.23697106987604086,22.904311091606466,5.888164394388461,5.5812984645769745,1.0,0.0,0.042458053691275165,0.24367894944556104,0.0,0.23697106987604086,4.512142973971604,1.0,0.0,0.0,0.0,0.0,0.0,0.0,0.0,0.0,0.0,0.0,Oil & Gas E&P,Energy,MVO
