Quarters,Year,Quarter,FillingDate,Date,NetIncome,Revenue,OperatingIncome,EPSDiluted,GrossProfit,GrossProfitRatio,TotalAssets,CommonStockEquity,CurrentAssets,CurrentLiability,TotalLiability,Inventory,RetainedEarnings,MarketCap,EnterpriseValue,bookValuePerShare,currentRatio,debtToAssets,debtToEquity,roic,shareholdersEquityPerShare,roe,priceToSalesRatio,peRatio,pbRatio,payoutRatio,inventoryTurnover,dividendYield,assetTurnover,quickRatio,returnOnAssets,priceToFreeCashFlowsRatio,grossProfitMargin,epsdilutedGrowth,fiveYNetIncomeGrowthPerShare,fiveYRevenueGrowthPerShare,fiveYShareholdersEquityGrowthPerShare,grossProfitGrowth,netIncomeGrowth,operatingIncomeGrowth,threeYNetIncomeGrowthPerShare,threeYRevenueGrowthPerShare,threeYShareholdersEquityGrowthPerShare,Industry,Sector,Symbol
2024Q1,2024,Q1,2023-06-07,2023-04-29,-206073000.0,1123577000.0,-261179000.0,-7.1,392469000.0,0.349303163,3587970000.0,551359000.0,1227863000.0,833932000.0,3036611000.0,1087656000.0,3025004000.0,260871820.0,2475053820.0,19.000585843269693,1.472377843757045,0.63141609322263,4.108941723994711,-0.043464884208734886,19.000585843269693,-0.3737546680112232,0.2321797438003804,-0.3164798639317135,0.4731433059041387,-0.04652234887636905,0.6721867943540972,0.03674984902547159,0.3131511690454491,0.06153978981499691,-0.057434426709253424,-1.404053950774762,0.349303163023095,-15.511627906976745,-10.5735426062751,0.2859915456680926,0.1611634561836344,-0.30028828616814734,-15.534782957554361,-31.440566389268415,-6.633818896625908,0.05275752124175883,-0.15890240158326494,Discount Stores,Consumer Defensive,BIG
2023Q4,2023,Q4,2023-03-28,2023-01-28,-12463000.0,1543113000.0,-8051000.0,-0.43,560901000.0,0.3634866662,3690931000.0,763907000.0,1285314000.0,919854000.0,2927024000.0,1147949000.0,3240193000.0,488215020.0,2511214020.0,26.38073695479504,1.3973021805634371,0.5602188174203202,2.706781061045389,-0.0014151231101918675,26.38073695479504,-0.0163148131906109,0.31638319423140104,-9.793288534060821,0.6391026918198157,-0.7007943512797882,0.8556233769967133,0.017889658536109767,0.41808232123548233,0.04862728215564644,-0.0033766548331572712,4.754029115341545,0.3634866662389598,0.8792134831460674,-1.1719402925878681,0.35906102697340786,0.6499312295383671,0.36985541933277977,0.8790152699173891,0.9384531881875378,-1.1791881713248273,0.29452244953207735,0.21805875649860187,Discount Stores,Consumer Defensive,BIG
2023Q3,2023,Q3,2022-12-07,2022-10-29,-103013000.0,1204281000.0,-130811000.0,-3.56,409460000.0,0.3400037035,4035412000.0,782230000.0,1529999000.0,1022922000.0,3253182000.0,1345280000.0,3261778000.0,524157730.0,2743365730.0,27.02656946411913,1.495714238231263,0.5653316191754398,2.9164644669726294,-0.020134152783759327,27.02656946411913,-0.1316914462498242,0.4352453704741667,-1.2720669478609494,0.6700813443616327,-0.08510576335025677,0.5908219850142721,0.016725881348730657,0.2984282645737288,0.06074558959529661,-0.025527257192078528,-2.8861245065055914,0.3400037034545924,-0.22336769759450167,-35.164593845195114,0.5719797978349518,1.0051197189509808,-0.06632797322071929,-0.2241592394533571,-0.1990778510078557,-2.093604279602499,0.3899519358061161,0.38326441353222007,Discount Stores,Consumer Defensive,BIG
2023Q2,2023,Q2,2022-09-07,2022-07-30,-84150000.0,1346221000.0,-109093000.0,-2.91,438548000.0,0.3257622634,3831360000.0,890727000.0,1319078000.0,919804000.0,2940633000.0,1159008000.0,3373987000.0,583874610.0,2593788610.0,30.80075382966216,1.4340859574431075,0.5374222208302013,2.311660026023686,-0.01712020417179384,30.80075382966216,-0.0944733908369231,0.4337137884492962,-1.7346245098039217,0.6555034370800481,-0.10446821152703506,0.7831464493773986,0.015056314916656505,0.35136896558924247,0.05342877395619067,-0.021963480330744176,38.43050154676496,0.3257622634025171,-6.461538461538462,-5.310417615856946,0.6441833557680452,1.2713882790933515,-0.13088938830029687,-6.593394694098538,-7.726741860651148,-19.36908619783743,0.44960534942537506,0.863691637884244,Discount Stores,Consumer Defensive,BIG
2023Q1,2023,Q1,2022-06-08,2022-04-30,-11082000.0,1374714000.0,-12501000.0,-0.39,504594000.0,0.3670538017,4051757000.0,980328000.0,1525806000.0,1002401000.0,3071429000.0,1338737000.0,3467205000.0,884388900.0,2905096900.0,34.2520526885853,1.5221513146934211,0.5139535761892927,2.124202307799022,-0.0018635762065440497,34.2520526885853,-0.011304379758611403,0.6433257390264447,-19.95102192744992,0.9021357137611086,-0.9659808698790832,0.6499558912616892,0.012104403390861194,0.33928836304842563,0.06155919636951679,-0.0027351097314078808,-3.685352996574629,0.36705380173621566,-1.2392638036809818,-1.333446572502966,0.6430857580578988,1.323663696283608,-0.21899387384263916,-1.2223604478510373,-1.1852603811612674,-1.9947057261057473,0.47980062759989867,1.1091239620405358,Discount Stores,Consumer Defensive,BIG
2022Q4,2022,Q4,2022-03-29,2022-01-29,49838000.0,1732021000.0,67478000.0,1.63,646082000.0,0.3730220361,3927253000.0,1007363000.0,1410968000.0,1124587000.0,2919890000.0,1237797000.0,3487268000.0,1190518200.0,2953153200.0,33.73620227729404,1.2546543753395691,0.46250063339438535,1.8030809152212262,0.011061318584959163,33.73620227729404,0.04947372496309672,0.6873578322664678,5.971940085878245,1.18181648521933,0.18257153176291183,0.8773159088283459,0.0076428902976871755,0.4410260810800832,0.047770425943035086,0.012690295226714448,14.891156751888728,0.3730220361069525,12.642857142857142,-0.18044363858385326,0.6246130886764225,1.2934478319889842,0.24442535454879896,12.509930715935335,18.563248308172827,-0.3814359204685123,0.45299279440837786,0.9492335197913041,Discount Stores,Consumer Defensive,BIG
2022Q3,2022,Q3,2021-12-08,2021-10-30,-4330000.0,1335656000.0,-3842000.0,-0.14,519181000.0,0.3887086196,4032323000.0,1049840000.0,1496780000.0,1179691000.0,2982483000.0,1277225000.0,3446916000.0,1401795750.0,3145881750.0,33.139934972694846,1.2687898780273819,0.4500338886542571,1.7285319667758896,-0.0005803584134671247,33.139934972694846,-0.004124438009601463,1.0495185511838379,-80.93508949191686,1.3352470376438315,-2.284064665127021,0.6392569829121729,0.0070552361141057824,0.33123735375365515,0.059842789340598515,-0.001073822707159124,-12.507881023975445,0.3887086195846835,-1.128440366972477,-5.387086862252669,0.6843930044519826,1.6851813568207457,-0.10144739415400218,-1.114832789667701,-1.0713463324048282,0.16561704496029334,0.46804423909195697,1.2375936132049905,Discount Stores,Consumer Defensive,BIG
2022Q2,2022,Q2,2021-09-08,2021-07-31,37707000.0,1457374000.0,53850000.0,1.09,577797000.0,0.39646446279403913,3822725000.0,1153369000.0,1379164000.0,959613000.0,2669356000.0,943776000.0,3461455000.0,1958970440.0,3376726440.0,33.91862722032702,1.4372085413599023,0.4476068772930305,1.4835477631183083,0.008630306858407736,33.91862722032702,0.03269291961202356,1.3441782548611407,12.988108574004826,1.698476758088695,0.27061288354947355,0.9319764435628793,0.0052088585879835935,0.38123956078451887,0.30566697199808673,0.009863905983297255,-18.299583745913125,0.39646446279403913,-0.583969465648855,1.1676130888823713,0.5816921604564359,1.7710403457546493,-0.11644674568428329,-0.6012499603438978,-0.5605946863372283,0.8843113686382671,0.4399229974837974,1.2992822688412196,Discount Stores,Consumer Defensive,BIG
2022Q1,2022,Q1,2021-06-09,2021-05-01,94563000.0,1625552000.0,122552000.0,2.62,653947000.0,0.40229226748821323,4037536000.0,1268502000.0,1628812000.0,1049919000.0,2769034000.0,901482000.0,3434359000.0,2436960060.0,3555772060.0,35.885088687091574,1.5513692008621618,0.4290094255506329,1.3655011974754474,0.020447761209409346,35.885088687091574,0.07454698534176532,1.4991584766282469,6.44268915960788,1.9211322173713559,0.1317640091790658,1.0777863562444951,0.005112927456020761,0.4026099086175331,0.5841679215253748,0.023420967639669343,14.157425130567642,0.40229226748821323,0.01158301158301168,2.3537498898207314,0.6979964742575835,1.8048373392668944,-0.04557389155731472,-0.03493356193741963,-0.06427426128120944,2.6063109164778204,0.5273074976102747,1.1930088866243624,Discount Stores,Consumer Defensive,BIG
2021Q4,2021,Q4,2021-03-30,2021-01-31,97986000.0,1737915000.0,130970000.0,2.59,685173000.0,0.394250006473274,4037257000.0,1277731000.0,1585789000.0,1000624000.0,2759526000.0,940294000.0,3351002000.0,2031725850.0,3218373850.0,34.99769919745816,1.5848000847471178,0.4325223784366465,1.3666444658539239,0.02092678952434912,34.99769919745816,0.07668750308163455,1.169059390131278,5.183714637805401,1.5901045290440632,0.11367950523544179,1.1195881288192842,0.005482531021594276,0.4304692517716856,0.5592070547978062,0.024270439062957845,20.374510875560325,0.394250006473274,2.407894736842105,0.3938423749335631,0.47540375010637903,1.3848002614959831,0.22814410648636926,2.2760280842527583,2.0816470588235294,0.07219239916989086,0.21401314401345317,1.1888621597957438,Discount Stores,Consumer Defensive,BIG
2021Q3,2021,Q3,2020-12-09,2020-10-31,29910000.0,1377925000.0,42500000.0,0.76,557893000.0,0.40487907542137636,4204396000.0,1256302000.0,1721713000.0,1152978000.0,2948094000.0,1089068000.0,3264765000.0,1811370400.0,3009571400.0,33.01366479213749,1.493274806631176,0.41528723745337026,1.389818690092032,0.006846303488885048,33.01366479213749,0.023807969739760026,1.3145638550719378,15.140173854898029,1.4418272039684725,0.38582413908391844,0.7529667568967227,0.006370867051818887,0.32773435233027526,0.4751443652871087,0.007113982602970795,-7.722023088859711,0.40487907542137636,-0.9326837909654562,26.56911778585199,0.5910273237660232,1.5413816293637395,-0.18384672100929833,-0.9338233341888436,-0.9301725313525334,6.544732924190985,0.36800579278357404,1.4493064263089646,Discount Stores,Consumer Defensive,BIG
2021Q2,2021,Q2,2020-09-09,2020-08-01,451972000.0,1644197000.0,608643000.0,11.29,683564000.0,0.41574336895153075,4169490000.0,1328160000.0,1696020000.0,1076690000.0,2841330000.0,713504000.0,3246848000.0,1543662260.0000002,2366571260.0,33.847957389332045,1.5752166361719715,0.41287279739248683,1.296130737260571,0.09578169618713821,33.847957389332045,0.3402993615227081,0.9388548087607508,0.8538483910507731,1.1622562492470787,0.026123299673431098,1.3463596560075346,0.007648693827625221,0.39434007516506814,0.8345577650019969,0.10839982827635994,5.47807849135346,0.41574336895153075,7.96031746031746,32.198782980243124,0.7607265772678924,1.6860883173005208,0.19764663008360842,8.163513979279443,7.176838852690267,16.062477816278882,0.47997056677144384,1.4961029886008894,Discount Stores,Consumer Defensive,BIG
2021Q1,2021,Q1,2020-06-10,2020-05-02,49323000.0,1439149000.0,74435000.0,1.26,570756000.0,0.39659270860765633,3321786000.0,883933000.0,1194409000.0,804917000.0,2437853000.0,806559000.0,2807211000.0,939878580.0,2333444580.0,22.590227197219452,1.48389088564411,0.5134099547652979,1.9293747376780819,0.014087741478390549,22.590227197219452,0.05579947801473641,0.6530794101236217,4.763896052551548,1.0632916521953588,0.252985422622306,1.076663951428228,0.013276182972485659,0.43324554923164826,0.3874585826861652,0.014848337611152555,8.019920814383111,0.39659270860765633,-0.47280334728033474,1.0773407767219083,0.5248631682271331,0.5102235667406163,-0.09978092139194567,-0.47396655432788704,-0.4071097446354324,0.08553454998273072,0.25817105771825727,0.5325239426152915,Discount Stores,Consumer Defensive,BIG
2020Q4,2020,Q4,2020-03-31,2020-02-01,93764000.0,1606982000.0,125546000.0,2.39,634019000.0,0.39454020020137126,3189281000.0,845464000.0,1063949000.0,870820000.0,2343817000.0,921266000.0,2769793000.0,1056341220.0,2544632220.0,21.65801675333658,1.221778323878643,0.48318476797748455,1.822681982911159,0.026524445227889753,21.65801675333658,0.11090241571492104,0.657344774241404,2.8164893242609104,1.2494218795832819,0.12493067701889851,1.056115171948167,0.011089219826146706,0.5038696809719808,0.06054178819962794,0.02939972990777545,4.692597419905113,0.39454020020137126,-0.2646153846153846,0.3452731008003071,0.3664351369158265,0.45078949790034617,0.36823080541924014,-0.26159613173520657,-0.26346110974221787,0.17941790009701475,0.1529784109327886,0.4723510121218361,Discount Stores,Consumer Defensive,BIG
2020Q3,2020,Q3,2019-12-11,2019-11-02,126982000.0,1167988000.0,170454000.0,3.25,463386000.0,0.3967386651232718,3421746000.0,762324000.0,1261552000.0,977244000.0,2659422000.0,1117263000.0,2687959000.0,838865500.0,2551105500.0,19.538252556577902,1.2909283658942905,0.5184587050003127,2.3271391167010353,0.034484247766027876,19.538252556577902,0.16657221863669516,0.7182141426110542,1.6515441164889513,1.1004054706397806,0.09286355546455403,0.6306500797037045,0.014057080664301965,0.3413426946360133,0.06323292852143375,0.03711029398441614,-5.714887659586064,0.3967386651232718,19.3125,52.87764449384901,0.4831198576213923,0.5018177996259696,-0.06993557192461312,19.55390093881515,11.93179576663379,103.4595354901948,0.19592730249061846,0.5830975997087797,Discount Stores,Consumer Defensive,BIG
2020Q2,2020,Q2,2019-09-11,2019-08-03,6178000.0,1252414000.0,13181000.0,0.16,498230000.0,0.39781573824629873,3192295000.0,644543000.0,1040438000.0,951408000.0,2547752000.0,874058000.0,2572931000.0,966810000.0,2641627000.0,16.52674358974359,1.0935770983636883,0.5414668757116745,2.681779183080105,0.0028631326090153147,16.52674358974359,0.009585085867040679,0.7719571962625777,39.12309808999676,1.4999930183090966,1.896730333441243,0.862853494848168,0.012120271821764358,0.3923240176738052,0.05644791719220355,0.001935284802939578,65.13136620856912,0.39781573824629873,-0.5897435897435898,-0.5630886543155578,0.47732182874949886,0.10478842230333253,-0.04010619462206698,-0.6024453024453025,-0.4860206667966465,-0.6903485712028085,0.18512527113276636,0.35018062416383294,Discount Stores,Consumer Defensive,BIG
2020Q1,2020,Q1,2019-06-12,2019-05-04,15540000.0,1295796000.0,25645000.0,0.39,519047000.0,0.4005622798650405,3045645000.0,648331000.0,1069092000.0,855469000.0,2397314000.0,926988000.0,2578949000.0,1499470320.0,3103068320.0,16.239942888632832,1.2497144841017034,0.54739472262854,2.57147969170069,0.004971781099168008,16.239942888632832,0.023969237935560692,1.1571808525416039,24.1227528957529,2.312816015276148,0.8492277992277992,0.8379277833154258,0.008801107847203003,0.42545864669060246,0.07431245316896345,0.0051023674788099075,-77.29626887983916,0.4005622798650405,-0.8544776119402985,5.628332955356135,0.4442234391785754,0.10674555979371965,-0.2127827052342935,-0.8561737021851602,-0.8272098209773813,-0.5119938599739732,0.19849822301193157,0.2693405497416096,Discount Stores,Consumer Defensive,BIG
2019Q4,2019,Q4,2019-04-02,2019-02-02,108047000.0,1598551000.0,148417000.0,2.68,659344000.0,0.41246353729095914,2023347000.0,693041000.0,1128003000.0,638560000.0,1330306000.0,969561000.0,2575267000.0,1254146760.0,1726689760.0,17.30741952401169,1.7664792658481583,0.2562966213902015,0.7482630897739094,0.08216124118321569,17.30741952401169,0.155902753228164,0.7845522351179287,2.901854655844216,1.8096285212563181,0.11121086193971143,0.9686930476782791,0.009581015861333485,0.790052818424126,0.07209032823853671,0.053400133541107876,12.790759502707775,0.41246353729095914,17.75,0.8397194288649275,0.4238051750805666,0.10425094775781536,0.4359349614742995,17.480628431970715,16.519920527031267,0.4013146996543307,0.23732041421482689,0.17935577346985976,Discount Stores,Consumer Defensive,BIG
2019Q3,2019,Q3,2018-12-12,2018-11-03,-6556000.0,1149402000.0,-9563000.0,-0.16,459174000.0,0.39948947365673626,2133016000.0,592732000.0,1277247000.0,745574000.0,1540284000.0,1073885000.0,2479566000.0,1709697120.0,2267403120.0,14.810524474650808,1.7131056072234279,0.29050133707388975,1.045403318869236,-0.0036898743989797894,14.810524474650808,-0.011060647982562103,1.4874666304739335,-65.19589383770591,2.88443532658942,-1.8402989627821842,0.6427392132304669,0.007056805476750174,0.538862343273562,0.08307424883378443,-0.0030735821953515583,-9.503438630817719,0.39948947365673626,-1.2711864406779663,0.010936627189502354,0.43198134741144345,0.0463946622540531,-0.06561610356945906,-1.271312696573415,-1.278658429978437,-4.329060532345188,0.2619332533715603,0.1401095594235189,Discount Stores,Consumer Defensive,BIG
2019Q2,2019,Q2,2018-09-12,2018-08-04,24164000.0,1222169000.0,34318000.0,0.59,491419000.0,0.40208759999639987,1828730000.0,605725000.0,1053042000.0,622485000.0,1223005000.0,854192000.0,2498443000.0,1867043670.0,2231499670.0,14.751832639244052,1.691674498180679,0.23126049225418732,0.6981930744149573,0.022954127229516078,14.751832639244052,0.03989269057740724,1.5276477066592264,19.316376324284057,3.0823288951256758,0.5024416487336534,0.8554868226347239,0.006502793799140221,0.6683157163714709,0.09390909017887981,0.013213541638186064,-20.18425589189189,0.40208759999639987,-0.20270270270270274,0.8630006677427201,0.393601459869234,0.03530938639600569,-0.04011852534778244,-0.22647972086174334,-0.24304651829631427,0.6961641064548294,0.2507132218156923,0.17066813974229927,Discount Stores,Consumer Defensive,BIG
2019Q1,2019,Q1,2018-06-13,2018-05-05,31239000.0,1267983000.0,45337000.0,0.74,511958000.0,0.4037577790869436,1726986000.0,689112000.0,1052171000.0,636312000.0,1037874000.0,849627000.0,2486753000.0,1740109160.0,1849279160.0,16.363403224657468,1.6535457448547253,0.10075356719741793,0.2524988681085223,0.03706662425763367,16.363403224657468,0.04533225368300073,1.3723442348990482,13.925775152853806,2.525147087846388,0.4605141009635392,0.8898316555382538,0.008267297437822809,0.7342173011246182,0.10188398144306567,0.01808873957287436,55.4386759271059,0.4037577790869436,-0.6991869918699187,0.31470240500763197,0.31575527886432236,0.17814990054063223,-0.24937357138353852,-0.7019975579043767,-0.7299456162400748,0.2224692785047316,0.24830616081668533,0.09394194959663185,Discount Stores,Consumer Defensive,BIG
2018Q4,2018,Q4,2018-04-03,2018-02-03,104828000.0,1642068000.0,167881000.0,2.46,682041000.0,0.4153549061305622,1651726000.0,669587000.0,1021973000.0,589608000.0,982139000.0,872790000.0,2468258000.0,2418035720.0,2566659720.0,15.98899183342089,1.7333092495352844,0.12096437302555024,0.2983928899455933,0.12174958261232184,15.98899183342089,0.15655620554162492,1.472555168239074,5.766674266417369,3.611234566979347,0.099954210707063,1.0999518784587359,0.004333269319942055,0.9941527832098059,0.08679665133444593,0.06346573220982173,15.301505575031957,0.4153549061305622,23.599999999999998,0.1917070890802339,0.28062519745414943,0.20772309980541998,0.5374234152191261,22.97712717291857,27.925051688490697,0.40198102048533946,0.30154638052290056,0.07104273203444679,Discount Stores,Consumer Defensive,BIG
2018Q3,2018,Q3,2017-12-06,2017-10-28,4372000.0,1110824000.0,5804000.0,0.1,443626000.0,0.3993665963284913,1846109000.0,565664000.0,1214990000.0,731776000.0,1280445000.0,1038156000.0,2374333000.0,2174729940.0,2488617940.0,13.478780946934496,1.6603304836452686,0.2014507269072411,0.657457430559484,0.00655007572651159,13.478780946934496,0.007728969847824857,1.957762831915767,124.35555466605672,3.8445613296939527,2.4332113449222326,0.64267605253931,0.0048916418559998304,0.6017109498951578,0.07927562532796921,0.0023682241947793983,-19.292176960062452,0.3993665963284913,-0.8507462686567164,2.004986153011034,0.34785408654939454,0.2302331612983572,-0.09923654822335025,-0.8498626373626373,-0.8789824854045037,2.6605967655063836,0.3113815584478566,0.0360534077829058,Discount Stores,Consumer Defensive,BIG
2018Q2,2018,Q2,2017-09-06,2017-07-29,29120000.0,1221301000.0,47960000.0,0.67,492500000.0,0.4032584923782098,1591464000.0,584938000.0,974393000.0,600194000.0,1006526000.0,810485000.0,2380968000.0,2175348480.0,2345939480.0,13.56032084569733,1.6234634134963029,0.14238462195814672,0.3873914842256786,0.036790746835667826,13.56032084569733,0.04978305393050204,1.78117309328331,18.675725274725274,3.718938554171553,0.37335164835164836,0.8992159015897888,0.004997819935498334,0.7674072426394817,0.09331816046145079,0.01829761779091453,-130.9504261979292,0.4032584923782098,-0.417391304347826,0.8491069358237195,0.40550890308238074,0.18830268671658124,-0.06060750560297554,-0.43469482838950146,-0.3983038089024941,0.8619221813140022,0.3024907582632592,-0.093512560917188,Discount Stores,Consumer Defensive,BIG
2018Q1,2018,Q1,2017-06-07,2017-04-29,51512000.0,1296787000.0,79708000.0,1.15,524275000.0,0.4042876740744625,1599715000.0,653905000.0,990135000.0,652311000.0,945810000.0,836121000.0,2363137000.0,2239786890.0,2289755890.0,14.740537859831834,1.5178879399550214,0.07232538295883954,0.17693701684495455,0.0682394735280541,14.740537859831834,0.07877596898632064,1.7271817885281082,10.87021902663457,3.4252481476667103,0.24621447429725113,0.9239236904706376,0.005662592301359528,0.8106362695855199,0.1007663522460912,0.032200735756056545,35.367476037834166,0.4042876740744625,-0.42211055276381915,0.827295749979392,0.44796605483494595,0.16767608077634835,-0.19752557310855426,-0.4281400563955683,-0.4485096725984557,18.773004999682602,0.3007006732363332,0.004561711652269585,Discount Stores,Consumer Defensive,BIG
2017Q4,2017,Q4,2017-03-28,2017-01-28,90078000.0,1579211000.0,144532000.0,1.99,653323000.0,0.4137021588628752,1607707000.0,650630000.0,994379000.0,678595000.0,957077000.0,858689000.0,2323318000.0,2152722770.0,2207958770.0,14.709818905292668,1.4653497299567488,0.06618121336785869,0.1635338056960177,0.119765454428271,14.709818905292668,0.13844735102900266,1.3631634848034873,5.974607479073692,3.3086743156632803,0.10321055085592487,1.0782576695404273,0.004318716803464666,0.9822753772920065,0.07539695989507733,0.05602886595629676,8.586436907686908,0.4137021588628752,65.33333333333333,0.13862782866179268,0.37162908248372084,0.1460762440104706,0.47813308838169016,64.46366279069767,73.3095115681234,0.3885370289184943,0.2733977551041786,-0.06148161226577727,Discount Stores,Consumer Defensive,BIG
2017Q3,2017,Q3,2016-12-07,2016-10-29,1376000.0,1105498000.0,1945000.0,0.03,441992000.0,0.3998125731570749,1847243000.0,545075000.0,1208331000.0,766584000.0,1302168000.0,1036337000.0,2243000000.0,1905719750.0,2208876750.0,12.341786482508773,1.5762538743307974,0.19645493310842158,0.6657799385405678,0.0029700690726701382,12.341786482508773,0.0025244232445076364,1.723856352521669,346.2426871366279,3.496252350593955,6.751453488372093,0.6402415430501854,0.004874798616113413,0.5984583511752379,0.07793405549815806,0.0007448938769831581,-20.097864946953237,0.3998125731570749,-0.94,-0.5170539204388404,0.4282387135365713,0.06849019968203673,-0.09134230906022124,-0.9394232885758309,-0.9500333967014335,1.188110617737669,0.2480531336797273,-0.12802686224379023,Discount Stores,Consumer Defensive,BIG
2017Q2,2017,Q2,2016-09-07,2016-07-30,22715000.0,1203155000.0,38926000.0,0.5,486423000.0,0.4042895553773205,1624660000.0,543498000.0,977043000.0,645755000.0,1081162000.0,808631000.0,2251323000.0,2361298360.0,2560829360.0,12.240394576820863,1.5130242893976817,0.15874090578951905,0.4745187654784378,0.02980422739464109,12.240394576820863,0.04179408203894035,1.9625886606463838,25.98831565045124,4.344631185395347,0.4086286594761171,0.8863523659122641,0.003930888259287996,0.7405580244481922,0.09038876973465168,0.013981386874792265,365.13040977269213,0.4042895553773205,-0.3670886075949367,0.005431963300531378,0.6281776682872565,0.05127919357054414,-0.06038081366710387,-0.41242660182622415,-0.3778807735336423,0.6195110446663258,0.2686911154782655,-0.1409477243620083,Discount Stores,Consumer Defensive,BIG
2017Q1,2017,Q1,2016-06-08,2016-04-30,38659000.0,1312575000.0,62570000.0,0.79,517681000.0,0.3944010818429423,1606621000.0,620074000.0,956165000.0,654801000.0,986547000.0,807058000.0,2238282000.0,2222650760.0,2312060760.0,12.793999917467916,1.4602375378168329,0.09572886200292414,0.24803491196212066,0.04985986052064159,12.793999917467916,0.06234578453539416,1.6933514351560863,14.373436715900567,3.5844927540906406,0.27411469515507386,0.984927972958573,0.004767730581299241,0.8169786153672832,0.09833521940253603,0.02406230218576752,37.1767765028602,0.3944010818429423,-0.5863874345549738,0.1256453058841266,0.6340031309687273,-0.05905616131572518,-0.20015790392581295,-0.5910485338298143,-0.5955606691315252,0.41370877103542797,0.1834906213856659,-0.07884383686345245,Discount Stores,Consumer Defensive,BIG
2016Q4,2016,Q4,2016-03-29,2016-01-30,94532000.0,1583967000.0,154708000.0,1.91,647229000.0,0.40861267943082147,1640370000.0,720470000.0,994432000.0,678448000.0,919900000.0,849982000.0,2210239000.0,1903865320.0,1912021320.0,14.675316739316413,1.4657453482064948,0.037979236391789656,0.08647133121434619,0.1239820380365609,14.675316739316413,0.13120879425930296,1.2019602176055435,5.034975775398807,2.642532402459506,0.0987178944695976,1.1020680437938686,0.004901607220830095,0.9656156842663546,0.07980567412683065,0.05762846187140706,6.9214854616710175,0.40861267943082147,64.66666666666667,0.29553191976360965,0.5728369458116287,0.1477304739221376,0.4709515984972966,63.687002652519894,72.69045412418906,-0.08329714612844534,0.05374262614695475,0.10849509510578985,Discount Stores,Consumer Defensive,BIG
2016Q3,2016,Q3,2015-12-09,2015-10-31,-1508000.0,1116474000.0,-2158000.0,-0.03,440007000.0,0.3941041170685569,1889297000.0,637272000.0,1267278000.0,728799000.0,1252025000.0,1047322000.0,2125344000.0,2261527700.0,2534886700.0,12.990439692602482,1.7388580390478032,0.1772617010454153,0.525521284475075,-0.0009213432591530747,12.990439692602482,-0.0023663365093711947,2.0255981778348624,-374.92170092838194,3.5487636362495136,-6.145225464190982,0.6459016424748072,0.004097672560013304,0.5909467913197343,0.0844416636136987,-0.0007981804872394335,-22.90920206246138,0.3941041170685569,-1.088235294117647,-1.1311329942003117,0.6270139448546127,0.18149406733918458,-0.07529306438800086,-1.0855069176684056,-1.0706683695189443,0.7034566393536704,0.15891925341801652,0.18566135562286595,Discount Stores,Consumer Defensive,BIG
2016Q2,2016,Q2,2015-09-09,2015-08-01,17636000.0,1209686000.0,30537000.0,0.34,475834000.0,0.3933533164804751,1664363000.0,640532000.0,1028734000.0,594854000.0,1023831000.0,821444000.0,2136401000.0,2194882580.0,2360719580.0,12.601207924298164,1.7293890601727482,0.13410536042918522,0.3484603423404295,0.022502960687701887,12.601207924298164,0.027533362892095944,1.8144233958233789,31.113667781809934,3.4266556237627475,0.5519392152415513,0.8933682636917428,0.0044348613856145325,0.7268162053590472,0.09643206568334414,0.010596246131402825,-267.962712733488,0.3933533164804751,-0.4333333333333333,-0.290805253297951,0.6555687505104123,0.09839963289450834,-0.05610216696157234,-0.45251916927948344,-0.419944914046918,-0.04965353425167704,0.18139399651979862,0.10425478885840862,Discount Stores,Consumer Defensive,BIG
2016Q1,2016,Q1,2015-06-10,2015-05-02,32213000.0,1280455000.0,52645000.0,0.6,504116000.0,0.3937006767125748,1648812000.0,794086000.0,1021519000.0,612313000.0,854726000.0,835378000.0,2128834000.0,2448903310.0,2422212310.0,14.958200689434324,1.6682954632679692,0.024563140006259053,0.05100203252544435,0.03905862980489866,14.958200689434324,0.04056613515412688,1.9125258677579453,19.00555140781672,3.083927068352798,0.31654921925930524,0.9293266042438273,0.004163904699038525,0.7765924799188749,0.10973309402217493,0.019537097012879576,50.801852712374234,0.3937006767125748,-0.6610169491525423,-0.12144896950399958,0.5804198928267886,0.27845222868709507,-0.2243521984709099,-0.6588726159841577,-0.6568525205647316,-0.04512890139797337,0.19472292380823966,0.18491830641409218,Discount Stores,Consumer Defensive,BIG
2015Q4,2015,Q4,2015-03-31,2015-01-31,94431000.0,1593349000.0,153418000.0,1.77,649929000.0,0.4079012193813157,1635891000.0,789550000.0,1038429000.0,587829000.0,846341000.0,851669000.0,2107100000.0,2428133990.0,2437972990.0,14.928435024296167,1.7665494557090582,0.03796096439188185,0.07865239693496295,0.11105763900829818,14.928435024296167,0.11960103856627192,1.523918482391491,6.428328594423442,3.075339104553226,0.09536063369020767,1.1077308203069502,0.00370860917770028,0.9739945998847112,0.08890510675723723,0.057724506094843725,10.233071859340956,0.4079012193813157,30.500000000000004,0.37141537069282565,0.6662432097288341,0.20648454720568293,0.5081588705672689,28.442894507410635,38.8156273108208,-0.0017506171249473792,0.15736098786275457,0.16310913490877574,Discount Stores,Consumer Defensive,BIG
2015Q3,2015,Q3,2014-12-10,2014-11-01,-3441000.0,1107095000.0,-4057000.0,-0.06,430942000.0,0.3892547613348448,1933911000.0,713584000.0,1312722000.0,756324000.0,1220327000.0,1075429000.0,2021899000.0,2503902500.0,2724814500.0,13.009735642661806,1.7356609072302347,0.1465424210317848,0.3971501603174959,-0.002633655758999977,13.009735642661806,-0.004822137267651741,2.2616871180883305,-181.91677564661435,3.5089106538263186,-2.7483289741354255,0.6287286282962428,0.0037769042524619075,0.5724642964438384,0.08262067579502964,-0.001779295944849582,-19.12704626878213,0.3892547613348448,-1.1666666666666667,-1.1689405000698359,0.5923512512317036,0.20339804213847942,-0.08217844767180588,-1.1725850135419802,-1.145193615346074,-1.9724482217721147,0.15167338850943715,0.12631790011429098,Discount Stores,Consumer Defensive,BIG
2015Q2,2015,Q2,2014-09-10,2014-08-02,19938000.0,1195363000.0,27942000.0,0.36,469527000.0,0.3927903072121188,1642392000.0,822621000.0,1036777000.0,590691000.0,819771000.0,799479000.0,2035058000.0,2380010480.0,2374477480.0,14.959193322543689,1.7551934937217597,0.03440104433046435,0.06868290500728769,0.019942642281946178,14.959193322543689,0.02423716389443012,1.991035760685248,29.842643193901093,2.8932041365343215,0.0,0.907886260927429,0.0,0.7278183283893248,0.10501768268011533,0.012139611006385808,73.00197779277345,0.3927903072121188,5.0,0.04046416232753983,0.6329174633512472,0.4409747018845551,-0.04868545818508943,4.955197132616488,-0.40782028186923813,-0.2874219287973481,0.30614363304614833,0.28478609034138735,Discount Stores,Consumer Defensive,BIG
2015Q1,2015,Q1,2014-06-11,2014-05-03,3348000.0,1281271000.0,47185000.0,0.06,493556000.0,0.38520812536926224,1659062000.0,836542000.0,1049093000.0,590253000.0,822520000.0,834575000.0,2024705000.0,2268427900.0,2254866900.0,14.673601122610068,1.7773615720716371,0.03230741226066295,0.06407329219572956,0.03234830741719713,14.673601122610068,0.0040021899677481826,1.7704512940665948,169.38679062126644,2.711672456373978,0.0,0.9438516610250727,0.0,0.7722863883326844,0.11378341152014475,0.002018007765833947,26.338479669321693,0.38520812536926224,-0.9586206896551723,-0.8680464214763431,0.6025875974459893,0.4668267731237663,-0.21127327758272701,-0.9603096511090299,-0.5821414971528768,-0.9171251920410788,0.3559881357248947,0.07918044838968365,Discount Stores,Consumer Defensive,BIG
2014Q4,2014,Q4,2014-04-01,2014-02-01,84353000.0,1612558000.0,112921000.0,1.45,625763000.0,0.3880561195318246,1739599000.0,901427000.0,1121061000.0,577447000.0,838172000.0,914965000.0,2021357000.0,1540773270.0,1549144270.0,15.673447742249579,1.9414093414633724,0.044263074421174074,0.08542011721415045,0.08694025291346444,15.673447742249579,0.09357718373201601,0.9554839391823425,4.566444791530829,1.7092601730367516,0.0,1.0785057351920566,0.0,0.926971100811164,0.11884900259244571,0.048489910605835025,6.203989780633939,0.3880561195318246,9.52941176470588,0.5158922019014899,0.6698279305731831,0.6467087402010127,0.41109550150070245,9.863402332667858,10.42186065915728,-0.013193047509294053,0.36683255219514604,0.22579252800808047,Discount Stores,Consumer Defensive,BIG
2014Q3,2014,Q3,2013-12-11,2013-11-02,-9517000.0,1152444000.0,-11985000.0,-0.17,443459000.0,0.38479874076310866,2134746000.0,813295000.0,1465914000.0,798144000.0,1321451000.0,1238140000.0,1937004000.0,2113990190.0,2373333190.0,14.153860879553088,1.8366535362039933,0.15321213858697943,0.40215297032442104,-0.00757291356572699,14.153860879553088,-0.011701781026564776,1.8343539382390814,-55.53194783019859,2.5992907739504116,0.0,0.5726210283166685,0.0,0.5398506426525685,0.08485436212011868,-0.004458141624343131,-11.418826512974526,0.38479874076310866,-1.5483870967741935,-2.0987826835572374,0.5952338776501268,0.639664226003,-0.07507691024183709,-1.525046893964471,-1.3652738410898784,-1.7065428597314183,0.43380568777852097,0.2873084402723515,Discount Stores,Consumer Defensive,BIG
2014Q2,2014,Q2,2013-09-10,2013-08-03,18126000.0,1225572000.0,32811000.0,0.31,479455000.0,0.3912091660057508,1801311000.0,817620000.0,1131362000.0,643476000.0,983691000.0,913687000.0,1946521000.0,2097885920.0000002,2178844920.0,14.248719110522464,1.7582038801757953,0.08036868702850312,0.17706147109904358,0.01927335522361859,14.248719110522464,0.02216922286636824,1.7117606472732734,28.934761116628053,2.565844671118613,0.0,0.8166002142965808,0.0,0.680377791508518,0.09916453760513212,0.01006267102127284,-166.84316208048355,0.3912091660057508,-0.4464285714285715,-0.019615598059297693,0.5609443930340078,0.6888231919033756,-0.07195492316536625,-0.4393962824359014,-0.4212410922175968,-0.35431548969876064,0.48582057748601426,0.242006951574567,Discount Stores,Consumer Defensive,BIG
2014Q1,2014,Q1,2013-06-12,2013-05-04,32333000.0,1311338000.0,56692000.0,0.56,516629000.0,0.3939708908000836,1736763000.0,795913000.0,1074741000.0,607473000.0,940850000.0,884846000.0,1928395000.0,2120285000.0,2188885000.0,13.889067271616787,1.7691996187484875,0.08076461785517079,0.17623659872372985,0.03496200112440005,13.889067271616787,0.04062378677066463,1.6168867218062772,16.39412519716698,2.6639657852051672,0.0,0.8981325563996447,0.0,0.7550471768456606,0.11797890605837626,0.01861681760838986,49.421588737121816,0.3939708908000836,-0.7320574162679425,0.3230195171269622,0.607939713590187,0.7553314655902678,-0.25641033022106374,-0.7312012104383683,-0.7121649065800163,-0.1830838368521891,0.49940336214783404,0.18707519550300747,Discount Stores,Consumer Defensive,BIG
2013Q4,2013,Q4,2013-04-02,2013-02-02,120287000.0,1753396000.0,196960000.0,2.09,694777000.0,0.39624648396597234,1753626000.0,758142000.0,1090630000.0,629634000.0,995484000.0,918023000.0,1896062000.0,1851982440.0000002,1965670440.0000002,13.238955051863234,1.7321650355603415,0.09937637785936111,0.2298632709967262,0.12954179308868227,13.238955051863234,0.158660250982006,1.056225998006155,3.849091007340777,2.44279098110908,0.0,1.1531508469831366,0.0,0.9998688431854911,0.09621621449921701,0.06859330324710058,6.472136489286975,0.39624648396597234,21.9,0.8471763274069829,0.7541979066923882,0.6778281197812782,0.6060865946970573,21.091364623350593,30.432157800358638,0.6133984084941182,0.6934641165929977,0.06994434883683764,Discount Stores,Consumer Defensive,BIG
2013Q3,2013,Q3,2012-12-05,2012-10-27,-5987000.0,1134205000.0,-6692000.0,-0.1,432590000.0,0.3814037144960567,2064902000.0,632791000.0,1405511000.0,791466000.0,1432111000.0,1190749000.0,1775775000.0,1662217680.0,2062129680.0,10.956281598448646,1.7758324425812353,0.2257584137164863,0.7366871526301733,-0.004468691613183439,10.956281598448646,-0.009461259720824094,1.4655354896160746,-69.40945715717388,2.6268036049817396,0.0,0.5892215739841058,0.0,0.5492778834056047,0.08371427199652291,-0.0028994112069241056,-10.116043453123574,0.3814037144960567,-1.2777777777777777,-1.7336110593065046,0.9280456429987657,0.4300067877903775,-0.0946874967300428,-1.2712117780294452,-1.170089467263115,-1.2791501625554438,0.5492627030441554,0.013453938407109154,Discount Stores,Consumer Defensive,BIG
2013Q2,2013,Q2,2012-09-05,2012-07-28,22075000.0,1218037000.0,39344000.0,0.36,477835000.0,0.3922992487091936,1725645000.0,690008000.0,1076776000.0,622635000.0,1035637000.0,881090000.0,1781762000.0,2479710660.0,2663900660.0,11.411503985710977,1.7293855950918275,0.1424794786876791,0.3563277527217076,0.024097833384928203,11.411503985710977,0.03199238269701221,2.035825397750643,28.082793431483577,3.5937418986446534,0.0,0.8400980603570577,0.0,0.7058444813388617,0.09906124776152962,0.012792318234631108,-31.283408523200364,0.3922992487091936,-0.4285714285714286,0.6625683061577886,0.9772972477328781,0.33973397332282534,-0.06754623386912649,-0.4582290286163059,-0.4284884227651724,0.04767510475912446,0.5132311864815151,0.09923631570984826,Discount Stores,Consumer Defensive,BIG
2013Q1,2013,Q1,2012-06-06,2012-04-28,40746000.0,1294481000.0,68842000.0,0.63,512449000.0,0.3958721680735368,1676805000.0,809427000.0,1044869000.0,696058000.0,867378000.0,847655000.0,1759687000.0,2394203460.0,2314701460.0,12.623824451410659,1.5011234695959246,0.001830266488947731,0.0037915710743525975,0.050220266370596255,12.623824451410659,0.050339314107387075,1.8495470076424452,14.689806729494922,2.957899180531413,0.0,0.9225828904448155,0.0,0.771992569201547,0.11862660870214839,0.0242997844114253,22.31442075046135,0.3958721680735368,-0.64,1.4284084141552014,0.9666134995101214,0.2710213524493099,-0.2367251430631146,-0.6448221757322176,-0.6388711115774013,0.42785795233404617,0.43959643249772673,0.2619236089231987,Discount Stores,Consumer Defensive,BIG
2012Q4,2012,Q4,2012-03-26,2012-01-28,114720000.0,1669574000.0,190630000.0,1.75,671382000.0,0.40212772839059546,1641310000.0,823233000.0,1006656000.0,584820000.0,818077000.0,825195000.0,1718941000.0,2565600000.0,2566068000.0,12.834939195509822,1.7213091207551041,0.0420487293686141,0.08383410286030808,0.12876237667585916,12.834939195509822,0.13935301427420912,1.5366794164259865,5.591004184100418,3.1164931434964345,0.0,1.2096437811668757,0.0,1.0172203910291169,0.11721042372011901,0.06989538843972193,9.504580766338314,0.40212772839059546,28.166666666666668,0.8849629004745488,0.8514905740747224,0.2488270646632293,0.5108965703483662,26.37947494033413,20.404671008309005,0.8486044352726079,0.5502406338248403,0.34848483248657935,Discount Stores,Consumer Defensive,BIG
2012Q3,2012,Q3,2011-12-07,2011-10-29,4190000.0,1138286000.0,8906000.0,0.06,444360000.0,0.3903764080380502,1962921000.0,750205000.0,1311874000.0,768703000.0,1212716000.0,1100457000.0,1604221000.0,2444680360.0,2673066360.0,11.550678224453032,1.7066071031334598,0.14688976275662646,0.3843389473543898,0.004669143692077138,11.550678224453032,0.005585140061716464,2.147685520159257,145.8639832935561,3.2586831066175246,0.0,0.6305798409206357,0.0,0.5798939437705338,0.07798460523765355,0.002134573933438992,-16.758619375359896,0.3903764080380502,-0.88,3.026949953794817,0.8074443862344659,0.22450457030531643,-0.03512428995778832,-0.8825771375725135,-0.8509730426197687,-0.5720170468073332,0.393980306711749,0.3380966530529794,Discount Stores,Consumer Defensive,BIG
2012Q2,2012,Q2,2011-09-07,2011-07-30,35683000.0,1167135000.0,59761000.0,0.5,460536000.0,0.39458674446400804,1600418000.0,816547000.0,984011000.0,570799000.0,783871000.0,780070000.0,1600031000.0,2442627900.0,2448540900.0,11.643333808641096,1.723918577292532,0.03982834484490927,0.07806286717114876,0.04130195569374645,11.643333808641096,0.04369987275686519,2.0928409309976996,17.113386626684974,2.991411272100687,0.0,0.9058148627687259,0.0,0.72926885351202,0.10131237090464419,0.02229605015689651,-56.506995627732664,0.39458674446400804,-0.28571428571428564,12.14863531114764,0.7499432683194295,0.32243274237666353,-0.06798427131376625,-0.31994816184177927,-0.30750422953023243,0.5791653984715912,0.21630232484460582,0.3800210401077049,Discount Stores,Consumer Defensive,BIG
2012Q1,2012,Q1,2011-06-07,2011-04-30,52471000.0,1227274000.0,86298000.0,0.7,494129000.0,0.40262321209444674,1757822000.0,1006816000.0,1183102000.0,610854000.0,751006000.0,784865000.0,1564348000.0,3044072170.0,2763629170.0,13.596985698272718,1.936799955472175,0.001963793831229783,0.003428630454819947,0.052054672733339684,13.596985698272718,0.0521157788513492,2.4803525292640436,14.503593270568503,3.023464237755459,0.0,0.9341033171309716,0.0,0.6981787689538531,0.46475098796111675,0.029850007566181332,28.623689867228343,0.40262321209444674,-0.5205479452054794,4.839983819051954,0.7159081332800658,0.4326106882989469,-0.20297146285913376,-0.5232292944436873,-0.5128920096633628,0.6615929421429823,0.16461317283972848,0.7184175414092184,Discount Stores,Consumer Defensive,BIG
2011Q4,2011,Q4,2011-03-30,2011-01-29,110055000.0,1518943000.0,177164000.0,1.46,619964000.0,0.4081548813879125,1619599000.0,946793000.0,1051719000.0,541931000.0,672806000.0,762146000.0,1511877000.0,2356175540.0,2182188540.0,12.786378921495807,1.9406880211687465,0.0021931354613086325,0.0037516120207901835,0.11584416852113998,12.786378921495807,0.11623976941105395,1.5511941791100785,5.352268274953432,2.488585720426746,0.0,1.17953646676621,0.0,0.9378512829410243,0.3276044367271848,0.06795200540380675,9.227311512132463,0.4081548813879125,5.3478260869565215,10.46403878860967,0.8715201537583557,0.3395825321712755,0.4481519806964147,5.21990505256019,5.585287886109356,0.3070398228759427,0.17524776735560663,0.6204712547645488,Discount Stores,Consumer Defensive,BIG
2011Q3,2011,Q3,2010-12-08,2010-10-30,17694000.0,1055830000.0,26903000.0,0.23,428107000.0,0.40546963052764173,1781189000.0,829908000.0,1199843000.0,692035000.0,951281000.0,1006385000.0,1401822000.0,2367838970.0,2449229970.0,10.994925875385858,1.733789475965811,0.07420380431273717,0.15925982157058372,0.018868781730447693,10.994925875385858,0.02132043551815382,2.2426327817925236,33.45539406013338,2.8531342871740004,0.0,0.6237404174346796,0.0,0.5927669663354085,0.07337779158568569,0.009933813873766344,-16.592195041623455,0.40546963052764173,-0.5208333333333333,2.41388599296908,0.522625148468364,0.17597340653640306,-0.07421311564037411,-0.544872289528513,-0.5743398256411879,0.6589836162953091,0.37334361773995484,0.4350506138213997,Discount Stores,Consumer Defensive,BIG
2011Q2,2011,Q2,2010-09-08,2010-07-31,38877000.0,1142309000.0,63203000.0,0.48,462425000.0,0.4048160348907345,1589966000.0,911672000.0,1029364000.0,554315000.0,678294000.0,734208000.0,1384128000.0,2726512770.0,2559569770.0,11.472334428127398,1.8570018852096732,0.0023698619970489933,0.004133065400714292,0.042406134932739,11.472334428127398,0.04264362621644627,2.3868434635462035,17.532942163747204,2.990672928421626,0.0,0.9260100679916318,0.0,0.7184486963872183,0.30796749140831475,0.024451466257769033,-2229.36448896157,0.4048160348907345,-0.2941176470588236,5.02861034811974,0.5487715610754855,0.2049183055288637,-0.07875207936966461,-0.30450105549393536,-0.2983291701359978,1.2279013221258894,0.41097559197500183,0.3468755920279131,Discount Stores,Consumer Defensive,BIG
2011Q1,2011,Q1,2010-06-10,2010-05-01,55898000.0,1235162000.0,90075000.0,0.68,501955000.0,0.4063879879724279,1658273000.0,946924000.0,1123649000.0,589567000.0,711349000.0,745226000.0,1345251000.0,3091602400.0,2835319400.0,11.700242178619087,1.9058885588915255,0.002813167675045062,0.004926477732109441,0.05866591707005609,11.700242178619087,0.05903113660652808,2.5029934534903115,13.826981287344807,3.264889684916636,0.0,0.9838720066127591,0.0,0.7448484055399804,0.442609576180485,0.03370856306530951,32.11153650404562,0.4063879879724279,-0.46875,9.003239760001115,0.5686630871402846,0.21317238529617372,-0.16998207529698126,-0.4694873108972534,-0.46857466503831924,1.6393651931290278,0.4866670818303816,0.17803108678298293,Discount Stores,Consumer Defensive,BIG
2010Q4,2010,Q4,2010-03-30,2010-01-30,105366000.0,1463280000.0,169497000.0,1.28,604752000.0,0.4132852222404461,1669493000.0,1001412000.0,1122966000.0,542520000.0,668081000.0,731337000.0,1289353000.0,2299278120.0,2020331120.0,12.373498739682697,2.069907100199071,0.002866738584708052,0.004779251696604395,0.10526408729403998,12.373498739682697,0.10521743298462571,1.5713179432507791,5.45545555492284,2.296036117002792,0.0,1.173915718745257,0.0,0.8764816623969073,0.5229908574799086,0.06311257369752374,9.773556863828611,0.4132852222404461,2.4594594594594597,1.6355676899388414,0.4791259694594624,0.299706904874257,0.44680627094841757,2.4741006957037817,2.56258276057759,0.372059182325257,0.2860325235344409,0.203929358395244,Discount Stores,Consumer Defensive,BIG
2010Q3,2010,Q3,2009-12-10,2009-10-31,30329000.0,1035269000.0,47577000.0,0.37,417991000.0,0.403751102370495,1654502000.0,882964000.0,1091588000.0,635623000.0,771538000.0,918205000.0,1183987000.0,2045933700.0,2004706700.0,10.810833312927002,1.7173513230326782,0.002828645719376586,0.005300329345250769,0.03430043388491319,10.810833312927002,0.03434907878463901,1.9762339063567054,16.864500148372844,2.3171201770400605,0.0,0.672265997244624,0.0,0.6257284669344613,0.07222362941554979,0.018331195731404373,-37.68527721495671,0.403751102370495,0.08823529411764697,2.3267632992443046,0.4538153357365652,0.18950882303362945,-0.037736283418089565,0.06630805470590304,-0.0015948628627788387,22.17976044888166,0.30724022053983047,0.14607251134943158,Discount Stores,Consumer Defensive,BIG
2010Q2,2010,Q2,2009-09-09,2009-08-01,28443000.0,1086567000.0,47653000.0,0.34,434383000.0,0.3997756235924706,1462983000.0,847353000.0,898280000.0,467734000.0,615630000.0,667741000.0,1153658000.0,1880593920.0,1782318920.0,10.381301838942456,1.9204932718168874,0.0,0.0,0.034119743370385015,10.381301838942456,0.03356688416751932,1.7307666439345204,16.52949688851387,2.219374829616464,0.0,0.9767020446550384,0.0,0.7427065112855037,0.21010873701719354,0.019441784354295298,39.72274507318928,0.3997756235924706,-0.2272727272727272,6.483588918816105,0.5344512928620643,0.13213448294315072,-0.06014323423774287,-0.21495404487869504,-0.209511802664101,8.005047485734693,0.39975063615063555,0.1790930060017618,Discount Stores,Consumer Defensive,BIG
2010Q1,2010,Q1,2009-06-11,2009-05-02,36231000.0,1141656000.0,60283000.0,0.44,462180000.0,0.40483297946141394,1435899000.0,814376000.0,870554000.0,478270000.0,621523000.0,718151000.0,1125215000.0,2205342720.0,2154240720.0,10.003636006289309,1.8202145231772848,0.0,0.0,0.04482048736977989,10.003636006289309,0.044489277680088805,1.9317051020622675,15.217236068560071,2.7080153639105276,0.0,0.9461464232452507,0.0,0.7950809910724919,0.10684759654588412,0.025232276086270693,25.942156452182097,0.40483297946141394,-0.5416666666666667,6.78198467117395,0.6136712334688277,0.03782806547823479,-0.1635841121157062,-0.5400114263949723,-0.5473569605045803,2.6678621595727923,0.45187138252518333,0.0540068352269299,Discount Stores,Consumer Defensive,BIG
2009Q4,2009,Q4,2009-03-30,2009-01-31,78765000.0,1366925000.0,133180000.0,0.96,552572000.0,0.4042445635276259,1432458000.0,774845000.0,870871000.0,515095000.0,657613000.0,736616000.0,1088984000.0,1094937600.0,1126907600.0,9.518044909591195,1.6906997738281289,0.046593338164190506,0.0861372274454891,0.09801507635991209,9.518044909591195,0.10165258858223257,0.8010224408800776,3.4753304132546177,1.413105330743568,0.0,1.105532597717128,0.0,0.9542513637398095,0.06750793542938681,0.0549859053459159,5.382565393293777,0.4042445635276259,5.3999999999999995,0.32978082821264737,0.4821284806804296,0.00015117177598649597,0.36013705441316196,5.430845852384063,5.617639751552795,6.462795287179869,0.5319271054282285,-0.0028289651360874405,Discount Stores,Consumer Defensive,BIG
2009Q3,2009,Q3,2008-12-09,2008-11-01,12248000.0,1021580000.0,20125000.0,0.15,406262000.0,0.39768006421425633,1683023000.0,701407000.0,1123316000.0,850172000.0,981616000.0,957979000.0,1010219000.0,1985059650.0,2214923650.0,8.632170327979816,1.3212808702239076,0.1598908630482174,0.3836574200143426,0.01385203816149703,8.632170327979816,0.017462044148404562,1.943126969987666,40.518036618223384,2.830110976936358,0.0,0.642308443086957,0.0,0.6069911106384167,0.04615066127795317,0.007277381236025889,-15.406451500240598,0.39768006421425633,-0.53125,3.762661793761148,0.549849077778825,-0.020943390267779943,-0.06564337034617897,-0.5293756003842459,-0.5369411656427602,1.9091616274589127,0.3685445305640458,-0.07673750042078974,Discount Stores,Consumer Defensive,BIG
2009Q2,2009,Q2,2008-09-09,2008-08-02,26025000.0,1105189000.0,43461000.0,0.32,434804000.0,0.39342049187966943,1430508000.0,681479000.0,864909000.0,462877000.0,749029000.0,698392000.0,997971000.0,2516855520.0,2621034520.0,8.437069776655276,1.8685503924368676,0.10325003425356587,0.21673448484839591,0.03234633450166814,8.437069776655276,0.038188997753415735,2.2773077907941537,24.177286455331412,3.69322535250536,0.0,0.9598978797007984,0.0,0.7725849837959662,0.09402281815687537,0.018192837789093107,340.4837012987013,0.39342049187966943,-0.23809523809523805,5.720606969075439,0.6828888850779907,-0.04870917942674059,-0.06250013475897549,-0.245848908980266,-0.25269529033478344,3.6532565131299712,0.4742335893197691,-0.113869990226947,Discount Stores,Consumer Defensive,BIG
2009Q1,2009,Q1,2008-06-10,2008-05-03,34509000.0,1151589000.0,58157000.0,0.42,463791000.0,0.40274004006637787,1422871000.0,640264000.0,873872000.0,476272000.0,782607000.0,724629000.0,971946000.0,2290788580.0,2413002580.0,7.912504016411676,1.834817079316021,0.11624384782598,0.25833093848787375,0.04386028297282668,7.912504016411676,0.053898079542188844,1.9892414568044676,16.59558796256049,3.5778812802219084,0.0,0.9491726110878809,0.0,0.8093418166509824,0.09067507642691572,0.024253077053366046,56.76029088926881,0.40274004006637787,-0.6283185840707964,3.8734088060781837,0.7479004679993464,-0.11554884676366574,-0.1726143965747926,-0.6249633211976309,-0.5781506143824985,5.17663468905844,0.46277791826143616,-0.17956985635756725,Discount Stores,Consumer Defensive,BIG
2008Q4,2008,Q4,2008-04-01,2008-02-02,92015000.0,1412374000.0,137862000.0,1.13,560550000.0,0.39688496106555343,1443815000.0,638486000.0,891110000.0,500344000.0,805329000.0,747942000.0,937571000.0,1416874180.0000002,1543443180.0000002,7.890531154996416,1.7809946756631438,0.11338017682320796,0.25638776731204754,0.10835991131276126,7.890531154996416,0.1441143580282105,1.0031862523665829,3.849573928163887,2.2191155013579,0.0,1.1388904487246336,0.0,0.9782236643891358,0.07421094287130454,0.06373046408300233,5.85657023341559,0.39688496106555343,7.07142857142857,1.0005557334662682,0.670570626862686,-0.10436737924125716,0.36119920545111045,5.435515456707232,5.064666549357733,1.3020112662417027,0.42791571215782637,-0.171182052786367,Discount Stores,Consumer Defensive,BIG
2008Q3,2008,Q3,2007-12-10,2007-11-03,14298000.0,1030638000.0,22732000.0,0.14,411806000.0,0.39956415346610547,1727044000.0,775272000.0,1162513000.0,669869000.0,951772000.0,989742000.0,845556000.0,2356668520.0,2462560520.0,7.661699015693561,1.7354333459228595,0.08550332243996099,0.1904725051336821,0.015341573131469902,7.661699015693561,0.01844255951459617,2.2866113223071536,41.20626171492516,3.0397957362061314,0.0,0.6252457711201505,0.0,0.5967641820358949,0.062364432448732514,0.008278885772452815,-32.612832747502146,0.39956415346610547,-0.3636363636363636,4.232449095758932,0.3623317971476733,-0.07296202586403612,-0.022010382973064117,-0.38855627779678414,-0.3198695509080573,1.5048536086775441,0.16819945884015522,-0.15698833616295324,Discount Stores,Consumer Defensive,BIG
2008Q2,2008,Q2,2007-09-07,2007-08-04,23384000.0,1084891000.0,33423000.0,0.22,421074000.0,0.38812562736717326,1507987000.0,907054000.0,942380000.0,457849000.0,600933000.0,713838000.0,831258000.0,2639887100.0,2540059100.0,8.517738754812658,2.0582768554698165,0.00584288856601549,0.009713864885662817,0.023138949794779224,8.517738754812658,0.025780163033292395,2.433320121560599,28.223219936708862,2.9103968451712907,0.0,0.9299266780417966,0.0,0.7194299420353093,0.23728128706189158,0.015506764978743185,30.493191872754785,0.38812562736717326,-0.15384615384615388,6.9168616106193435,0.34428561255523715,0.024911359255973684,-0.05781662202710595,-0.1870393547489918,-0.21289122294703625,4.4555089097382305,0.17431992238803892,-0.07109667837121458,Discount Stores,Consumer Defensive,BIG
2008Q1,2008,Q1,2007-06-13,2007-05-05,28764000.0,1128399000.0,42463000.0,0.26,446913000.0,0.3960593726155376,1693881000.0,1091719000.0,1126041000.0,456450000.0,602162000.0,797500000.0,807874000.0,3599847250.0,3401455250.0,9.93203176884797,2.466953664147223,0.006924925658886309,0.010744523086984838,0.024611699963245443,9.93203176884797,0.0263474392219976,3.1902254876156393,31.287783774857463,3.297411925596238,0.0,0.8545278996865204,0.0,0.6661619086582824,0.4603395771716508,0.01698112205048643,-415.3030976003692,0.3960593726155376,-0.7204301075268817,1.469026707575064,0.307711615331271,0.19344993111848213,-0.28547880640540263,-0.7242159560494348,-0.6899786811518018,3.575658951314778,0.1812363494426297,0.030399477795009646,Discount Stores,Consumer Defensive,BIG
2007Q4,2007,Q4,2007-04-04,2007-02-03,104299000.0,1545354000.0,136968000.0,0.93,625472000.0,0.40474350860708935,1720526000.0,1129703000.0,1149047000.0,474232000.0,590823000.0,758185000.0,781325000.0,2857894000.0,2588897000.0,10.277595320190322,2.4229638657872097,0.0073582148714986,0.011206485244351834,0.07910430232293297,10.277595320190322,0.09232426575834533,1.8493458456767835,6.850243051227721,2.5297746398832257,0.0,1.2132685294486174,0.0,0.8981869498048852,0.5939223839808364,0.06062041491962342,9.559164997039828,0.40474350860708935,45.5,15.73346628350399,0.4226219646600055,0.27625017897888987,0.5059095450769842,59.149365628604386,58.13989637305699,0.3041310979412422,0.24097623151450526,0.07996433092783553,Discount Stores,Consumer Defensive,BIG
2007Q3,2007,Q3,2006-12-01,2006-10-28,1734000.0,1049537000.0,2316000.0,0.02,415345000.0,0.3957411696776769,1756144000.0,1021012000.0,1157257000.0,584239000.0,735132000.0,994740000.0,677026000.0,,,,,,,,,,,,,,,,,,,,,,,,,,,,,,,Discount Stores,Consumer Defensive,BIG
2007Q2,2007,Q2,2006-09-01,2006-07-29,4299000.0,1056535000.0,7250000.0,0.04,412293000.0,0.39023127487494497,1579612000.0,978125000.0,975165000.0,467070000.0,601487000.0,819021000.0,675292000.0,,,,,,,,,,,,,,,,,,,,,,,,,,,,,,,Discount Stores,Consumer Defensive,BIG
2007Q1,2007,Q1,2006-06-07,2006-04-29,13713000.0,1091622000.0,21280000.0,0.12,438322000.0,0.40153276500473606,1636632000.0,1072622000.0,1019940000.0,458950000.0,564010000.0,805604000.0,670993000.0,,,,,,,,,,,,,,,,,,,,,,,,,,,,,,,Discount Stores,Consumer Defensive,BIG
