Quarters,Year,Quarter,FillingDate,Date,NetIncome,Revenue,OperatingIncome,EPSDiluted,GrossProfit,GrossProfitRatio,TotalAssets,CommonStockEquity,CurrentAssets,CurrentLiability,TotalLiability,Inventory,RetainedEarnings,MarketCap,EnterpriseValue,bookValuePerShare,currentRatio,debtToAssets,debtToEquity,roic,shareholdersEquityPerShare,roe,priceToSalesRatio,peRatio,pbRatio,payoutRatio,inventoryTurnover,dividendYield,assetTurnover,quickRatio,returnOnAssets,priceToFreeCashFlowsRatio,grossProfitMargin,epsdilutedGrowth,fiveYNetIncomeGrowthPerShare,fiveYRevenueGrowthPerShare,fiveYShareholdersEquityGrowthPerShare,grossProfitGrowth,netIncomeGrowth,operatingIncomeGrowth,threeYNetIncomeGrowthPerShare,threeYRevenueGrowthPerShare,threeYShareholdersEquityGrowthPerShare,Industry,Sector,Symbol
2023Q1,2023,Q1,2023-05-09,2023-03-31,-26607000.0,33196000.0,-13277000.0,-0.19,27877000.0,0.8397698518,321360000.0,30048000.0,165513000.0,81423000.0,291312000.0,29039000.0,-571604000.0,223542380.95,370975380.95,0.21910046672964006,2.0327548727018163,0.6174290515309933,6.6033346645367414,-0.087708212227505,0.21910046672964006,-0.8854832268370607,6.734015572659356,-2.100409487634833,7.439509483160276,0.0,0.1831674644443679,0.0,0.10329848145382126,1.5470076022745416,-0.08279499626587006,-8.474576577071803,0.8397698517893722,-0.9978969505783385,0.7748708103070393,11.71651944341427,-0.9078450964549357,0.038133541876140466,-1.0577726218097447,0.12478576137112722,0.782016088992405,3.4390658633894757,-0.7345903521034078,Biotechnology,Healthcare,XERS
2022Q4,2022,Q4,2023-03-08,2022-12-31,-12930000.0,33144000.0,-15170000.0,-0.0951,26853000.0,0.8101918899,344522000.0,45187000.0,186818000.0,73621000.0,299335000.0,24735000.0,-554770000.0,180861838.85000002,256952838.85000002,0.332290716395091,2.537564010268809,0.574874754007001,4.383052647885454,-0.05815119964012564,0.332290716395091,-0.2861442450262244,5.456850073919866,-3.4969419731245166,4.002519283200921,0.0,0.25433596118859914,0.0,0.09620285497007448,2.0754404313986496,-0.03753025931580567,-11.12927443541936,0.8101918899348298,0.405625,0.8563576350412189,6.211128900171883,1.0793917793962855,0.09760882893930105,0.40772296275937886,0.19222577209797656,0.9223945423606713,2.5941986167396727,-0.37848425889885573,Biotechnology,Healthcare,XERS
2022Q3,2022,Q3,2022-11-09,2022-09-30,-21831000.0,29725000.0,-18780000.0,-0.16,24465000.0,0.8230445753,303017000.0,55040000.0,148919000.0,68558000.0,247977000.0,20121000.0,-541840000.0,212084747.16,266482747.16,0.40484948186879316,2.172160798156306,0.4570931663900045,2.5164789244186045,-0.0955470054571927,0.40484948186879316,-0.3966388081395349,7.134894774095879,-2.4287108602446064,3.8532839236918606,0.0,0.2614184185676656,0.0,0.09809680644980315,1.7642142419557163,-0.07204546279581674,-11.828485619631902,0.823044575273339,0.15789473684210525,0.9537148426810332,1.7903775715408525,0.0,0.19364754098360656,0.16627840366622113,0.007189680693592726,0.8682417240129781,17.237859341519272,-0.7501444473485246,Biotechnology,Healthcare,XERS
2022Q2,2022,Q2,2022-08-10,2022-06-30,-26185000.0,25306000.0,-18916000.0,-0.19,20496000.0,0.8099264996,318616000.0,73943000.0,161206000.0,64545000.0,244673000.0,17887000.0,-520009000.0,208716150.72,251444150.72,0.5455841323595679,2.497575335037571,0.43333668114595625,1.8672220494164424,-0.08808145293172842,0.5455841323595679,-0.35412412263500265,8.247694251165731,-1.9927071865571893,2.8226627364321164,0.0,0.2689103818415609,0.0,0.07942476209606548,2.1273375164613837,-0.08218356893564667,-10.022384188235295,0.8099264996443531,0.24,0.9198830559909955,-0.2830075407760204,0.0,0.2972151898734177,0.22331968914990805,0.3493843296416042,0.848912236297098,14.689867244619286,-0.8038476704750424,Biotechnology,Healthcare,XERS
2022Q1,2022,Q1,2022-05-11,2022-03-31,-33714000.0,22073000.0,-29074000.0,-0.25,15800000.0,0.7158066416,337623000.0,96455000.0,177550000.0,66492000.0,241168000.0,16872000.0,-493824000.0,345683921.92,379892921.92,0.7143080263280068,2.670246044636949,0.40868068822325493,1.4305116375511897,-0.12253443136141111,0.7143080263280068,-0.3495308693172982,15.66093969646174,-2.5633558901346625,3.583888050593541,0.0,0.3717994310099573,0.0,0.06537765495834111,2.339093424772905,-0.09985694102593722,-7.1409019380693675,0.7158066415983328,0.41860465116279066,0.883483779415599,0.0018293574099583162,0.0,-0.058402860548271755,0.3588787890313011,0.4065803975997061,0.7672751197204424,14.529867271863539,-0.8428576165288212,Biotechnology,Healthcare,XERS
2021Q4,2021,Q4,2022-03-11,2021-12-31,-52586000.0,21669000.0,-48994000.0,-0.43,16780000.0,0.7743781439,304361000.0,95231000.0,142596000.0,79040000.0,209130000.0,18118000.0,-460110000.0,356138555.35,376934555.35,0.7834783002525031,1.8040991902834007,0.28935047525799956,0.924772395543468,-0.27674328754432276,0.7834783002525031,-0.5521941384633156,16.435394127555494,-1.6931243836287224,3.7397334413163783,0.0,0.2698421459322221,0.0,0.07119506112806831,1.5168142712550607,-0.1727750927352716,-12.248118972039757,0.7743781438921963,-0.1025641025641025,0.34642100260324893,4.274498058175162,1.1871907137527913,1.1471529110684582,-1.021838594332731,-1.0114130881024714,0.5598334357796189,3.6236796369945448,-0.7841491203572812,Biotechnology,Healthcare,XERS
2021Q3,2021,Q3,2021-11-10,2021-09-30,-26009000.0,11035000.0,-24358000.0,-0.39,7815000.0,0.708201178069778,131260000.0,-2461000.0,124367000.0,37285000.0,133721000.0,14241000.0,-409320000.0,162919102.85000002,191140102.85000002,-0.037008858350707524,3.3355773099101516,0.6682386103915892,-35.64120276310443,-0.28571763712288273,-0.037008858350707524,10.5684681023974,14.763851640235616,-1.565987762409166,-66.20036686306379,0.0,0.2261077171546942,0.0,0.08406978515922596,2.8575566581735283,-0.19814871247904922,-7.108783613317044,0.708201178069778,0.04878048780487796,0.8872619078282697,1.117836157220449,0.0,0.41499185225420965,0.05473378157368708,0.055415519447783765,0.4513449448470471,4.906325236866906,-1.0080594940189682,Biotechnology,Healthcare,XERS
2021Q2,2021,Q2,2021-08-05,2021-06-30,-27515000.0,8906000.0,-25787000.0,-0.41,5523000.0,0.6201437233325848,151496000.0,19888000.0,144588000.0,35464000.0,131608000.0,12299000.0,-383311000.0,270114198.75,293993198.75,0.29966643876768806,4.077035867358448,0.5774277868722607,4.398531777956557,-0.24017845500437754,0.29966643876768806,-1.3834975864843122,30.329463142825063,-2.454244945938579,13.581767837389382,0.0,0.27506301325311,0.0,0.05878703068067804,3.617048274306339,-0.18162195701536674,-13.345563179347826,0.6201437233325848,-0.36666666666666664,0.8280810914641767,-0.48470478882375273,0.0,-0.11277108433734939,-0.49448699147248926,-0.540442054958184,0.8649308271750106,-0.3067428576469536,-0.9884036978843962,Biotechnology,Healthcare,XERS
2021Q1,2021,Q1,2021-05-13,2021-03-31,-18411000.0,8051000.0,-16740000.0,-0.3,6225000.0,0.7731958762886598,167637000.0,44387000.0,160626000.0,27424000.0,123250000.0,12496000.0,-355796000.0,276215942.2,296883942.2,0.7247422737643852,5.85713243873979,0.520601060625041,1.966161263432987,-0.12714664398180148,0.7247422737643852,-0.4147836078130984,34.30827750589989,-3.7506917359187444,6.222901800076599,0.0,0.14612676056338028,0.0,0.048026390355351146,5.281213535589265,-0.10982658959537572,-11.327288997334426,0.7731958762886598,0.26829268292682923,0.8597120074217955,-0.19434476461031205,0.0,0.6533864541832669,0.15766116118406004,0.13457064571162694,0.6511703875581968,5.906092631165693,-0.6951692740289707,Biotechnology,Healthcare,XERS
2020Q4,2020,Q4,2021-03-09,2020-12-31,-21857000.0,7172000.0,-19343000.0,-0.41,3765000.0,0.5249581706636921,159151000.0,33761000.0,152212000.0,28207000.0,125390000.0,8353000.0,-337385000.0,263245569.24,315668569.24,0.6309854349288724,5.396249158010423,0.5467826152521819,2.577559906400877,-0.16014803530327368,0.6309854349288724,-0.6474038091288765,36.70462482431679,-3.010998412865444,7.797327367080359,0.0,0.4078774093140189,0.0,0.04506412149468115,4.986811784308859,-0.13733498375756356,-23.728643342347215,0.5249581706636921,-0.17142857142857143,0.38287390915281727,2.9658652417708615,1.1507567138667203,-0.4309250302297461,-0.3660625,-0.4073777648428405,0.38287390915281727,2.9658652417708615,1.1507567138667203,Biotechnology,Healthcare,XERS
2020Q3,2020,Q3,2020-11-09,2020-09-30,-16000000.0,9448000.0,-13744000.0,-0.35,6616000.0,0.7002540220152413,170386000.0,14336000.0,163226000.0,27027000.0,156050000.0,5633000.0,-315528000.0,273640537.88,355145537.88,0.31067209799624296,6.039368039368039,0.7007089784371956,8.328055245535714,-0.10277655222954228,0.31067209799624296,-1.1160714285714286,28.962800368331923,-4.275633404375,19.08764912667411,0.0,0.5027516421090006,0.0,0.05545056518728064,5.695526695526696,-0.09390442876762176,-16.129710455643973,0.7002540220152413,0.4444444444444445,0.9000581941198742,1.6130040880803331,0.0,8.087912087912088,0.33607203618407405,0.3810403062373339,0.9000581941198742,1.6130040880803331,0.0,Biotechnology,Healthcare,XERS
2020Q2,2020,Q2,2020-08-10,2020-06-30,-24099000.0,2027000.0,-22205000.0,-0.63,728000.0,0.359151455352738,165810000.0,24381000.0,156363000.0,22787000.0,141429000.0,4824000.0,-299528000.0,101008507.18,108019507.18,0.6420593850023871,6.861938824768508,0.6602496833725349,4.4902177925433735,-0.1651322359270719,0.6420593850023871,-0.9884336163405931,49.83152796250617,-1.047849570314121,4.142918960666092,0.0,0.26927860696517414,0.0,0.012224835655268078,6.489094659235529,-0.14534105301248418,-4.225413393850659,0.359151455352738,0.29213483146067415,0.7368339642983995,-0.7950236040015689,0.0,365.0,0.17423930921052633,0.2140935796701352,0.7368339642983995,-0.7950236040015689,0.0,Biotechnology,Healthcare,XERS
2020Q1,2020,Q1,2020-05-07,2020-03-31,-29184000.0,1788000.0,-28254000.0,-0.89,-2000.0,-0.0011185682326621924,116462000.0,27069000.0,105520000.0,21880000.0,89393000.0,2166000.0,-275429000.0,63941118.15,83182118.15,0.825518094259351,4.822669104204754,0.502180968899727,2.160589604344453,-0.33024756294270285,0.825518094259351,-1.0781336584284607,35.761251761744965,-0.5477412122224506,2.3621529480217225,0.0,0.8264081255771006,0.0,0.01535264721540073,4.579524680073126,-0.2505881746835878,-2.207073216319768,-0.0011185682326621924,0.2764227642276423,0.5846497049996442,-0.6658099577467088,0.0,-1.0076628352490422,0.1178284263345626,0.13862382244443766,0.5846497049996442,-0.6658099577467088,0.0,Biotechnology,Healthcare,XERS
2019Q4,2019,Q4,2020-03-12,2019-12-31,-33082000.0,1831000.0,-32801000.0,-1.23,261000.0,0.14254505734571274,108987000.0,14436000.0,87483000.0,27338000.0,94551000.0,2176000.0,-246245000.0,190357465.95,229143465.95,0.5346456966743416,3.200051210768893,0.5349720608879959,4.038861180382377,-0.44477105475560336,0.5346456966743416,-2.291632031033527,103.9636624522119,-1.4385274919140318,13.186302711970074,0.0,0.7215073529411765,0.0,0.016800168827474836,2.9697856463530616,-0.30354078926844485,-6.384406558559163,0.14254505734571274,-0.008196721311475417,-0.850931227367524,1.0063245438320148,1.1277389680519214,-0.16613418530351437,-0.007491777317578268,-0.0903862775081444,-0.850931227367524,1.0063245438320148,1.1277389680519214,Biotechnology,Healthcare,XERS
2019Q3,2019,Q3,2019-11-07,2019-09-30,-32836000.0,323000.0,-30082000.0,-1.22,313000.0,0.9690402476780186,128100000.0,43656000.0,105976000.0,17792000.0,84444000.0,0.0,-213163000.0,264845669.53,266809669.53,1.620334139355788,5.956384892086331,0.4537392661982826,1.3314091991936963,-0.2955590489290627,1.620334139355788,-0.7521531977276892,819.9556332198142,-2.0164276215891093,6.06664993425875,0.0,0.0,0.0,0.0025214676034348168,5.808509442446043,-0.2563309914129586,-8.556657712910313,0.9690402476780186,0.04687500000000004,0.648711574493235,-0.8470008174046809,0.0,0.05387205387205387,0.045048713101643156,0.116793893129771,0.648711574493235,-0.8470008174046809,0.0,Biotechnology,Healthcare,XERS
2019Q2,2019,Q2,2019-08-06,2019-06-30,-34385000.0,320000.0,-34060000.0,-1.28,297000.0,0.928125,133894000.0,74791000.0,126149000.0,21008000.0,59103000.0,0.0,-180327000.0,311648122.82,277382122.82,2.781430807785284,6.0048076923076925,0.24200486952365305,0.4332473158535118,-0.31774166464540926,2.781430807785284,-0.45974783062133145,973.9003838125,-2.2658726393776356,4.166920121672394,0.0,0.0,0.0,0.002389950259160231,5.966108149276466,-0.2568076239413267,-13.357683889246067,0.928125,-0.19626168224299062,0.46973241217239864,-0.9543021972050231,0.0,0.1975806451612903,-0.36032757051865333,-0.3389943782678775,0.46973241217239864,-0.9543021972050231,0.0,Biotechnology,Healthcare,XERS
2019Q1,2019,Q1,2019-05-09,2019-03-31,-25277000.0,248000.0,-25437000.0,-1.07,248000.0,1.0,160970000.0,107100000.0,153445000.0,13406000.0,53870000.0,0.0,-145942000.0,228779184.03000003,198936184.03000003,4.545610232894404,11.445994330896614,0.19967074610175808,0.30010270774976655,-0.1826832613957096,4.545610232894404,-0.23601307189542484,922.4967097983872,-2.2627208928076907,2.136126835014006,0.0,0.0,0.0,0.0015406597502640243,11.285916753692376,-0.1570292601105796,-10.713645407417815,1.0,-0.09183673469387764,0.49933921785914104,-0.9354901532722667,0.0,-0.6903870162297129,-0.2379156667809393,-0.2521906074628335,0.49933921785914104,-0.9354901532722667,0.0,Biotechnology,Healthcare,XERS
2018Q4,2018,Q4,2019-03-06,2018-12-31,-20419000.0,801000.0,-20314000.0,-0.98,801000.0,1.0,120028000.0,75406000.0,117899000.0,10172000.0,44622000.0,0.0,-120665000.0,353168268.0,339342268.0,3.6297202103106274,11.590542666142351,0.2656880061319026,0.4229106437153542,-0.1893267223382046,3.6297202103106274,-0.27078747049306423,440.90919850187265,-4.324015230912385,4.683556587008991,0.0,0.0,0.0,0.006673442863331889,11.354895792371215,-0.17011863898423701,-19.002866182405164,1.0,-0.3802816901408451,-0.484844716804794,0.14075768052209994,1.8672223808521577,0.37628865979381443,-0.3827453104896052,-0.35943251020544736,-0.484844716804794,0.14075768052209994,1.8672223808521577,Biotechnology,Healthcare,XERS
2018Q3,2018,Q3,2018-11-08,2018-09-30,-14767000.0,582000.0,-14943000.0,-0.71,582000.0,1.0,137591000.0,95120000.0,135670000.0,8208000.0,42471000.0,0.0,-100246000.0,358774707.0,314671707.0,4.591958039004126,16.528996101364523,0.22997143708527448,0.33265349032800673,-0.11788233066691911,4.591958039004126,-0.15524600504625735,616.4513865979382,-6.073926779305207,3.771811469722456,0.0,0.0,0.0,0.004229927829581877,16.175925925925927,-0.10732533377909892,-21.498963746404602,1.0,0.7687296416938111,0.7945191771899351,-0.6414291336343872,0.0,-0.2893772893772894,-0.13706013706013706,-0.209274095654285,0.7945191771899351,-0.6414291336343872,0.0,Biotechnology,Healthcare,XERS
2018Q2,2018,Q2,2018-08-14,2018-06-30,-12987000.0,819000.0,-12357000.0,-3.07,819000.0,1.0,138256000.0,109337000.0,137032000.0,9189000.0,28919000.0,0.0,-85478000.0,80305404.92,-36055595.08,25.841551537749222,14.912612906736316,0.13140116884619835,0.1661560130605376,-0.09691460660057724,25.841551537749222,-0.11877955312474277,98.05299746031746,-1.5458805905905906,0.7344760229382552,0.0,0.0,0.0,0.005923793542414072,14.756012623789314,-0.0939344404582803,-5.58529732368897,1.0,-2.5697674418604652,-0.27282121404993304,-0.2567040716995177,0.0,2.7058823529411766,-0.09070294784580499,-0.05345268542199488,-0.27282121404993304,-0.2567040716995177,0.0,Biotechnology,Healthcare,XERS
2018Q1,2018,Q1,2018-03-31,2018-03-31,-11907000.0,263000.0,-11730000.0,-0.86,221000.0,0.8403041825095057,61564000.0,32850000.0,59835000.0,9191000.0,28714000.0,0.0,-72492000.0,279377657.34,239318657.33999997,2.3775236943577127,6.51017299532151,0.2932070690663375,0.5494977168949772,-0.23044733895208347,2.3775236943577127,-0.36246575342465753,1062.2724613688213,-5.865828028470647,8.504647103196348,0.0,0.0,0.0,0.004271977129491261,6.353715591339354,-0.1934084854785264,-34.33001441877611,0.8403041825095057,-0.2992114088890232,0.5978323296689462,-0.8833413800802582,0.0,-0.5267665952890792,-0.30188060354253227,-0.2737539363665979,0.5978323296689462,-0.8833413800802582,0.0,Biotechnology,Healthcare,XERS
2017Q4,2017,Q4,2017-12-31,2017-12-31,-9146000.0,467000.0,-9209000.0,-0.66194,467000.0,1.0,44998000.0,-57830000.0,44053000.0,4860000.0,102828000.0,0.0,-60585000.0,279377657.34,237332657.33999997,-4.185454954176759,9.064403292181069,0.0,0.0,0.1592426076430918,-4.185454954176759,0.15815320767767593,598.2390949464667,-7.636607733982068,-4.83101603562165,0.0,0.0,0.0,0.010378239032845904,8.897942386831275,-0.20325347793235254,-29.92477049485861,1.0,0.8092029581410418,0.0,0.0,0.0,1.7470588235294118,-0.21509233426331872,-0.21619123085050185,0.0,0.0,0.0,Biotechnology,Healthcare,XERS
2017Q3,2017,Q3,2017-09-30,2017-09-30,-7527000.0,170000.0,-7572000.0,-3.469341,170000.0,1.0,,,,,,,,43868826.72,,,0.0,0.0,0.0,0.0,,0.0,258.05192188235293,-1.457048848146672,0.0,0.0,0.0,0.0,0.0,0.0,0.0,-7.830922299178864,1.0,-0.4386466522719384,0.0,0.0,0.0,-0.696969696969697,-0.4386467889908257,-0.45643392960184653,0.0,0.0,0.0,Biotechnology,Healthcare,XERS
2017Q2,2017,Q2,2017-06-30,2017-06-30,-5232000.0,565000.0,-5199000.0,-2.411531,561000.0,0.9929203539823008,,,,,,,,43868826.72,,,0.0,0.0,0.0,0.0,,0.0,77.64394109734513,-2.0961786467889905,0.0,0.0,0.0,0.0,0.0,0.0,0.0,-6.683245996343692,0.9929203539823008,-0.1254032662642365,0.0,0.0,0.0,0.5847457627118644,-0.12540331254033124,-0.11830501183050118,0.0,0.0,0.0,Biotechnology,Healthcare,XERS
2017Q1,2017,Q1,2017-03-31,2017-03-31,-4649000.0,354000.0,-4649000.0,-2.142815,354000.0,1.0,,,,,,,,43868826.72,,,0.0,0.0,0.0,0.0,,0.0,123.9232393220339,-2.359046392772639,0.0,0.0,0.0,0.0,0.0,0.0,0.0,-11.362037482517483,1.0,0.0,0.0,0.0,0.0,0.0,0.0,0.0,0.0,0.0,0.0,Biotechnology,Healthcare,XERS
