Quarters,Year,Quarter,FillingDate,Date,NetIncome,Revenue,OperatingIncome,EPSDiluted,GrossProfit,GrossProfitRatio,TotalAssets,CommonStockEquity,CurrentAssets,CurrentLiability,TotalLiability,Inventory,RetainedEarnings,MarketCap,EnterpriseValue,bookValuePerShare,currentRatio,debtToAssets,debtToEquity,roic,shareholdersEquityPerShare,roe,priceToSalesRatio,peRatio,pbRatio,payoutRatio,inventoryTurnover,dividendYield,assetTurnover,quickRatio,returnOnAssets,priceToFreeCashFlowsRatio,grossProfitMargin,epsdilutedGrowth,fiveYNetIncomeGrowthPerShare,fiveYRevenueGrowthPerShare,fiveYShareholdersEquityGrowthPerShare,grossProfitGrowth,netIncomeGrowth,operatingIncomeGrowth,threeYNetIncomeGrowthPerShare,threeYRevenueGrowthPerShare,threeYShareholdersEquityGrowthPerShare,Industry,Sector,Symbol
2023Q1,2023,Q1,2023-05-12,2023-03-31,992707.0,4808117.0,5686939.0,0.08,4808117.0,1.0,950290213.0,139086259.0,97251510000.0,36500000.0,811203954.0,0.0,92527240.0,130134920.0,217664573.0,10.68785065530451,2664.424931506849,0.11789233380224237,0.8054852564551327,0.017416984094017103,10.68785065530451,0.007137347766323919,27.06567248675521,32.77274160452178,0.9356418163493778,0.0,0.0,0.0,0.005059630136378138,3.0227587671232876,0.0010446356138574691,115.86302806587373,1.0,-0.4285714285714286,0.19283306204721531,-0.29269731550198586,0.0,-0.23639205295320728,-0.4784424943166027,0.06061477524777939,1.7503790463426483,0.5166465960250832,0.1278079454041309,Banks—Regional,Financial Services,BSBK
2022Q4,2022,Q4,2023-03-24,2022-12-31,1903351.0,6296578.0,5361927.0,0.14,6296578.0,1.0,951099003.0,139659123.0,105908146.0,59000000.0,811439880.0,0.0,91756673.0,148683434.9,293161771.9,10.501432094235268,1.7950533220338982,0.16961352445030373,1.155092847031554,0.01286607013050751,10.501432094235268,0.013628547560047331,23.61337140586522,19.52916657253444,1.0646167017674883,0.0,0.0,0.0,0.006620318158403116,1.7950533220338982,0.0020012122754795906,86.35549373896478,1.0,0.0,-0.04588926205416906,-0.15525070675520186,-0.18024076141972012,-0.02808283320570631,-0.014117328963030262,0.15779451178064396,0.029132717898392068,-0.09297648204713246,-0.20757500665925804,Banks—Regional,Financial Services,BSBK
2022Q3,2022,Q3,2022-11-08,2022-09-30,1930606.0,6478513.0,4631156.0,0.14,6478513.0,1.0,946205818.0,141118359.0,104828442.0,0.0,805087459.0,0.0,89853322.0,148425636.01999998,263211180.01999998,10.47746439146436,0.0,0.13539476777979398,0.9078288459972809,0.012462419289962572,10.47746439146436,0.013680757157897506,22.910448125981993,19.220083748315297,1.051781193260616,0.0,0.0,0.0,0.006846832768047934,0.0,0.0020403658097143513,53.975765292522475,1.0,0.16666666666666682,-0.1362671958981865,-0.19913900742938834,0.0,0.087198388429017,0.17575990845349623,0.38092261965108054,0.2085854123652904,-0.056052964207164456,-0.2003849323571899,Banks—Regional,Financial Services,BSBK
2022Q2,2022,Q2,2022-08-11,2022-06-30,1642007.0,5958906.0,3353668.0,0.12,5958906.0,1.0,874945136.0,140460794.0,108119330.0,0.0,734484342.0,0.0,87922716.0,153153508.62,260828021.62,10.280962642826328,0.0,0.13175539614634763,0.820718292394104,0.009506539807005542,10.280962642826328,0.011690144653461094,25.70161513203934,23.318035279386752,1.0903648218021609,0.0,0.0,0.0,0.00681060532234332,0.0,0.0018766971006968372,-75.97175325296998,1.0,0.1999999999999999,0.11789021984173018,-0.15518504332191888,-0.2084945505669464,0.08989438520866164,0.1721111544960122,0.0880908765871185,0.11789021984173018,-0.15518504332191888,-0.2084945505669464,Banks—Regional,Financial Services,BSBK
2022Q1,2022,Q1,2022-05-13,2022-03-31,1400897.0,5467416.0,3082158.0,0.1,5467416.0,1.0,850690141.0,145025932.0,163416426.0,0.0,705664209.0,0.0,86280709.0,148567236.48000002,157516956.48000002,10.46447405144599,0.0,0.0916949312569969,0.5378622493527572,0.010051015118341645,10.46447405144599,0.009659631078943867,27.173208784551974,26.512876478427753,1.0244184224928823,0.0,0.0,0.0,0.006427035810680683,0.0,0.0016467770489889807,18.208958268144738,1.0,-0.28571428571428575,0.5806305760043622,-0.24477216465352236,0.0,-0.10333539756595486,-0.3108779106603859,-0.16603157174426025,0.5806305760043622,-0.24477216465352236,0.0,Banks—Regional,Financial Services,BSBK
2021Q4,2021,Q4,2022-03-29,2021-12-31,2032872.0,6097504.0,3695773.0,0.14,6097504.0,1.0,837361587.0,147576211.0,717118000.0,0.0,689785376.0,0.0,84879812.0,141509828.42,121492779.41999999,10.616406257812068,0.0,0.10157109822139476,0.5763241610804061,0.013251176071098093,10.616406257812068,0.013775065684536379,23.20782871483151,17.4026978112739,0.9588932217537418,0.0,0.0,0.0,0.0072818052495641885,0.0,0.0024277110767441973,0.027365364794597242,1.0,1.0,-0.025073469766176765,-0.21736854448987805,-0.17126568716847954,0.11880294127091161,0.9506052246503707,0.0,-0.025073469766176765,-0.21736854448987805,-0.17126568716847954,Banks—Regional,Financial Services,BSBK
2021Q3,2021,Q3,2021-11-12,2021-09-30,1042175.0,5450025.0,0.0,0.07,5450025.0,1.0,835033402.0,145615116.0,0.0,0.0,689418286.0,0.0,82846943.0,144539158.27,118313545.27000001,10.386748227463578,0.0,0.1079033494758333,0.618774365430578,0.0,10.386748227463578,0.007157052293939044,26.520824816399927,34.67247781562598,0.992610947547506,0.0,0.0,0.0,0.006526714963672795,0.0,0.0012480638469118388,212.3305793218133,1.0,-0.3,-0.5520527428400883,-0.3527370190340194,0.0,0.026800694001043377,-0.27562548480459076,0.0,-0.5520527428400883,-0.3527370190340194,0.0,Banks—Regional,Financial Services,BSBK
2021Q2,2021,Q2,2021-08-11,2021-06-30,1438724.0,5307773.0,0.0,0.1,5307773.0,1.0,818852295.0,144622102.0,721696086.0,0.0,674230193.0,0.0,81804768.0,141964406.14,138290149.14,10.370578361086645,0.0,0.11845427385655675,0.67068969859116,0.0,10.370578361086645,0.00994816131216237,26.74651047435525,24.668457282286248,0.9816231694654803,0.0,0.0,0.0,0.006481966323364826,0.0,0.0017570006322080345,-20.745015511517682,1.0,-0.5652173913043478,-0.04039768575458945,-0.26278010587777184,-0.20159526186975504,0.06914574864452586,-0.5214314439609794,0.0,-0.04039768575458945,-0.26278010587777184,-0.20159526186975504,Banks—Regional,Financial Services,BSBK
2021Q1,2021,Q1,2021-05-14,2021-03-31,3006307.0,4964499.0,0.0,0.23,4964499.0,1.0,843886299.0,143078150.0,764315202.0,0.0,700808149.0,0.0,80366044.0,134483904.18,116345047.18,10.915669261320518,0.0,0.12779134834608802,0.7537235280159829,0.0,10.915669261320518,0.021011642937793087,27.089118998714675,11.183480610928957,0.9399332055942854,0.0,0.0,0.0,0.005882900345559467,0.0,0.0035624550411144902,15.32018451810886,1.0,1.8750000000000002,2.586433755992102,-0.2749355561708661,0.0,0.3266077021557346,1.8732194739658996,0.0,2.586433755992102,-0.2749355561708661,0.0,Banks—Regional,Financial Services,BSBK
2020Q4,2020,Q4,2021-03-26,2020-12-31,1046320.0,3742251.0,0.0,0.08,3742251.0,1.0,740904878.0,128468076.0,0.0,0.0,612436802.0,0.0,77359737.0,112837968.54,136743149.54000002,10.144196780308324,0.0,0.14076155130942464,0.8118041714892655,0.0,10.144196780308324,0.008144591501471541,30.15243192933879,26.960673727922625,0.8783346964735427,0.0,0.0,0.0,0.005050919640456193,0.0,0.0014122190730130406,-315.5141836860236,1.0,0.0,-0.4492079627230471,-0.4727708792152206,-0.20812714361129725,0.010816797016912894,0.09400093683083512,0.0,-0.4492079627230471,-0.4727708792152206,-0.20812714361129725,Banks—Regional,Financial Services,BSBK
2020Q3,2020,Q3,2020-11-06,2020-09-30,956416.0,3702205.0,0.0,0.08,3702205.0,1.0,753504037.0,127399899.0,0.0,0.0,626104138.0,0.0,76313418.0,96449791.86,133185300.86,10.065208142586032,0.0,0.1435264254596157,0.8488840403240822,0.0,10.065208142586032,0.007507195904448872,26.051985738228975,25.211255316724102,0.7570633306389042,0.0,0.0,0.0,0.004913318068924958,0.0,0.0012692911424972233,193.29429066153085,1.0,-0.2727272727272727,-0.5446832826136098,-0.5130063816821567,0.0,-0.08666235762269058,-0.3183419536973486,0.0,-0.5446832826136098,-0.5130063816821567,0.0,Banks—Regional,Financial Services,BSBK
2020Q2,2020,Q2,2020-08-12,2020-06-30,1403073.0,4053490.0,0.0,0.11,4053490.0,1.0,738673580.0,126331951.0,0.0,0.0,612341629.0,0.0,75357002.0,110567537.52,171863673.51999998,9.986125010157503,0.0,0.1531198746813173,0.8953048306837278,0.0,9.986125010157503,0.011106240257462659,27.27712107837937,19.700959522419716,0.8752143590341607,0.0,0.0,0.0,0.005487525355922436,0.0,0.001899449280425056,69.35991207649646,1.0,2.082048810238149,0.03159577078344777,-0.3793749531908442,-0.23119335816529418,0.26461438915402125,2.048961447626054,0.0,0.03159577078344777,-0.3793749531908442,-0.23119335816529418,Banks—Regional,Financial Services,BSBK
2020Q1,2020,Q1,2020-05-26,2020-03-31,-1337583.0,3205317.0,0.0,-0.101659,3205317.0,1.0,708744480.0,124689370.0,0.0,0.0,584055110.0,0.0,73953929.0,90786922.5,124394198.5,9.476658414101436,0.0,0.14013262579484217,0.796525196975492,0.0,9.476658414101436,-0.010727321823825079,28.323851431855257,-16.968465227952212,0.7281047494265149,0.0,0.0,0.0,0.004522528344771024,0.0,-0.001887257026679065,39.10374170756353,1.0,-1.7310020996922368,-2.5896406860787096,-0.5336404101313024,0.0,0.08533329811851277,-2.700009786364925,0.0,-2.5896406860787096,-0.5336404101313024,0.0,Banks—Regional,Financial Services,BSBK
2019Q4,2019,Q4,2020-03-30,2019-12-31,786809.0,2953302.0,0.0,0.139068,2953302.0,1.0,766612254.0,74977847.0,0.0,0.0,691634407.0,0.0,75291512.0,65573148.65,34803073.65,13.252272685093947,0.0,0.12665135926721047,1.2949489467202226,0.0,13.252272685093947,0.010493886280837058,22.20333330285897,20.835154608678852,0.8745669724285361,0.0,0.0,0.0,0.0038524064604894773,0.0,0.001026345451556009,400.5323192743487,1.0,0.17257021441640458,-0.0728982556358374,-0.06865778392231878,0.03449442593210109,0.024388924133945708,0.1725671893581952,0.0,-0.0728982556358374,-0.06865778392231878,0.03449442593210109,Banks—Regional,Financial Services,BSBK
2019Q3,2019,Q3,2019-12-23,2019-09-30,671014.0,2882989.0,0.0,0.118601,2882989.0,1.0,665632191.0,74134067.0,0.0,0.0,591498124.0,0.0,74504703.0,65573148.65,141704003.65,13.103135265260745,0.0,0.16360117114588288,1.4689360830561204,0.0,13.103135265260745,0.009051358264210704,22.744848714303107,24.43061867934201,0.8845211291321707,0.0,0.0,0.0,0.0043312042881652035,0.0,0.001008085259506327,106.18359577034872,1.0,0.10315223558519596,-0.28533573608883384,-0.15158270305075297,0.0,-0.013000844926537952,0.10314974739877456,0.0,-0.28533573608883384,-0.15158270305075297,0.0,Banks—Regional,Financial Services,BSBK
2019Q2,2019,Q2,2019-06-30,2019-06-30,608271.0,2920964.0,0.0,0.107511,2920964.0,1.0,663950679.0,73489023.0,0.0,0.0,590461656.0,0.0,73833689.0,65573148.65,118799534.65,12.989124269694498,0.0,0.11802836186270396,1.0663498819408717,0.0,12.989124269694498,0.008277032067768815,22.449146463290887,26.950630824911922,0.8922849423375787,0.0,0.0,0.0,0.004399368947704623,0.0,0.0009161388326556708,90.0172402124508,1.0,0.6811465027911996,0.0,0.0,0.0,-0.011656907743920905,0.6811518498250502,0.0,0.0,0.0,0.0,Banks—Regional,Financial Services,BSBK
2019Q1,2019,Q1,2019-03-31,2019-03-31,361818.0,2955415.0,0.0,0.063951,2955415.0,1.0,,,,,,,,65573148.65,,,0.0,0.0,0.0,0.0,,0.0,22.187458834038537,45.3081028652527,0.0,0.0,0.0,0.0,0.0,0.0,0.0,72.46957037565882,1.0,-0.5736600000000001,0.0,0.0,0.0,-0.06799143618593026,-0.5736676894362512,0.0,0.0,0.0,0.0,Banks—Regional,Financial Services,BSBK
2018Q4,2018,Q4,2018-12-31,2018-12-31,848676.0,3171017.0,0.0,0.15,3171017.0,1.0,665008538.0,72477768.0,0.0,0.0,592530770.0,0.0,72794887.0,65573148.65,115694236.65,12.810385781589275,0.0,0.11223719055468728,1.0298149633967757,0.0,12.810385781589275,0.011709466549797726,20.67890164259605,19.316308181803187,0.9047346580816341,0.0,0.0,0.0,0.004768385394775187,0.0,0.0012761881261741034,73.44308982654285,1.0,-0.09613507357460499,0.0,0.0,0.0,-0.06682069486907162,-0.09611661032545835,0.0,0.0,0.0,0.0,Banks—Regional,Financial Services,BSBK
2018Q3,2018,Q3,2018-09-30,2018-09-30,938922.0,3398079.0,0.0,0.165954,3398079.0,1.0,,,,,,,,65573148.65,,,0.0,0.0,0.0,0.0,,0.0,19.297123065708597,17.459690115366346,0.0,0.0,0.0,0.0,0.0,0.0,0.0,56.03723613899165,1.0,0.0,0.0,0.0,0.0,0.0,0.0,0.0,0.0,0.0,0.0,Banks—Regional,Financial Services,BSBK
