Quarters,Year,Quarter,FillingDate,Date,NetIncome,Revenue,OperatingIncome,EPSDiluted,GrossProfit,GrossProfitRatio,TotalAssets,CommonStockEquity,CurrentAssets,CurrentLiability,TotalLiability,Inventory,RetainedEarnings,MarketCap,EnterpriseValue,bookValuePerShare,currentRatio,debtToAssets,debtToEquity,roic,shareholdersEquityPerShare,roe,priceToSalesRatio,peRatio,pbRatio,payoutRatio,inventoryTurnover,dividendYield,assetTurnover,quickRatio,returnOnAssets,priceToFreeCashFlowsRatio,grossProfitMargin,epsdilutedGrowth,fiveYNetIncomeGrowthPerShare,fiveYRevenueGrowthPerShare,fiveYShareholdersEquityGrowthPerShare,grossProfitGrowth,netIncomeGrowth,operatingIncomeGrowth,threeYNetIncomeGrowthPerShare,threeYRevenueGrowthPerShare,threeYShareholdersEquityGrowthPerShare,Industry,Sector,Symbol
2024Q1,2024,Q1,2023-05-25,2023-04-30,9128000.0,144905000.0,10899000.0,0.4,82003000.0,0.5659086988,741496000.0,491971000.0,525390000.0,116013000.0,246583000.0,195235000.0,455979000.0,566985260.0,453029260.0,22.134932061549538,4.528716609345504,0.11369043123631145,0.17135359604529535,0.01295945449682544,22.134932061549538,0.01855393915495019,3.912806735447362,15.528737401402278,1.1524769955952687,3.2757449605609117,0.32218608343790817,0.05273682070676758,0.1954224972218326,2.62342151310629,0.012310248470659316,-23.842946173254838,0.5659086988026638,-0.6,0.1689108008754963,0.18430806467499058,0.10912841757770873,-0.24944167826023284,-0.5983455073484115,-0.5829251492423083,1.0633615003176287,1.1656252583559803,0.38514290962473624,Luxury Goods,Consumer Cyclical,MOV
2023Q4,2023,Q4,2023-03-23,2023-01-31,22726000.0,194273000.0,26132000.0,1.0,109256000.0,0.5623838619,787705000.0,507606000.0,567189000.0,142420000.0,277161000.0,186203000.0,476752000.0,782763506.72,619770506.72,22.930231169323616,3.9825094790057576,0.11246723075262947,0.17452709384837847,0.03255701644833612,22.930231169323616,0.044770944393880296,4.029193489162158,8.61088078324386,1.5420690589157733,0.3415911291032298,0.4565823321858402,0.0099174270815577,0.2466316704857783,2.505083555680382,0.028850902304796845,10.356617492756117,0.5623838618850793,-0.21875000000000003,1.6983728703782215,0.3566549574220724,0.1245686725755226,-0.0972592892495063,-0.22399781465546678,-0.3171853361553134,5.744342081806894,0.05778747648686263,0.0024865107112850555,Luxury Goods,Consumer Cyclical,MOV
2023Q3,2023,Q3,2022-11-22,2022-10-31,29286000.0,211397000.0,38271000.0,1.28,121027000.0,0.5725104897,775680000.0,478021000.0,563879000.0,165595000.0,292133000.0,215006000.0,461789000.0,740073530.0,635351530.0,21.36024844720497,3.4051692382016365,0.10564021245874587,0.17142133922986647,0.04656916972572102,21.36024844720497,0.06126509086420889,3.5008705421552815,6.317639230348972,1.548202965978482,0.26644130301167795,0.420313851706464,0.010543546936478054,0.27253119843234325,1.9940759080890123,0.0377552599009901,-8132.676153846154,0.5725104897420493,0.21904761904761902,0.7397492104493123,0.14324781367498984,0.011349422623545253,0.13186566536047958,0.22009748781402325,0.24836089636950778,0.7028862662964293,0.06200970618085203,-0.051655690616639924,Luxury Goods,Consumer Cyclical,MOV
2023Q2,2023,Q2,2022-08-25,2022-07-31,24003000.0,182804000.0,30657000.0,1.05,106927000.0,0.5849270257,766136000.0,470836000.0,550123000.0,159618000.0,290280000.0,215038000.0,440306000.0,795846240.0,676882240.0,20.872240446848124,3.446497262213535,0.10983036954274437,0.1787140320621193,0.03795722719540384,20.872240446848124,0.0509795342752041,4.3535493752871925,8.289028871391077,1.6902833258289511,0.32733408323959506,0.35285391419191026,0.00987251004666429,0.23860515626468407,1.9640454084125851,0.03132994664132739,-126.70693201719472,0.5849270256668344,0.3291139240506329,3.4808022784122996,0.45265735691146164,0.007691329467433229,0.10593163365568599,0.2965483714146816,0.21202656756543053,0.4064640454962027,0.18811885302020423,-0.03470310159588593,Luxury Goods,Consumer Cyclical,MOV
2023Q1,2023,Q1,2022-05-26,2022-04-30,18513000.0,163424000.0,25294000.0,0.79,96685000.0,0.5916205698,739984000.0,459650000.0,524982000.0,138389000.0,275515000.0,180003000.0,424160000.0,821554800.0,683326800.0,20.124781085814362,3.79352405176712,0.1176079482799628,0.18933536386380942,0.030418049341515232,20.124781085814362,0.04027629718263896,5.027136773056589,11.094295900178253,1.7873486348308494,0.42888780856695297,0.37076604278817576,0.009664601801364924,0.22084801833553158,2.322590668333466,0.025018108499643237,-37.08213947190251,0.5916205698061484,-0.41044776119402987,5.497109795859759,0.6632797471220827,-0.00030284260060620653,-0.19986593399318084,-0.41436796153359484,-0.33783606900704205,3.774304181958125,0.12877120566202369,-0.04978379277278199,Luxury Goods,Consumer Cyclical,MOV
2022Q4,2022,Q4,2022-03-24,2022-01-31,31612000.0,205975000.0,38199000.0,1.34,120836000.0,0.5866537201,761160000.0,472808000.0,553884000.0,151466000.0,284074000.0,160283000.0,413587000.0,848563883.64,647858883.64,20.654888686537312,3.6568206726262,0.10040333175679227,0.16163643593171012,0.05055147331025063,20.654888686537312,0.06686012081013858,4.119742122296395,6.7107734692521825,1.794732499534695,0.18179805137289637,0.5311792267426989,0.006772619140173237,0.2706067055546797,2.486544835144521,0.041531346891586524,9.428173323555882,0.5866537201116641,-0.007407407407407414,5.2772197379265195,0.6362123581504792,0.03632501651604435,-0.037730740439899976,-0.005755621953137286,-0.07335710646968925,0.8221123008798736,0.0389282622547407,-0.04264296702791775,Luxury Goods,Consumer Cyclical,MOV
2022Q3,2022,Q3,2021-11-23,2021-10-31,31795000.0,217746000.0,41223000.0,1.35,125574000.0,0.5766994572,741017000.0,457118000.0,536151000.0,145035000.0,281454000.0,170714000.0,387959000.0,800010800.0,967275800.0,19.792942195280364,3.6967007963594996,0.22572356639591265,0.36591208396956587,0.050758505546845106,19.792942195280364,0.06955534457186109,3.674055091712362,6.290382135555905,1.7501187877090816,0.1449284478691618,0.5399205689047178,0.005759922241049746,0.2938475095713054,0.9892232909297756,0.04290724774195464,55.95263673241013,0.5766994571656885,0.6463414634146344,0.5701178235676803,0.2088270863832778,-0.02929335368617802,0.27547154479802544,0.6380731581658938,0.6734867860187553,0.1891351341431878,0.049275639741797043,-0.043135796860279324,Luxury Goods,Consumer Cyclical,MOV
2022Q2,2022,Q2,2021-08-26,2021-07-31,19410000.0,173874000.0,24633000.0,0.82,98453000.0,0.5662318690546028,710898000.0,434567000.0,504466000.0,135105000.0,273939000.0,183289000.0,361162000.0,693725364.36,573387364.36,18.83660359176203,3.733881055475371,0.11166580859701392,0.18267148679029932,0.03258852711653908,18.83660359176203,0.04466514944761107,3.9898165588874703,8.935154100463679,1.5963599729385802,0.23987635239567234,0.41148677771170117,0.006711589685488028,0.2445836111509668,2.2059361237555977,0.027303495016162655,18.96305290326108,0.5662318690546028,1.0499999999999998,2.080909718918269,0.35875259087305644,-0.052307274689980116,0.32682407482278103,1.0629184823041768,0.8582528666264333,1.1397091535906845,0.21581407507352385,-0.055027364627243,Luxury Goods,Consumer Cyclical,MOV
2022Q1,2022,Q1,2021-05-27,2021-04-30,9409000.0,134798000.0,13256000.0,0.4,74202000.0,0.5504681078354279,694706000.0,426777000.0,483454000.0,114550000.0,265486000.0,169966000.0,346408000.0,731548400.0,635579400.0,18.30090051457976,4.220462680052379,0.13096331397742356,0.21318159132286885,0.016503769845658548,18.30090051457976,0.02204664262600843,5.426997433196338,19.437464130088212,1.7141233009276509,0.7399298543947285,0.35651836249602864,0.00951680025545815,0.19403603826654728,2.5302400698384986,0.013543858841006123,-46.23030839231547,0.5504681078354279,-0.689922480620155,1.8141904676225418,0.16926830812059587,-0.07962170255217295,-0.26384713830768775,-0.6891128366099455,-0.4878887386517288,0.14837035475249125,0.05001989535190592,-0.08298571816072813,Luxury Goods,Consumer Cyclical,MOV
2021Q4,2021,Q4,2021-03-25,2021-01-31,30265000.0,178330000.0,25885000.0,1.29,100797000.0,0.5652273874278024,719257000.0,425264000.0,501651000.0,127671000.0,291923000.0,152580000.0,341641000.0,501268995.99,382960995.99,18.333380108318796,3.9292478323190076,0.14668331347487754,0.2480882463599082,0.04996926599154934,18.333380108318796,0.07116755709394634,2.810906723434083,4.140665752436808,1.1787242653739793,0.0,0.5081465460741906,0.0,0.24793641215865816,2.5502424199700795,0.042078144529702176,6.730249677631579,0.5652273874278024,1.0476190476190477,2.8374761046582293,0.24497102737022858,-0.034542077863689076,0.09025126280380301,1.0414839797639124,0.12216586465513504,1.887579520026156,0.18845736366502852,-0.10087496371094314,Luxury Goods,Consumer Cyclical,MOV
2021Q3,2021,Q3,2020-11-24,2020-10-31,14825000.0,169863000.0,23067000.0,0.63,92453000.0,0.5442798019580486,701778000.0,389345000.0,471593000.0,133352000.0,311120000.0,176841000.0,313696000.0,254039350.0,142297350.0,16.720850332832295,3.5364523966644668,0.07335083174451179,0.13221179159871066,0.029129268497665842,16.720850332832295,0.03807676995980429,1.4955543585124482,4.283968802698145,0.6524787784612619,0.0,0.43773785490921224,0.0,0.24204663013089608,2.0001499790029396,0.021124914146638966,62.47893507132317,0.5442798019580486,3.25,-0.3149789970581162,-0.08957008092640092,-0.14001625149414504,1.0383852191551284,3.241118669690098,3.5871467025572006,-0.15358037155305584,-0.11711368791505486,-0.20831340648111965,Luxury Goods,Consumer Cyclical,MOV
2021Q2,2021,Q2,2020-08-27,2020-07-31,-6615000.0,88538000.0,-8916000.0,-0.28,45356000.0,0.512277214303463,679689000.0,373671000.0,433553000.0,109409000.0,305030000.0,173374000.0,298871000.0,224033600.0,192321600.0,16.07878657487091,3.9626813150654883,0.07112223384518508,0.12936781286211668,-0.014091339376273592,16.07878657487091,-0.01770273850526265,2.5303666222412975,-8.466878306878307,0.5995477304901906,0.0,0.2490684877778675,0.0,0.13026251712180129,2.1051558829712365,-0.009732392314720409,16.933756613756614,0.512277214303463,0.95679012345679,-1.5583667116820388,-0.3812066529031207,-0.1418259127614357,0.4221302480168062,0.9558979419039555,0.9510548245252878,-2.198628424680114,-0.3170771100936798,-0.22373192944404366,Luxury Goods,Consumer Cyclical,MOV
2021Q1,2021,Q1,2020-06-09,2020-04-30,-149993000.0,69666000.0,-182163000.0,-6.48,31893000.0,0.45779863922142794,697913000.0,369799000.0,442476000.0,93615000.0,327368000.0,177832000.0,305486000.0,238583710.0,226787710.0,15.980251501663714,4.726550232334562,0.1182239046987232,0.223121209089262,-0.27458649570927485,15.980251501663714,-0.4056068296561105,3.4246793270749003,-0.3976580740434554,0.645171322799683,0.0,0.21240834045616086,0.0,0.0998204647284117,2.538001388666346,-0.2149164723969893,-8.98688074431219,0.45779863922142794,-44.20000000000001,-44.44814291309147,-0.3932314196383284,-0.15390120266642243,-0.6829973759541985,-43.806221461187214,-28.587914584279872,-34.961819633610475,-0.30018327764686015,-0.20618207310580772,Luxury Goods,Consumer Cyclical,MOV
2020Q4,2020,Q4,2020-03-26,2020-01-31,3504000.0,190983000.0,6603000.0,0.15,100608000.0,0.5267903425959378,847308000.0,526537000.0,464554000.0,109300000.0,320064000.0,171406000.0,455479000.0,396398631.29999995,359396631.29999995,22.873356323821394,4.250265324794144,0.06126461688075647,0.09858756364699917,0.004256811056460396,22.873356323821394,0.006654802986304856,2.075570240806773,28.281865817636987,0.7528409804059353,1.3139269406392695,0.527256922161418,0.011614570880078617,0.22539973657749013,2.4177493138151878,0.0041354501550793805,5.364785438969264,0.5267903425959378,-0.8026315789473684,-0.6194558000735458,0.5567853653864885,0.19191110291766036,-0.08595517357294061,-0.8027582324795947,-0.7083222899549431,-0.3081014599689184,0.508630301107214,0.14763297589261754,Luxury Goods,Consumer Cyclical,MOV
2020Q3,2020,Q3,2019-11-26,2019-10-31,17765000.0,205618000.0,22638000.0,0.76,110069000.0,0.5353081928624925,867055000.0,520681000.0,484198000.0,137431000.0,346374000.0,201164000.0,456579000.0,602197850.0,632118850.0,22.52372712722239,3.523208009837664,0.058456499299352406,0.09734367107691658,0.02645246511546452,22.52372712722239,0.034118779060499614,2.928721464074157,8.474498311286236,1.156558142125409,0.2589361103292992,0.4749806128333101,0.007638685525031349,0.23714527913454164,1.8358085148183452,0.020488896321455962,-39.759530569127165,0.5353081928624925,0.013333333333333345,-0.12366261914245771,0.19468552095545538,0.20259374796882018,0.28978544393536365,0.014852899171665239,1.579535095715588,-0.12355408796969104,0.14041158666929213,0.10463272243411928,Luxury Goods,Consumer Cyclical,MOV
2020Q2,2020,Q2,2019-08-28,2019-07-31,17505000.0,157816000.0,8776000.0,0.75,85339000.0,0.5407499873270137,840631000.0,500304000.0,461655000.0,126897000.0,340327000.0,200953000.0,443414000.0,609223540.0,622557540.0,21.62261215316795,3.638029267831391,0.05983600414450573,0.10053887236560172,0.010642530346905522,21.62261215316795,0.03498872685407273,3.8603407766005984,8.700707512139388,1.2177067143176947,0.26306769494430166,0.36066642448731795,0.007558801815176086,0.1877351656077399,1.8013743429710711,0.020823643191840414,-51.80912832723871,0.5407499873270137,3.4117647058823524,0.5804630127512291,0.205752174684833,0.1567007512897781,0.08197989172467131,3.4598726114649683,0.7643747486932047,1.7704089449979477,0.22966015409192186,0.08786024720077719,Luxury Goods,Consumer Cyclical,MOV
2020Q1,2020,Q1,2019-05-30,2019-04-30,3925000.0,146549000.0,4974000.0,0.17,78873000.0,0.5382022395239817,828661000.0,489641000.0,447106000.0,111982000.0,339020000.0,178048000.0,430514000.0,824192350.0,816188350.0,21.17915999826982,3.992659534568056,0.05920394467701509,0.10019585778151748,0.006469467373336625,21.17915999826982,0.008016077085048026,5.624005281509938,52.49632802547771,1.6832584485367852,1.1696815286624205,0.38009974838245864,0.005570301641358356,0.17685036462437595,2.1112946723580577,0.004736556927380437,-29.560015422136146,0.5382022395239817,-0.7702702702702702,-0.4162225449030838,0.3275825590534056,0.13455305732431214,-0.28709461658049823,-0.7750329569553505,-0.7089696331402493,0.18415671286560936,0.28225113014650177,0.06513005767412167,Luxury Goods,Consumer Cyclical,MOV
2019Q4,2019,Q4,2019-03-28,2019-01-31,17447000.0,199376000.0,17091000.0,0.74,110636000.0,0.5549113233287858,759701000.0,496655000.0,468146000.0,112683000.0,263046000.0,165311000.0,431180000.0,735489958.5,595858958.5,21.574906722536852,4.154539726489355,0.06618393288938675,0.10123727738571041,0.03216401217954639,21.574906722536852,0.0351290130976231,3.6889593456584544,10.538917270877516,1.48088705137369,0.26445807302114976,0.5368063831203005,0.006273369128533113,0.26244009156233833,2.4310410620945486,0.02296561410344333,13.009922673482745,0.5549113233287858,-0.35087719298245607,1.7068042473762768,0.6822626103174121,0.19628569841523452,-0.024064076779224446,-0.3519426491345368,-0.29103579873065916,1.229132884811746,0.4025485566415949,0.13616062567609488,Luxury Goods,Consumer Cyclical,MOV
2019Q3,2019,Q3,2018-12-04,2018-10-31,26922000.0,208949000.0,24107000.0,1.14,113364000.0,0.5425438743425429,763916000.0,481014000.0,483903000.0,137072000.0,282902000.0,183539000.0,418337000.0,895511540.0,802433540.0,20.68521544680485,3.530283354733279,0.0649155142712026,0.10309471242001272,0.05074261356386767,20.68521544680485,0.05596926492783994,4.285790025317183,8.315796931877275,1.861716166265431,0.1718297303320704,0.5207884972676107,0.005165762576325929,0.27352352876494274,1.9608235088128867,0.03524209468056697,45.559195156695154,0.5425438743425429,1.9230769230769227,0.2822662607407084,0.20771554490763425,0.14626869057499256,0.456484312768199,1.9455142231947484,0.8745723172628305,0.24564726646857912,0.12141562371905038,0.06387825765444977,Luxury Goods,Consumer Cyclical,MOV
2019Q2,2019,Q2,2018-08-29,2018-07-31,9140000.0,144093000.0,12860000.0,0.39,77834000.0,0.5401650323055249,627248000.0,463354000.0,468670000.0,90628000.0,163894000.0,171417000.0,396041000.0,1157601000.0,982018000.0,19.933491073349106,5.171359844639626,0.0,0.0,0.01988812243323389,19.933491073349106,0.0197257388519361,8.033707397305907,31.663047045951856,2.4983079891400526,0.5060175054704595,0.3865369245757422,0.003995331724834378,0.22972253398974568,2.8622611113563137,0.014571588909012065,347.8368389423077,0.5401650323055249,0.1142857142857144,-0.1928512456059853,0.145865937580643,0.16921158311747858,0.15268645222439428,0.12630930375847196,0.5800466887824057,-0.2286660638107697,0.006851415551905833,0.06391147290210102,Luxury Goods,Consumer Cyclical,MOV
2019Q1,2019,Q1,2018-05-30,2018-04-30,8115000.0,127149000.0,8139000.0,0.35,67524000.0,0.5310619823986032,612132000.0,460948000.0,452169000.0,77955000.0,151184000.0,159032000.0,391526000.0,911176650.0000001,734217650.0000001,19.957050699225007,5.800384837406196,0.0,0.0,0.017969310219858807,19.957050699225007,0.01760502269236443,7.166211688648752,28.070753234750462,1.976744990758177,0.5673444239063463,0.374924543488103,0.00505280726849179,0.207715002646488,3.295798858315695,0.01325694458058066,-203.66040455967817,0.5310619823986032,1.2379644385942965,0.09795103260163661,0.28386212991606674,0.2049303007530278,-0.14249793637691283,1.2393240533207504,-0.39015435336430393,1.3551322469826734,0.10953678591105967,0.056656498377484106,Luxury Goods,Consumer Cyclical,MOV
2018Q4,2018,Q4,2018-03-29,2018-01-31,-33908000.0,149214000.0,13346000.0,-1.470808,78745000.0,0.5277319822536759,645380000.0,470335000.0,481600000.0,100296000.0,175045000.0,151676000.0,388739000.0,705840010.2,516029010.20000005,20.39024537008316,4.80178671133445,0.03873686820167963,0.05315360328276654,-0.06964447236149776,20.39024537008316,-0.0720932952044819,4.730387297438578,-5.204081707856553,1.5007175953309875,-0.08791435649404271,0.4646021783274875,0.004223336672506468,0.23120332207381697,2.97029791816224,-0.05253958907930212,11.410465901485637,0.5277319822536759,-2.9610773333333333,-5.741935361453456,0.3370140864811657,0.22937076826991168,-0.2433458249255309,-2.953225806451613,-0.4700813976573357,-4.674999946893064,0.21382968755225507,0.06251830749066199,Luxury Goods,Consumer Cyclical,MOV
2018Q3,2018,Q3,2017-11-21,2017-10-31,17360000.0,190693000.0,25185000.0,0.75,104070000.0,0.5457463042691656,659566000.0,487441000.0,484652000.0,100872000.0,172125000.0,169866000.0,425649000.0,639288300.0,513804300.0,21.120542484509727,4.804623681497343,0.04548445492945361,0.06154591017169257,0.03400199862209235,21.120542484509727,0.035614566686019436,3.3524476514607247,9.20634072580645,1.311519342853802,0.1720046082949309,0.5099490186382207,0.004670819096798737,0.2891189054620766,2.859316757871362,0.026320337919177157,-632.3326409495548,0.5457463042691656,2.125,-0.43900921048918895,0.3260255953376476,0.26783317949167296,0.5738136285273568,2.1667274717256477,2.0281351448839726,-0.14223102873598326,0.10979229867052699,0.12767448309579524,Luxury Goods,Consumer Cyclical,MOV
2018Q2,2018,Q2,2017-08-29,2017-07-31,5482000.0,128781000.0,8317000.0,0.24,66126000.0,0.5134763668553591,634073000.0,478158000.0,452722000.0,86096000.0,155915000.0,176967000.0,411275000.0,567891000.0,435474000.0,20.712930474333984,5.258339527968779,0.04731316425711235,0.06274076769603353,0.01113749463944885,20.712930474333984,0.011464829616988527,4.409742120343839,25.897984312294785,1.187663910255606,0.5445093031740241,0.3540490599942362,0.0052562903796679284,0.2031012202065062,2.8332326705073405,0.008645692215249664,126.16996223061543,0.5134763668553591,2.3333333333333335,-0.2574119418921505,0.19098589312443154,0.3703443478035023,0.3457476036388058,2.3181053137773504,3.2798793859649122,-0.5039137492451805,-0.013823263967075228,0.10803736714876293,Luxury Goods,Consumer Cyclical,MOV
2018Q1,2018,Q1,2017-05-25,2017-04-30,-4159000.0,99265000.0,-3648000.0,-0.18,49137000.0,0.4950083110864857,595041000.0,464520000.0,492982000.0,66860000.0,130521000.0,160376000.0,408778000.0,546877500.0,343283500.0,20.130877573131094,7.373347292850733,0.050416693975709234,0.06458279514337381,-0.007903225221690938,20.130877573131094,-0.008953328166709722,5.50926812068705,-32.87313657129118,1.1772959183673468,-0.7169992786727579,0.3125654711428144,0.005452775073028238,0.16682043758329257,4.487750523481902,-0.006989434341499157,-32.18630451415455,0.4950083110864857,-1.8181818181818183,-1.6822862672095382,0.04206209311840735,0.2934405130702487,-0.24038833150401162,-1.7949159021406729,-1.4902566859293105,-1.6197605288107568,-0.09904694721891748,0.07839728766783634,Luxury Goods,Consumer Cyclical,MOV
2017Q4,2017,Q4,2017-03-20,2017-01-31,5232000.0,130785000.0,7441000.0,0.22,64687000.0,0.49460565049508737,607802000.0,473993000.0,504780000.0,71402000.0,133809000.0,153167000.0,415919000.0,645676358.6999999,419397358.6999999,19.930898470419713,7.06954987255259,0.04935817914386593,0.0632920739335813,0.010884280614930261,19.930898470419713,0.011038137694016579,4.936929760293611,30.852272491399084,1.3622065277335318,0.5693807339449541,0.4315420423459361,0.004613766571843976,0.21517698197768353,4.525447466457522,0.008608066442690219,9.638830798513144,0.49460565049508737,-0.7471264367816092,-0.4833539055151269,0.1280423491304768,0.2787133519359591,-0.34361237950279044,-0.7411822903784319,-0.7605162370055679,-0.21428569954006965,0.06816829837955295,0.10512870824248123,Luxury Goods,Consumer Cyclical,MOV
2017Q3,2017,Q3,2016-11-22,2016-10-31,20215000.0,179818000.0,31071000.0,0.87,98550000.0,0.548054143634119,624478000.0,470097000.0,527332000.0,83939000.0,154381000.0,169402000.0,413666000.0,508362750.0,346604750.0,20.39024072869226,6.282324068668914,0.0608508226070414,0.08083438098945536,0.04190304741873261,20.39024072869226,0.0430017634658379,2.827096008186055,6.286949666089538,1.0813996898512435,0.14746475389562205,0.4797345958135087,0.005863922956589561,0.28794929525139396,3.9294487663660513,0.032371036289509,359.26696113074206,0.548054143634119,2.222222222222222,0.33232890232960194,0.3631200467572313,0.2996155223509129,0.4025874215447675,2.2056771328893117,2.0790803686453274,-0.028870420368513304,0.048310809117059005,0.12992270255503816,Luxury Goods,Consumer Cyclical,MOV
2017Q2,2017,Q2,2016-08-25,2016-07-31,6306000.0,128086000.0,10091000.0,0.27,70263000.0,0.5485611229954874,598736000.0,458983000.0,499429000.0,68809000.0,139104000.0,186090000.0,396432000.0,523957480.0,356162480.0,19.876277498700848,7.258192968943016,0.06346703722508752,0.08279173738460902,0.013172234427090023,19.876277498700848,0.01373907094598275,4.090669394000906,20.772180463051065,1.1415618443384614,0.4736758642562639,0.31072599279918317,0.005700844274615566,0.21392734026348842,4.04790071066285,0.01053218780898426,95.04035552330855,0.5485611229954874,0.9285714285714285,0.5433941854298263,0.22039606783881727,0.23298150276420962,0.14589754880375752,0.9062877871825876,0.8763480847898847,-0.4394306436565828,0.025322744122755324,0.1658556845473712,Luxury Goods,Consumer Cyclical,MOV
2017Q1,2017,Q1,2016-05-26,2016-04-30,3308000.0,114063000.0,5378000.0,0.14,61317000.0,0.5375713421530207,594062000.0,458786000.0,494540000.0,65761000.0,134644000.0,178388000.0,393113000.0,650889330.0,481980330.0,19.88410696485069,7.520262769726738,0.05891640939834563,0.0762882912730554,0.0071826997946286735,19.88410696485069,0.0072103333580362085,5.706401988374846,49.19054791414752,1.4187209941018253,0.9017533252720678,0.29568132385586476,0.004582960362862301,0.1920052115772428,4.252976688310701,0.005568442351135067,-29.93282731662451,0.5375713421530207,-0.5861587849621925,6.262867355474871,0.3684580178127243,0.33143827356500755,-0.18624835768602938,-0.5806288032454361,-0.5341302841302842,-0.551965500801803,0.1529268089610321,0.20052623739104478,Luxury Goods,Consumer Cyclical,MOV
2016Q4,2016,Q4,2016-03-31,2016-01-31,7888000.0,143264000.0,11544000.0,0.338294,75351000.0,0.5259590685727049,585170000.0,440552000.0,489035000.0,78182000.0,144023000.0,162465000.0,392788000.0,578840000.0,390652000.0,18.989310344827587,6.25508429050165,0.06835620417998188,0.09079518422342879,0.0177891008316116,18.989310344827587,0.017904810328860158,4.040373017645745,18.345588235294116,1.313897110897238,0.3209939148073022,0.41801618810205277,0.004374265772925161,0.24482458089102313,3.8271980762835436,0.013479843464292427,9.389132197891321,0.5259590685727049,-0.6322891304347826,1.2701341595860218,0.5208034322970797,0.3401081464233128,-0.24718259201534587,-0.6336615270295375,-0.6549291564536378,0.09677418108347027,0.27632226089537876,0.14490544982790762,Luxury Goods,Consumer Cyclical,MOV
2016Q3,2016,Q3,2015-11-24,2015-10-31,21532000.0,185629000.0,33454000.0,0.92,100092000.0,0.5392045423936993,613118000.0,450441000.0,520555000.0,87126000.0,160209000.0,178965000.0,387432000.0,596318580.0,455138580.0,19.443216644364828,5.974737736152239,0.06524029632142589,0.08880186306308706,0.04508104006724891,19.443216644364828,0.04780204288685977,3.212421442770257,6.923632036039383,1.3238550220783631,0.11801040312093627,0.47795378984717685,0.004261145108039398,0.3027622741462492,3.5077703555769806,0.03511885150982356,109.37611518708731,0.5392045423936993,0.8400000000000001,0.36443631057630416,0.6114922745694656,0.2879357888626404,0.26637819782889244,0.7864432091595454,0.834704398376659,-0.3068334933079669,0.28590880316100176,0.16714592893860966,Luxury Goods,Consumer Cyclical,MOV
2016Q2,2016,Q2,2015-08-27,2015-07-31,12053000.0,145569000.0,18234000.0,0.5,79038000.0,0.5429590091296911,590011000.0,442995000.0,495307000.0,71572000.0,144927000.0,188515000.0,368441000.0,598902520.0,450890520.0,18.736042970732534,6.920401833119097,0.06779534618846089,0.0902944728495807,0.02500937894861935,18.736042970732534,0.027207982031399902,4.114217450143918,12.422270803949223,1.3519396832921362,0.21596283083049864,0.3529215181815771,0.004346283264929324,0.2467225187327016,3.7560777957860614,0.020428432690237978,52.092069235452726,0.5429590091296911,2.3333333333333335,1.6386188226332596,0.7843237856557757,0.3527432208239039,0.26564076286249577,2.3277194919933737,1.6522181818181818,0.5940906498432802,0.3144154373767968,0.2395556783701526,Luxury Goods,Consumer Cyclical,MOV
2016Q1,2016,Q1,2015-05-27,2015-04-30,3622000.0,120461000.0,6875000.0,0.15,62449000.0,0.5184167489892995,584537000.0,458557000.0,487164000.0,89898000.0,123887000.0,183904000.0,358992000.0,710889120.0,550061120.0,18.88698051814325,5.419074951611827,0.042768892302796915,0.05451884934697322,0.00763962972011868,18.88698051814325,0.00789869089338948,5.901404770008551,49.067443401435675,1.550274273427295,0.7277747101049145,0.31544718983817643,0.0037080325550628763,0.20607934142748877,2.8843800751963338,0.006196357116829217,-55.84799434362479,0.5184167489892995,-0.6220377206354806,1.3436028686975736,0.5515789276119495,0.3201017947767134,-0.07322321653829601,-0.6396378469803999,-0.31693989071038253,-0.43527492696389347,0.2018626245609103,0.21351817291566577,Luxury Goods,Consumer Cyclical,MOV
2015Q4,2015,Q4,2015-03-31,2015-01-31,10051000.0,133911000.0,10065000.0,0.396865,67383000.0,0.5031924188453525,583023000.0,482209000.0,485278000.0,66072000.0,98738000.0,170788000.0,358006000.0,603813825.0,403961825.0,19.19048850860611,7.3446845865116845,0.0,0.0,0.020803235759499567,19.19048850860611,0.020843659077288065,4.509068149741246,15.01875,1.2521828190680806,0.25002487314695054,0.38953556455957095,0.004161878870527683,0.22968390612377212,4.146355490979538,0.017239457105465823,11.06757748776509,0.5031924188453525,-0.5438333333333333,1.4188810595126922,0.42666474811393723,0.28103448217192156,-0.3251036637887863,-0.5474357242559322,-0.6980469804698047,-0.06064347175458283,0.09314932338659962,0.23121062116430852,Luxury Goods,Consumer Cyclical,MOV
2015Q3,2015,Q3,2014-11-25,2014-10-31,22209000.0,188557000.0,33333000.0,0.87,99842000.0,0.5295056667214688,601769000.0,474338000.0,507165000.0,92392000.0,124959000.0,182663000.0,350468000.0,894007799.9999999,736070799.9999999,18.729290057648267,5.489273963113689,0.0,0.0,0.04729786074822322,18.729290057648267,0.04682104322234356,4.741313236846152,10.063575577468592,1.8847484283359122,0.11400783466162366,0.48567580736109667,0.0028321900547176437,0.31333784226173167,3.1017295869772274,0.03690618825496162,235.6372693726937,0.5295056667214688,0.8510638297872342,2.0318889160195326,0.41773095622010087,0.14744071436771208,0.28652423781666364,0.8277508024030944,0.9415773532152842,0.3324939063810544,0.30119422063464935,0.19375128550007215,Luxury Goods,Consumer Cyclical,MOV
2015Q2,2015,Q2,2014-08-26,2014-07-31,12151000.0,143591000.0,17168000.0,0.47,77606000.0,0.5404656280686115,591443000.0,474512000.0,497212000.0,82757000.0,114180000.0,195331000.0,330791000.0,1038967120.0,869318120.0,18.69335014182162,6.008095991879841,0.0,0.0,0.025781052572815846,18.69335014182162,0.025607360825437502,7.235600559923672,21.376164924697555,2.1895486731631655,0.2087071022961073,0.33781120252289704,0.002440885713495919,0.24278079206280234,3.152156313061131,0.02054466787162922,289.325291005291,0.5404656280686115,0.6206896551724138,21.21635191041362,0.5453419108100188,0.12236956028328448,0.1911712790287179,0.6498302783435166,0.572017214540793,1.7054306380314164,0.24459441030998816,0.15960118543662274,Luxury Goods,Consumer Cyclical,MOV
2015Q1,2015,Q1,2014-05-22,2014-04-30,7365000.0,120921000.0,10921000.0,0.29,65151000.0,0.5387897883742278,574884000.0,472752000.0,480956000.0,68275000.0,99311000.0,184443000.0,321176000.0,994766000.0,856939000.0,18.66740375123396,7.044393994873673,0.0,0.0,0.015799727335849334,18.66740375123396,0.01557899279114631,8.226577682950024,33.766666666666666,2.1042026263241613,0.3425661914460285,0.30236983783607946,0.0025362748626310107,0.2103398250777548,3.651190040278286,0.012811280188698938,-73.16607825831127,0.5387897883742278,0.04106461421376279,1.7940406853758284,0.7285967404868783,0.15424797452853034,-0.05924567534005256,0.02391213679966634,0.6514441252079238,13.73228035538006,0.321730861807608,0.24996791992818165,Luxury Goods,Consumer Cyclical,MOV
2014Q4,2014,Q4,2014-03-28,2014-01-31,7193000.0,132259000.0,6613000.0,0.278561,69254000.0,0.5236241011953818,578610000.0,463304000.0,485310000.0,83593000.0,112620000.0,181305000.0,316334000.0,969770546.5,812111546.5,18.034911519144597,5.805629657985716,0.0,0.0,0.016013869557889023,18.034911519144597,0.015525443337419923,7.332359586115123,33.70535751772557,2.0931624732357155,0.2826358960100097,0.3475083422961308,0.002096372185500274,0.2285805637648848,3.103621116600672,0.012431516911218264,29.362072983529128,0.5236241011953818,-0.6870101123595507,1.30044826193323,0.3403433494517909,0.10589050382081777,-0.31614495902044043,-0.6875190060384899,-0.8059793451472832,1.2224634230672085,0.2679356040026322,0.2727545870781205,Luxury Goods,Consumer Cyclical,MOV
2014Q3,2014,Q3,2013-11-26,2013-10-31,23019000.0,189685000.0,34084000.0,0.89,101270000.0,0.5338851253393785,594991000.0,460075000.0,497332000.0,103064000.0,132323000.0,175542000.0,311174000.0,1188831850.0,1025685850.0,18.045695234359677,4.825467670573624,0.0,0.0,0.05104145438908931,18.045695234359677,0.050033146769548446,6.26740042702375,12.911419370954428,2.5839957615606153,0.0892740779356184,0.5036686377049368,0.0017285876047146616,0.31880314156012446,2.7784774509042927,0.03868798015432166,78.93445654339021,0.5338851253393785,0.8541666666666667,0.40010282015931975,0.33585931668405117,0.03856348605448889,0.35355128445026596,0.8483218243134736,1.0002347417840376,0.32547070181668764,0.49633961558634987,0.19536274024781258,Luxury Goods,Consumer Cyclical,MOV
2014Q2,2014,Q2,2013-08-27,2013-07-31,12454000.0,138301000.0,17040000.0,0.48,74818000.0,0.540979457849184,543641000.0,435849000.0,447227000.0,77221000.0,105643000.0,179939000.0,290209000.0,932611199.9999999,781095199.9999999,17.04866027772345,5.791520441330726,0.0,0.0,0.02920265409072252,17.04866027772345,0.028574116265036743,6.743343865915647,18.72111771318452,2.139757576591893,0.10253733740163803,0.35280289431418427,0.0013692737123465813,0.25439766316374224,2.9637274834565726,0.022908500278676552,67.72775599128539,0.540979457849184,0.5126733665491192,0.4718097351863614,0.025358954646856433,-0.047526459401432505,0.24865234733556968,0.5169305724725944,0.7031484257871065,1.6102820174158183,0.5678526348236237,0.2309141076824978,Luxury Goods,Consumer Cyclical,MOV
2014Q1,2014,Q1,2013-05-29,2013-04-30,8210000.0,110010000.0,10005000.0,0.317319,59919000.0,0.544668666484865,515379000.0,424940000.0,419866000.0,60191000.0,88506000.0,172266000.0,279032000.0,775845000.0,634361000.0,16.562825822168087,6.975561130401555,0.0,0.0,0.016761290693016098,16.562825822168087,0.019320374641125806,7.052495227706572,23.625,1.8257754035863887,0.15493300852618758,0.2907770540907666,0.0016395027357268526,0.21345456450495653,3.5059892674984634,0.015930024312205193,-31.881857407026917,0.544668666484865,0.034781984849324835,5.806084867894316,0.12385995796003108,-0.026026691888869184,-0.04404913848117422,0.03674706402323526,0.9544832975190467,1.737036691251984,0.3409024663282478,0.15765545865918337,Luxury Goods,Consumer Cyclical,MOV
2013Q4,2013,Q4,2013-03-26,2013-01-31,7919000.0,123594000.0,5119000.0,0.306653,62680000.0,0.5071443597585643,526362000.0,423690000.0,434099000.0,73486000.0,100670000.0,164354000.0,272094000.0,933931086.1600001,766042086.1600001,16.585920127886453,5.907234030971885,0.0,0.0,0.019448284642523492,16.585920127886453,0.0186905520545682,7.556443566516174,29.48387063265564,2.204279275319219,2.568379845940144,0.3706268177227205,0.021777838109690615,0.2348079838590172,3.1596358490052525,0.015044779068397794,39.73667558013871,0.5071443597585643,-0.7711544776119402,-0.5801177742521253,-0.07244696772096691,-0.048770025157215416,-0.30678286643294,-0.7702839903692745,-0.7951580632252901,1.3246328248118115,0.2952204789424645,0.10717012716187227,Luxury Goods,Consumer Cyclical,MOV
2013Q3,2013,Q3,2012-11-28,2012-10-31,34473000.0,160202000.0,24990000.0,1.34,90419000.0,0.5644061871886743,562371000.0,428297000.0,475958000.0,106106000.0,130972000.0,169668000.0,284514000.0,814749900.0,649936900.0,16.658770906262156,4.4856841271935615,0.0,0.0,0.08138554446087341,16.658770906262156,0.08048853949478983,5.0857660953046775,5.908608911321904,1.902301206872801,0.03660836016592696,0.4112914633283825,0.0015489415831778561,0.28486888548662714,2.5630124592388746,0.06129939132707768,222.36623908296943,0.5644061871886743,3.1875,0.3201169623465592,-0.0966328873277629,0.01329524443041794,0.37502661273153076,3.278108711839166,1.3248674295283283,2.5777840037706334,0.18654338372649326,0.02059138015024498,Luxury Goods,Consumer Cyclical,MOV
2013Q2,2013,Q2,2012-08-28,2012-07-31,8058000.0,118027000.0,10749000.0,0.32,65758000.0,0.5571437044066189,479474000.0,380871000.0,409100000.0,69104000.0,95989000.0,170414000.0,251303000.0,590641120.0,434303120.0,15.11512818477657,5.920062514470942,0.0,0.0,0.02155117469288163,15.11512818477657,0.021156769614908984,5.004288171350623,18.324681062298335,1.5507642220069264,1.7159344750558452,0.30671775793068645,0.02341015471459217,0.24615933293567535,3.126476036119472,0.016805916483479812,28.698368398037026,0.5571437044066189,0.23076923076923075,-0.3216254077879321,-0.1262556878972815,0.002082409204336216,0.11407030919102075,0.21483491632745363,0.2663760603204524,13.841642825188146,0.2795955438728991,-0.09247087088906454,Luxury Goods,Consumer Cyclical,MOV
2013Q1,2013,Q1,2012-05-31,2012-04-30,6633000.0,103655000.0,8488000.0,0.26,59025000.0,0.5694370749119676,493040000.0,390792000.0,420962000.0,73027000.0,99349000.0,172041000.0,244502000.0,711840150.0,553090150.0,15.563821737225696,5.76447067522971,0.0,0.0,0.017567757057816675,15.563821737225696,0.016973223607443345,6.86739809946457,26.82949457259159,1.8215320426211385,0.1893562490577416,0.25941490691172453,0.0017644410757106071,0.2102364919681973,3.026442274775083,0.013453269511601492,-28.214036860879904,0.5694370749119676,-0.38941825664047885,1.8525765661714921,0.05547841166958949,0.06555502934175832,-0.10217212740713699,-0.37962962962962965,0.08251498533350338,1.7212736042284214,0.4945217954417226,-0.03765355078215542,Luxury Goods,Consumer Cyclical,MOV
2012Q4,2012,Q4,2012-03-30,2012-01-31,10692000.0,122410000.0,7841000.0,0.42582340993269346,65742000.0,0.537063965362307,506043000.0,391366000.0,432632000.0,86393000.0,111969000.0,163680000.0,251695000.0,462256690.0,280055690.0,15.586682066191406,5.007720532913546,0.0,0.0,0.0280056541132697,15.586682066191406,0.027319695630177377,3.776298423331427,10.808471053123831,1.1811365575957031,0.06995884773662552,0.3462121212121212,0.0016181485658974455,0.24189643963062427,2.817774588218953,0.02112863926583314,9.307119213965008,0.537063965362307,-0.34488706164201005,-0.21448932366604853,-0.11188420222668653,0.06756008474901343,-0.1887109114692598,-0.34820775420629113,-0.590077373483898,1.4569210886702668,0.26920082028114417,-0.04423353201497245,Luxury Goods,Consumer Cyclical,MOV
2012Q3,2012,Q3,2011-12-01,2011-10-31,16404000.0,142622000.0,19128000.0,0.65,81034000.0,0.568173213108777,498973000.0,391075000.0,433842000.0,80769000.0,105124000.0,176092000.0,241751000.0,417011980.0,278983980.0,15.689440744604028,5.371392489692828,0.0,0.0,0.04354013879812355,15.689440744604028,0.04194591830211596,2.923896593793384,6.355339856132651,1.0663222655500864,0.045476712996830045,0.3497489948436045,0.0017889174311011401,0.2858310970733887,2.876561552080625,0.032875526331084044,22.01520325203252,0.568173213108777,2.611111111111111,-0.2254262802955006,-0.11360570996848131,0.10940834289438862,0.3296032553407935,2.721415607985481,2.814918228958915,0.020529736167061403,0.02734587791520219,-0.0970433633980476,Luxury Goods,Consumer Cyclical,MOV
2012Q2,2012,Q2,2011-09-01,2011-07-31,4408000.0,113231000.0,5014000.0,0.18,60946000.0,0.5382448269466842,495973000.0,401610000.0,427525000.0,66374000.0,91905000.0,196611000.0,226093000.0,414801449.99999994,286020449.99999994,16.12049933769518,6.4411516557688255,0.0,0.0,0.010485086561916858,16.12049933769518,0.010975822315181395,3.6633205570912555,23.525490585299455,1.0328464181668782,0.16901088929219601,0.26593120425611994,0.0017960400090211836,0.22830073411254242,2.9899207521017264,0.008887580573942533,58.08730569948186,0.5382448269466842,8.0,-0.5999340972068745,-0.07865909498019895,0.20360478890804817,0.25343973016885013,7.977596741344196,2.1734177215189874,-0.46543051431567894,-0.13853880326644305,-0.09938089971479598,Luxury Goods,Consumer Cyclical,MOV
2012Q1,2012,Q1,2011-06-02,2011-04-30,491000.0,89854000.0,1580000.0,0.02,48623000.0,0.5411333941727692,460017000.0,371461000.0,390973000.0,60309000.0,86101000.0,185885000.0,222430000.0,415130370.00000006,305874370.00000006,14.934306275881477,6.48283009169444,0.0,0.0,0.0017728593956846724,14.934306275881477,0.0013218076729454775,4.620054421617291,211.36984215885948,1.1175611167794197,1.5193482688391038,0.22180918309707615,0.0017970258355224646,0.19532756398133114,2.8165945381286375,0.0010673518587356555,214.09508509541004,0.5411333941727692,1.0158902446815308,-0.824128273908161,-0.05991320175603211,0.14589226235900285,0.5740183224887507,1.0156838944611257,1.067065664926355,-0.5801436710820834,-0.053147222505980585,-0.12179142351440413,Luxury Goods,Consumer Cyclical,MOV
2011Q4,2011,Q4,2011-04-07,2011-01-31,-31306000.0,100996000.0,-23559000.0,-1.258633860008845,30891000.0,0.30586359855835876,442108000.0,352450000.0,372897000.0,62549000.0,87378000.0,179516000.0,220936000.0,358419930.0,255403930.0,14.169983516262613,5.96167804441318,0.0,0.0,-0.08702686835213805,14.169983516262613,-0.08882394665910058,3.548852726840667,-2.8622303232607167,1.0169383742374805,0.0,0.39052229327747945,0.0,0.2284419191690718,2.6025036371484758,-0.07081075212391542,10.871752305265712,0.30586359855835876,-2.8509321470718305,-11.812094178718333,-0.18110064763338835,0.12046114661138106,-0.5496676191031546,-2.8578125927244673,-2.2947351066168387,-2.704767679148267,-0.2215584485691241,-0.18732798905533027,Luxury Goods,Consumer Cyclical,MOV
2011Q3,2011,Q3,2010-12-02,2010-10-31,16851000.0,123002000.0,18196000.0,0.68,68596000.0,0.5576819889107494,466423000.0,373455000.0,388686000.0,65560000.0,90601000.0,206549000.0,252242000.0,270633588.71999997,207390588.71999997,15.096417703816496,5.928706528370958,0.0,0.0,0.04659884784157247,15.096417703816496,0.045121902237217335,2.2002373028080844,4.015096859533559,0.7246752318753262,0.0,0.26340480951251277,0.0,0.26371341035926615,2.3617602196461256,0.03612814976962971,17.1678247094646,0.5576819889107494,1.8499999999999999,0.22291634771545568,-0.11147730763190575,0.2192901254560488,0.505453747393833,1.8530424217879924,18.46257197696737,-0.329348789590506,-0.2791478178313217,-0.08173728102220791,Luxury Goods,Consumer Cyclical,MOV
2011Q2,2011,Q2,2010-09-02,2010-07-31,-19754000.0,85388000.0,-1042000.0,-0.8,45565000.0,0.5336229915210569,445019000.0,342756000.0,366718000.0,61542000.0,100262000.0,204643000.0,235391000.0,281125920.0,236799920.0,13.850406109831495,5.958824867570114,0.022470950678510355,0.0291752733723115,-0.0036089429697047566,13.850406109831495,-0.05763283501966413,3.2923352227479272,-3.5578353751139007,0.8201925568042572,0.0,0.1945974208744008,0.0,0.19187495365366422,1.8645152903708038,-0.04438911597032936,-33.24573320719016,0.5336229915210569,-0.8604651162790699,-3.3562541990550736,-0.24481455536592583,0.17836363170629987,0.03076575048071485,-0.844272243488003,0.8894664262225522,-2.6933271557476735,-0.356359523209573,-0.08176443141401225,Luxury Goods,Consumer Cyclical,MOV
2011Q1,2011,Q1,2010-05-27,2010-04-30,-10711000.0,78888000.0,-9427000.0,-0.43,44205000.0,0.5603513842409492,450479000.0,352959000.0,366172000.0,54903000.0,95515000.0,204613000.0,255145000.0,306154700.0,254134700.0,14.307215241183624,6.669435185691128,0.02219859305317229,0.028331902572253435,-0.027047946931892417,14.307215241183624,-0.030346300845140655,3.8808779535544065,-7.145801045654001,0.8673945132437478,0.0,0.16950535889703977,0.0,0.17512026087786556,2.1981676775403893,-0.02377691301925284,-40.74999334486889,0.5603513842409492,0.549702861023856,-11.909146612923486,-0.08716970755390553,0.14682041118915598,0.1998859965798974,0.5453349180745395,0.675222214566251,-5.688323807593568,-0.18241990050160303,-0.02047675606211597,Luxury Goods,Consumer Cyclical,MOV
2010Q4,2010,Q4,2010-04-01,2010-01-31,-23558000.0,92154000.0,-29026000.0,-0.9549250101337657,36841000.0,0.3997764611411333,469377000.0,369568000.0,380291000.0,58363000.0,97925000.0,204096000.0,265856000.0,265942599.99999997,204967599.99999997,14.980462099716254,6.515960454397478,0.02130483598472017,0.027058619793921553,-0.06059987322803217,14.980462099716254,-0.0637446965105204,2.8858497732057207,-2.8222111384667627,0.7196039700406961,0.0,0.2710146205707118,0.0,0.19633258553359026,2.3676130425098094,-0.05018993261280378,7.641589563818171,0.3997764611411333,-0.1234411883926656,-4.331730700398463,-0.21998188369756325,0.1854875127464537,-0.3895240935905084,-0.12879731672256828,-10.876148349778836,-2.761537231306618,-0.31950152640393575,0.026038981281423804,Luxury Goods,Consumer Cyclical,MOV
2010Q3,2010,Q3,2009-12-09,2009-10-31,-20870000.0,128966000.0,2939000.0,-0.85,60348000.0,0.4679372857962564,516228000.0,400852000.0,419424000.0,61617000.0,113406000.0,228766000.0,289414000.0,257367840.0,232799840.0,16.322664712110107,6.806952626710161,0.04825387231998264,0.06214263618492611,-0.07600204308197224,16.322664712110107,-0.052064103459630987,1.9956255137012857,-3.0829880210828944,0.6420520291778512,0.0,0.29994841890840424,0.0,0.24982372130144045,2.5146793904279665,-0.04042787295536081,15.90359265896311,0.4679372857962564,-43.5,-2.8562083404846494,0.023482316453886876,0.31962564249160824,0.14590612182895338,-40.52651515151515,-0.05710619185113892,-2.000218866126105,-0.18646685230910207,0.15418393202515723,Luxury Goods,Consumer Cyclical,MOV
2010Q2,2010,Q2,2009-09-03,2009-07-31,528000.0,89701000.0,3117000.0,0.02,52664000.0,0.5871060523294055,526352000.0,408137000.0,413910000.0,55515000.0,116515000.0,248187000.0,312049000.0,349931400.0,342457400.0,16.655254029789837,7.455822750607944,0.07599477155971669,0.09800630670583652,0.003488542739653738,16.655254029789837,0.0012936832485170421,3.901086944404187,165.6872159090909,0.857387102860069,0.0,0.14923021753758256,0.0,0.17042017509195367,2.2365666936863913,0.0010031309845882604,-38.432883031301486,0.5871060523294055,1.0540540540540542,-0.9247593263436217,-0.07753352640305625,0.48366599089095774,0.4224671150365989,1.0589285714285714,1.2803309650148396,-0.9512813555072971,-0.25796632295015615,0.24353117672105762,Luxury Goods,Consumer Cyclical,MOV
2010Q1,2010,Q1,2009-06-09,2009-04-30,-8960000.0,67575000.0,-11119000.0,-0.37,37023000.0,0.5478801331853496,554941000.0,395651000.0,437466000.0,130933000.0,157435000.0,241603000.0,311521000.0,224334880.0,174766880.0,16.17278449967299,3.3411439438491444,0.04504983412651074,0.06318700066472725,-0.02028042643066623,16.17278449967299,-0.022646221038238247,3.3197910469848315,-6.25934375,0.5670019284672603,-0.13616071428571427,0.12645538341825224,0.005438298315446979,0.12176970164395855,1.074427378888439,-0.01614586055094145,-17.748012658227847,0.5478801331853496,0.6029790780297382,-13.209742087752723,-0.08644533426449978,0.4916303565187743,-0.29489401413144917,0.6070003070310102,0.5363799357878497,-4.263046369145727,-0.28118472925791876,0.24091928186205983,Luxury Goods,Consumer Cyclical,MOV
2009Q4,2009,Q4,2009-04-09,2009-01-31,-22799000.0,93969000.0,-23983000.0,-0.9319408109875735,52507000.0,0.5587693813917356,563990000.0,398960000.0,440078000.0,133910000.0,163225000.0,228884000.0,320481000.0,187883520.0,126262520.0,16.308044473512098,3.286371443506833,0.044327027074948136,0.06266292360136355,-0.05403390975255742,16.308044473512098,-0.0571460798074995,1.999420234332599,-2.0602166761700076,0.4709332263886104,0.0,0.18114852938606454,0.0,0.16661465628823205,1.219707266074229,-0.0404244756112697,29.485800376647834,0.5587693813917356,-2.5031303403025382,-4.706012923564199,0.01632187562056006,0.4565534911056005,-0.39088420222268627,-2.4494882064975525,-2.640424076607387,-9.005689452306624,-0.22533905555990538,0.2895237449507076,Luxury Goods,Consumer Cyclical,MOV
2009Q3,2009,Q3,2008-12-04,2008-10-31,15729000.0,135846000.0,14620000.0,0.62,86202000.0,0.6345567775274944,606393000.0,423809000.0,482520000.0,93548000.0,180857000.0,236734000.0,344501000.0,370987110.0,355234110.0,17.37563035545898,5.157993757215547,0.11432190015386061,0.16357368531579083,0.03261147828937488,17.37563035545898,0.03711341665703182,2.7309387836226313,5.896546347510967,0.8753639257306948,0.12403840040689172,0.20970371809710478,0.005258942824185994,0.2240230345666919,2.1757921067259587,0.025938623961688213,-71.96646168768186,0.6345567775274944,0.9375,0.5487354382782448,0.3372314931576607,0.6558257182244362,0.02740068889074288,0.9332595870206489,0.3123877917414722,0.15772910841294954,-0.004736735872707885,0.4033749550152906,Luxury Goods,Consumer Cyclical,MOV
2009Q2,2009,Q2,2008-09-05,2008-07-31,8136000.0,129689000.0,11140000.0,0.32,83903000.0,0.6469554087085257,598062000.0,439984000.0,467963000.0,75442000.0,156101000.0,238736000.0,330722000.0,528491500.0,503764500.0,17.8993531589439,6.202950611065455,0.09994950356317572,0.13585948579948362,0.016816978212657357,17.8993531589439,0.018491581512054985,4.075068047405717,16.239291420845625,1.2011607240263282,0.2386922320550639,0.1917850680249313,0.003674609714631172,0.21684875481137408,2.3975371808806765,0.013603940728553227,-37.46041253189679,0.6469554087085257,5.4,0.3813872936073697,0.654375914631929,0.7918315128957879,0.2904183328206706,5.514011208967173,5.9063856168629885,-0.022985422798724904,0.15473657667306445,0.5228395923058874,Luxury Goods,Consumer Cyclical,MOV
2009Q1,2009,Q1,2008-05-29,2008-04-30,1249000.0,101353000.0,1613000.0,0.05,65020000.0,0.6415202312709046,629652000.0,451749000.0,499804000.0,82356000.0,175990000.0,231402000.0,324529000.0,580179600.0,524139600.0,17.00542066629023,6.068823157996989,0.11345155736819704,0.158129846441276,0.002145230591700839,17.00542066629023,0.002764809662002572,5.7243456039781755,116.12882305844676,1.2842963681159227,1.6140912730184147,0.15701247180231803,0.003474786083481736,0.1609666927128001,2.63471999611443,0.0019836354049538475,-18.413723498793956,0.6415202312709046,-0.932277061132922,0.31251435818684914,0.5152070626417947,0.7090458140045313,-0.20510532171106519,-0.9363177484321623,-0.4926077382824788,0.18136072059581715,0.08911824984126239,0.36309988996475995,Luxury Goods,Consumer Cyclical,MOV
2008Q4,2008,Q4,2008-03-27,2008-01-31,19613000.0,138567000.0,3179000.0,0.7383022774327123,81797000.0,0.5903064943312621,646216000.0,463195000.0,519325000.0,99693000.0,181156000.0,205129000.0,325296000.0,643404300.0,534748300.0,17.43628834933183,5.2092423740884515,0.09423319756861483,0.13146730858493724,0.032770923648804885,17.43628834933183,0.04234285775969084,4.643272207668493,8.20124789680314,1.3890570925851962,0.10630704124815174,0.27675267758337435,0.0032405751717854547,0.2144283026108917,2.646916032218912,0.030350532948735406,11.775334919472913,0.5903064943312621,-0.23886363151266776,2.1805428558738225,0.5670941064967622,0.7639135454406778,-0.2556262342224285,-0.26066797346200243,-0.8884130717118888,1.5759345894104282,0.08920504059881815,0.37983074014591844,Luxury Goods,Consumer Cyclical,MOV
2008Q3,2008,Q3,2007-12-06,2007-10-31,26528000.0,180153000.0,28489000.0,0.97,109887000.0,0.6099648631996136,642956000.0,429385000.0,509622000.0,102558000.0,211926000.0,210510000.0,307770000.0,785890620.0,735737620.0,16.4401945018761,4.969110162054642,0.09472965490640106,0.14184706033047265,0.05419564503494602,16.4401945018761,0.06178138500413382,4.362351001648599,7.406236994873342,1.830270316848516,0.07867159227985525,0.3337893686760724,0.0026555858371232373,0.2801949122490497,2.55519803428304,0.04125943299385961,116.41099392682565,0.6099648631996136,1.1555555555555557,1.7385099651487392,0.799606180981075,0.8211752971632185,0.31844359657332083,1.163078930202218,0.7438330170777988,1.2185123824758999,0.3443108055562343,0.32912748101291184,Luxury Goods,Consumer Cyclical,MOV
2008Q2,2008,Q2,2007-09-07,2007-07-31,12264000.0,139467000.0,16337000.0,0.45,83346000.0,0.5976037342166964,592387000.0,392418000.0,466067000.0,79462000.0,198502000.0,215557000.0,283329000.0,734691840.0,689710840.0,15.083717712177123,5.865281518209962,0.11390357992325963,0.17194675065873635,0.026674314305708022,15.083717712177123,0.03125238903414217,5.267854331132096,14.976594911937378,1.8722174823784838,0.1697651663405088,0.26035341000292267,0.002833841192519574,0.23543224277372732,2.68136971130855,0.020702682536922652,37.35278051756571,0.5976037342166964,4.0,1.0755035677683658,0.7550804216481618,0.7181251237853707,0.3518782845649776,4.11,4.8935786435786435,0.6461335921988949,0.35094898202671115,0.34367202960273013,Luxury Goods,Consumer Cyclical,MOV
2008Q1,2008,Q1,2007-05-31,2007-04-30,2400000.0,101363000.0,2772000.0,0.09,61652000.0,0.6082298274518315,581032000.0,378537000.0,459138000.0,73289000.0,201959000.0,212106000.0,273147000.0,853154720.0,827839720.0,14.606304985337243,6.26476005949051,0.13158311418303983,0.20197233031381345,0.004837077550088588,14.606304985337243,0.0063401992407611405,8.416825863480756,88.87028333333333,2.2538212116649103,0.86375,0.18722242652258778,0.0024298054636561115,0.17445338638835728,2.8315572596160408,0.004130581448181856,-33.51092815900075,0.6082298274518315,-0.8339782190903268,5.561699801211328,0.6065264818979141,0.8865575054909861,-0.2908591081102842,-0.8291693358957933,-0.8155934007450771,2.0872316581329646,0.2935625628850751,0.34715255206307083,Luxury Goods,Consumer Cyclical,MOV
2007Q4,2007,Q4,2007-01-31,2007-01-31,14049000.0,142261000.0,15032000.0,0.5420975459175799,86939000.0,0.6111232171853144,577618000.0,378381000.0,472879000.0,89457000.0,198794000.0,193342000.0,280495000.0,743789200.0,690974200.0,14.60028553789165,5.286103938204947,0.13883916359947232,0.2119451029517867,0.02901336800377056,14.60028553789165,0.03712924274738954,5.228342272302317,13.235625311410065,1.9657149804033498,0.11039931667734358,0.28613544910055755,0.0020852682453576903,0.2462890699389562,2.7323518561990676,0.024322302975322792,12.185474860335196,0.6111232171853144,-0.3389054318078294,1.7710349131171554,0.7273143556513538,0.991402081482943,-0.11197932626504055,-0.3580534612748458,-0.24000202234693363,1.1557383122583045,0.4524193370294374,0.30402494952080733,Luxury Goods,Consumer Cyclical,MOV
2007Q3,2007,Q3,2006-10-31,2006-10-31,21885000.0,166272000.0,19779000.0,0.82,97902000.0,0.5888062933025404,580764000.0,364274000.0,480367000.0,101047000.0,216246000.0,207709000.0,267996000.0,,,,,,,,,,,,,,,,,,,,,,,,,,,,,,,Luxury Goods,Consumer Cyclical,MOV
2007Q2,2007,Q2,2006-07-31,2006-07-31,11349000.0,126588000.0,14074000.0,0.43,78512000.0,0.6202167662021677,549110000.0,343691000.0,456715000.0,79806000.0,205174000.0,215461000.0,247656000.0,,,,,,,,,,,,,,,,,,,,,,,,,,,,,,,Luxury Goods,Consumer Cyclical,MOV
2007Q1,2007,Q1,2006-04-30,2006-04-30,2855000.0,97744000.0,3434000.0,0.11,59590000.0,0.6096537894909151,537822000.0,331505000.0,447045000.0,75338000.0,206086000.0,213763000.0,237850000.0,,,,,,,,,,,,,,,,,,,,,,,,,,,,,,,Luxury Goods,Consumer Cyclical,MOV
