Quarters,Year,Quarter,FillingDate,Date,NetIncome,Revenue,OperatingIncome,EPSDiluted,GrossProfit,GrossProfitRatio,TotalAssets,CommonStockEquity,CurrentAssets,CurrentLiability,TotalLiability,Inventory,RetainedEarnings,MarketCap,EnterpriseValue,bookValuePerShare,currentRatio,debtToAssets,debtToEquity,roic,shareholdersEquityPerShare,roe,priceToSalesRatio,peRatio,pbRatio,payoutRatio,inventoryTurnover,dividendYield,assetTurnover,quickRatio,returnOnAssets,priceToFreeCashFlowsRatio,grossProfitMargin,epsdilutedGrowth,fiveYNetIncomeGrowthPerShare,fiveYRevenueGrowthPerShare,fiveYShareholdersEquityGrowthPerShare,grossProfitGrowth,netIncomeGrowth,operatingIncomeGrowth,threeYNetIncomeGrowthPerShare,threeYRevenueGrowthPerShare,threeYShareholdersEquityGrowthPerShare,Industry,Sector,Symbol
2023Q1,2023,Q1,2023-05-03,2023-04-02,148319000.0,1729783000.0,182794000.0,1.5,374428000.0,0.2164595212,7061434000.0,2205565000.0,2362327000.0,1609490000.0,4855869000.0,1083005000.0,2448299000.0,5950210752.0,9149765752.0,22.51820638537275,1.4677487899893755,0.48279230535893985,1.5457290988930275,0.023630049732957733,22.51820638537275,0.06724762135779268,3.439859654072216,10.029414222048421,2.6978170001790924,0.32181311902048965,1.2514762166379656,0.008021732672906843,0.2449620006361314,0.7472112284015433,0.021004090670535193,69.18367034858034,0.21645952122318232,0.5306122448979592,1.0358900059973952,0.3482290041128967,0.26510946360287796,0.1926851565760009,0.525852845561911,0.44025276162561655,0.8885920192640787,0.359530577118837,0.29523347866954935,Packaging & Containers,Consumer Cyclical,SON
2022Q4,2022,Q4,2023-02-28,2022-12-31,97204000.0,1676022000.0,126918000.0,0.98,313937000.0,0.1873107871,7089906000.0,2072797000.0,2398219000.0,1774601000.0,5017109000.0,1102185000.0,2348183000.0,5928027950.0,9173806950.0,21.22788673255159,1.3514130782074394,0.4898819533009323,1.6756185000267754,0.021478898729093237,21.22788673255159,0.04689508909941494,3.536963088790004,15.246358045965186,2.8599172760284777,0.491790461297889,1.2358043341181382,0.008064064542745619,0.23639551779670986,0.6703715370384666,0.01371019587565759,60.135404958510016,0.18731078708990692,-0.20967741935483872,16.438768380379976,0.3135968085134195,0.23624343266744435,-0.14492599674244033,-0.20473864631143182,-0.30242604786140637,1.2215521444173179,0.3140106368327437,0.17990405120160072,Packaging & Containers,Consumer Cyclical,SON
2022Q3,2022,Q3,2022-11-02,2022-10-02,122229000.0,1890216000.0,181942000.0,1.24,367146000.0,0.1942349446,6975646000.0,1935081000.0,2411320000.0,1755472000.0,5040565000.0,1016138000.0,2299040000.0,5664171270.0,8875429270.0,19.743105506412416,1.3736020853650757,0.4864776681614864,1.7536712933463767,0.02485696786450525,19.743105506412416,0.06316479775265221,2.9965735503244075,11.585162420538499,2.927097764899764,0.3907746934033658,1.4988810574941593,0.008432654614979536,0.27097361305318535,0.722494007309715,0.017522248118668867,111.11229122937796,0.19423494457776255,-0.06766917293233088,0.7024143126662598,0.4471365099686629,0.132926792604654,-0.05130477699024034,-0.07171608238653625,-0.07866272357147197,0.3556785096456793,0.42556556431446624,0.07289745063342712,Packaging & Containers,Consumer Cyclical,SON
2022Q2,2022,Q2,2022-08-02,2022-07-03,131672000.0,1913332000.0,197476000.0,1.33,387001000.0,0.202265472,6989510000.0,1936391000.0,2376484000.0,1745138000.0,5053119000.0,974491000.0,2224845000.0,5765281170.0,8971746170.0,19.759293462178185,1.3617742551018888,0.4837908522915054,1.7462697358126535,0.02628331245192453,19.759293462178185,0.06799866349306519,3.013215254853836,10.946293004587154,2.977333178061662,0.362856188103773,1.5662853735950357,0.008287193389390235,0.2737433668454584,0.7445892531135073,0.018838516576984654,54.07824003376794,0.20226547196200137,0.15652173913043493,2.0967887988209286,0.564155468087912,0.18470301392311053,0.04154320240065668,0.16130284081387863,0.16807542839566783,0.6567641927027491,0.436959357041973,0.07447099598419547,Packaging & Containers,Consumer Cyclical,SON
2022Q1,2022,Q1,2022-05-03,2022-04-03,113383000.0,1770982000.0,169061000.0,1.15,371565000.0,0.2098073272,6955988000.0,1918931000.0,2250645000.0,1715005000.0,5037057000.0,868251000.0,2141214000.0,6127104680.0,9418568680.0,19.596125566766062,1.312325620041924,0.4949693702749343,1.794228661687158,0.022884345206632913,19.596125566766062,0.059086543497395165,3.4597216007841975,13.509751638252649,3.1929781112504827,0.38583385516347246,1.6117654917759956,0.007139913920974498,0.25459819654663,0.7362561625184766,0.016300056871863495,-92.46505915731015,0.2098073272342689,0.8253968253968252,1.1415794073566423,0.5331823749287257,0.22854435775933293,0.4094452347083926,0.8129677006715702,0.6494882577346746,0.5724097008245465,0.33844151696011343,0.0962668200428872,Packaging & Containers,Consumer Cyclical,SON
2021Q4,2021,Q4,2022-02-28,2021-12-31,62540000.0,1439187000.0,102493000.0,0.63,263625000.0,0.183176335,5061139000.0,1837445000.0,1658677000.0,1525763000.0,3223694000.0,562113000.0,2070005000.0,5636749300.0,7310601300.0,18.87075074458252,1.0871131361817006,0.3645088585790669,1.0040191679206725,0.018887818109024766,18.87075074458252,0.034036392926046766,3.9166204947654473,22.532576351135276,3.067710489293557,0.7031339942436841,2.091326832861008,0.0078013049116802125,0.28436029913424626,0.670176167596147,0.012356902270417785,-270.5682954927279,0.1831763349724532,-0.43750000000000006,-0.39249474278910423,0.2836069726921951,0.2215463870762406,0.022868805071954868,-0.43728630556055426,-0.1898555077779183,-0.17454882033385247,0.08845904359671754,0.07092443239325899,Packaging & Containers,Consumer Cyclical,SON
2021Q3,2021,Q3,2021-11-02,2021-10-03,111140000.0,1415193000.0,126512000.0,1.12,257731000.0,0.1821172094548235,4925150000.0,1849992000.0,1600655000.0,1349241000.0,3064418000.0,530111000.0,2049072000.0,5949706260.0,7494790260.0,18.81488110977768,1.186337355594738,0.3462018415682771,0.9216774991459422,0.032600280690757495,18.81488110977768,0.060075935463504704,4.204165975948157,13.383359411552995,3.216071345173384,0.39811948893287746,2.183433280954366,0.007436837730540331,0.28734008101276104,0.7489647883513768,0.022565810178370203,96.75577733688935,0.1821172094548235,1.3353293413173652,0.727432821424219,0.19004626328049837,0.20029773718655142,-0.01873955370774368,1.332684766665669,-0.06488975615525053,0.5554311368679857,0.05091521844888622,0.035388314244945124,Packaging & Containers,Consumer Cyclical,SON
2021Q2,2021,Q2,2021-08-03,2021-07-04,-334070000.0,1382754000.0,135291000.0,-3.34,262653000.0,0.1899491883588838,4994042000.0,1811444000.0,1646842000.0,1404907000.0,3171609000.0,503932000.0,1982430000.0,6579046529.999999,8151056529.999999,18.32907345010068,1.1722071283010191,0.3675457675365966,1.0133015428575214,0.025778854558874305,18.32907345010068,-0.18442193079112576,4.7579298486932595,-4.923404174274852,3.6319348155394255,-0.13547759451611938,2.222722510179945,0.006879264311875904,0.2768807310791539,0.7769596136968497,-0.066893710545486,-67.70516743506359,0.1899491883588838,-5.704225352112676,-7.027145989110813,0.1639251934190912,0.18384777432793006,-0.0548684603509883,-5.62080030983305,0.12452933695733487,-4.764615846344391,0.01965827991876759,0.03243606205238258,Packaging & Containers,Consumer Cyclical,SON
2021Q1,2021,Q1,2021-05-04,2021-04-04,72297000.0,1353304000.0,120309000.0,0.71,277901000.0,0.20535001743880163,5280750000.0,1902399000.0,1950739000.0,1530670000.0,3367952000.0,474071000.0,2362003000.0,6520339670.0,7875078670.0,18.90921108869164,1.274434724663056,0.3678021114425034,1.020958799915265,0.021986417257130863,18.90921108869164,0.03800306875686962,4.818089409327099,22.547061669225556,3.427430139523833,0.6243965863037194,2.268442912559511,0.0069232589534710546,0.25627117360223456,0.9351715261944116,0.013690668939071155,65.75176643204324,0.20535001743880163,6.916666666666667,0.2084187029262869,0.10517897403116158,0.2183466471454811,0.011446519821223194,7.2100154612609515,5.982530470110273,-0.03386978331380658,0.026893189991110247,0.06235023732207809,Packaging & Containers,Consumer Cyclical,SON
2020Q4,2020,Q4,2021-02-26,2020-12-31,-11642000.0,1376348000.0,17230000.0,-0.12,274756000.0,0.19962683856117786,5277259000.0,1899605000.0,1830547000.0,1511627000.0,3366731000.0,450691000.0,2335216000.0,5951484750.0,7348908750.0,18.911515525600567,1.2109779727406298,0.3718354547313293,1.032989489920273,0.005885058206873697,18.911515525600567,-0.006128642533579349,4.3241133419745585,-127.80202606940388,3.1330117313862615,-3.7089847105308364,2.4442289728439217,0.007255332377353399,0.26080736230683393,0.8780552345254484,-0.002206069476597605,42.921424707918646,0.19962683856117786,-1.146341463414634,-1.2086867141154958,0.09156325791693233,0.26179352977980036,0.06904789696898954,-1.1395103596208462,-0.8385857753128981,-3.030356531853277,0.04863334869015744,0.10134546904575142,Packaging & Containers,Consumer Cyclical,SON
2020Q3,2020,Q3,2020-10-30,2020-09-27,83449000.0,1312314000.0,106744000.0,0.82,257010000.0,0.19584489687681456,5767232000.0,1871145000.0,2283434000.0,1499043000.0,3885899000.0,445827000.0,2390272000.0,5122220160.0,6744328160.0,18.633932839388144,1.5232611739623212,0.4169742087712095,1.285195428467596,0.023676331116997476,18.633932839388144,0.04459782646454444,3.9031970702133787,15.345361118767151,2.7374790088421794,0.516590971731237,2.367070635022105,0.008416077141049713,0.2275465942760756,1.0466824500698113,0.01446950634203722,30.62429845749133,0.19584489687681456,0.4909090909090907,0.9101418258989634,0.061589669981940084,0.2708064534500061,0.03640168882544368,0.5114560504247342,0.029085966045484784,0.13446970972670408,-0.019344220238030927,0.06927867849776138,Packaging & Containers,Consumer Cyclical,SON
2020Q2,2020,Q2,2020-07-29,2020-06-28,55211000.0,1245485000.0,103727000.0,0.55,247983000.0,0.19910556931637072,5738860000.0,1797338000.0,2238662000.0,1576272000.0,3931156000.0,523855000.0,2350189000.0,5201107200.0,6858315200.0,17.914262932323332,1.4202256970878122,0.4381497370557916,1.3990023022937255,0.01592015463152362,17.914262932323332,0.030718206592193566,4.175969361333135,23.551045987212692,2.8937835843898037,0.7812754704678415,1.9041566845787479,0.00829342644581523,0.21702655231178317,1.0496995442410955,0.009620551816911373,34.28276734866062,0.19910556931637072,-0.3125,-0.13739771817820454,0.003339395743012855,0.18970688834319666,-0.06979631644097678,-0.3136801541425819,-0.20273168182132617,0.2683368203190342,-0.005467647283793807,0.07408098010985077,Packaging & Containers,Consumer Cyclical,SON
2020Q1,2020,Q1,2020-05-06,2020-03-29,80445000.0,1303296000.0,130103000.0,0.8,266590000.0,0.2045506162836378,5012137000.0,1744264000.0,1513828000.0,1363804000.0,3256696000.0,500096000.0,2338429000.0,4708439970.0,6468216970.0,17.385441896161627,1.1100040768321549,0.3757104005736475,1.0796026289598364,0.02517232240857337,17.385441896161627,0.04611973875514257,3.6127172722083087,14.632481726645535,2.699384938289158,0.5370377276400025,2.0730139813155875,0.009175438207827465,0.2600280080133484,0.7037250220706202,0.01605004013258217,87.41673109056478,0.2045506162836378,0.8181818181818182,-0.0798221921987671,0.08928749354785523,0.16507853663677122,0.07980574108802813,0.791688010868839,0.5889860524194533,0.48302323755825954,0.10124866508766761,0.08994946352586135,Packaging & Containers,Consumer Cyclical,SON
2019Q4,2019,Q4,2020-02-28,2019-12-31,44899000.0,1308850000.0,81878000.0,0.44,246887000.0,0.18862894907743438,5126289000.0,1802682000.0,1521196000.0,1404492000.0,3310584000.0,503808000.0,2301532000.0,6184220560.0,7974298560.0,17.991197429090402,1.0830933889263876,0.3775364596104511,1.073600890229114,0.015063172390374855,17.991197429090402,0.024906777789981818,4.724926890017954,34.434066237555406,3.43056654473723,0.9595759371032763,2.1078724434705283,0.006966763164734216,0.25532114947089407,0.681517587853829,0.008758577598726877,44.77750025342119,0.18862894907743438,-0.5164835164835165,-0.17215165519420572,-0.0028936005564632753,0.20094274651689453,-0.07005292201065974,-0.512306656239138,-0.4090279181222392,-0.5761668233990136,0.13441205925014515,0.16461091114724125,Packaging & Containers,Consumer Cyclical,SON
2019Q3,2019,Q3,2019-10-30,2019-09-29,92064000.0,1353931000.0,138548000.0,0.91,265485000.0,0.19608458628984785,4986176000.0,1841676000.0,1564022000.0,1307458000.0,3131863000.0,497634000.0,2300006000.0,5825773220.0,7570602220.0,18.40167063008333,1.1962311600066695,0.37316813526036785,1.0103199476998126,0.026711606353676982,18.40167063008333,0.049989248923263375,4.3028582845063745,15.819900341067084,3.163299744363287,0.46716414668057005,2.187242029282565,0.007382539342992139,0.271536945346494,0.761249692150723,0.01846384884929854,37.830433190256954,0.19608458628984785,0.13749999999999998,0.3145893403335045,0.08514890958694023,0.08405995273611717,-0.035778103844030566,0.13436587439470668,0.06765920720054251,0.4058306616283188,0.11855437752740382,0.17393692199643315,Packaging & Containers,Consumer Cyclical,SON
2019Q2,2019,Q2,2019-07-31,2019-06-30,81159000.0,1359721000.0,129768000.0,0.8,275336000.0,0.20249448232394734,4945564000.0,1840358000.0,1579020000.0,1274888000.0,3091944000.0,512249000.0,2251279000.0,6586936499.999999,8349648499.999999,18.389787659255557,1.2385558574557138,0.3758938313203509,1.0101333544886375,0.023713781054780593,18.389787659255557,0.044099571931113406,4.844329461705747,20.29022197168521,3.579160413354358,0.5301198881208492,2.1169099402829485,0.006531716223467465,0.2749374995450468,0.7699390064068373,0.016410464003701095,-58.62715281300899,0.20249448232394734,0.0958904109589042,0.3422273155909855,0.10841534115811503,0.07382663575226621,0.019306162793710967,0.1017607211218658,0.11019095202244884,0.446004762765123,0.13028705163947674,0.18776921539661034,Packaging & Containers,Consumer Cyclical,SON
2019Q1,2019,Q1,2019-05-01,2019-03-31,73663000.0,1351705000.0,116888000.0,0.73,270121000.0,0.19983724259361324,4941504000.0,1788176000.0,1568491000.0,1156228000.0,3140365000.0,515665000.0,2213473000.0,6211235240.0,7815163240.0,17.875324883042104,1.3565585680332946,0.34974291227933846,0.96649099417507,0.023133807548704626,17.875324883042104,0.04119449092259375,4.595111536910791,21.079901850318343,3.473503301688425,0.5584350352279978,2.0974547429047927,0.00662283723132663,0.2735412133633809,0.8601806910055803,0.014906999974096955,123.82351660619592,0.19983724259361324,-0.05194805194805199,0.4383345843532731,0.16429497533624082,0.05755282397089642,0.06218050552872894,-0.0516877365534643,0.2422207107634756,0.2382788208862896,0.11017399418975536,0.15173192766961782,Packaging & Containers,Consumer Cyclical,SON
2018Q4,2018,Q4,2019-02-28,2018-12-31,77678000.0,1355616000.0,94096000.0,0.77,254308000.0,0.18759589736326512,4583465000.0,1759086000.0,1519272000.0,1082930000.0,2811187000.0,493764000.0,2188115000.0,5303914770.0,6568687770.0,17.620991896142403,1.4029272436814937,0.3022084820108804,0.7874327918021063,0.028764997889723393,17.620991896142403,0.04415815940778336,3.912549549429927,17.070196097994284,3.0151537616694126,0.5250263909987384,2.2304339725050832,0.007689226122311916,0.29576226719305154,0.8954632340040446,0.016947440418984328,65.29663133402275,0.18759589736326512,0.0694444444444445,0.45182589228640424,0.1417587375792007,0.05213803127848301,-0.020521037144309726,0.0726783125043154,-0.07361208195091215,0.40102372838621775,0.08177661379907436,0.17568861854336765,Packaging & Containers,Consumer Cyclical,SON
2018Q3,2018,Q3,2018-10-31,2018-09-30,72415000.0,1364762000.0,101573000.0,0.72,259636000.0,0.19024269433058658,4658634000.0,1810821000.0,1650505000.0,994384000.0,2825704000.0,467239000.0,2151658000.0,5533564500.0,6669717500.0,18.17181133968891,1.6598265861075803,0.297635959382085,0.7657173182771793,0.025083533214835873,18.17181133968891,0.03999014811513672,4.054600362554057,19.103654284333356,3.0558318574834287,0.5641096457916177,2.3652263616692957,0.007382221712604958,0.2929532562549451,1.1252675022928769,0.015544256105974413,36.00237150292778,0.19024269433058658,-0.18181818181818185,0.20446706270771997,0.13226715100425573,0.16706330283737153,-0.060855096578166824,-0.19009752605914196,-0.22970226448863207,0.6703159457244134,0.11250368468892231,0.23929045577213404,Packaging & Containers,Consumer Cyclical,SON
2018Q2,2018,Q2,2018-08-01,2018-07-01,89412000.0,1366373000.0,131862000.0,0.88,276460000.0,0.2023312814290095,4622968000.0,1767831000.0,1574968000.0,1030072000.0,2832703000.0,471448000.0,2120529000.0,5221870320.0,6476149320.0,17.75322862479664,1.5289882648979878,0.3140774498114631,0.8213285093428049,0.0302790357437815,17.75322862479664,0.050577232778472606,3.8217019218031973,14.600585827405716,2.953828912379068,0.4582382677940321,2.3118413907790467,0.007846230850098935,0.2955618555006221,1.0261253582273862,0.019340821740492255,62.171784119727114,0.2023312814290095,0.20547945205479456,0.6554853450718943,0.13445057971822363,0.18368323215711943,0.10318353405000757,0.20737289852136925,0.19767843194245127,0.40749937834478805,0.10903703219847824,0.1790124140213757,Packaging & Containers,Consumer Cyclical,SON
2018Q1,2018,Q1,2018-05-02,2018-04-01,74055000.0,1304187000.0,110098000.0,0.73,250602000.0,0.19215189232832408,4653069000.0,1772163000.0,1664036000.0,1035374000.0,2856613000.0,460727000.0,2072423000.0,4707338640.0,5866663640.0,17.79941343671846,1.6071834911828962,0.3147546275372233,0.8264335729839749,0.02582770260745972,17.79941343671846,0.041787916799978335,3.609404663595021,15.89135993518331,2.656267307239797,0.524326514077375,2.2867880545312085,0.008248609876938873,0.28028533426003355,1.1132894973217407,0.015915302352060543,60.0387556916013,0.19215189232832408,11.787947797144609,0.5634193535682589,0.12399860032725324,0.19608179200012044,0.033751340648461345,12.049339207048458,-0.020253795361916457,-0.14639766441313964,0.09841848101009938,0.19282067627072033,Packaging & Containers,Consumer Cyclical,SON
2017Q4,2017,Q4,2018-02-28,2017-12-31,5675000.0,1299018000.0,112374000.0,0.057085,242420000.0,0.1866178913610127,4557721000.0,1707066000.0,1563636000.0,999970000.0,2827661000.0,474063000.0,2036006000.0,5282859960.0,6475276960.0,17.171283722614522,1.5636829104873147,0.31755541859626774,0.8478459532320367,0.0019177078988429435,17.171283722614522,0.003324417450760545,4.066810436806881,232.72510837004404,3.0947016459820533,6.8315418502202645,2.2288134699396496,0.0073386385960531875,0.2850148133244663,1.0447553426602798,0.001245139840723028,228.9529323047586,0.1866178913610127,-0.9207152777777777,-0.8654418317937791,0.12065334978770702,0.16298773096221636,-0.03369433936693068,-0.9220595506235236,-0.06815486802716575,-0.8945390967102479,-0.002579477636252978,0.14621212492025448,Packaging & Containers,Consumer Cyclical,SON
2017Q3,2017,Q3,2017-11-01,2017-10-01,72812000.0,1324634000.0,120593000.0,0.72,250873000.0,0.18939042784648438,4569628000.0,1732173000.0,1575325000.0,991168000.0,2811002000.0,472956000.0,1996244000.0,5067310040.0,6245509040.0,17.426638362944928,1.589362247368761,0.312083828267859,0.8233051779470064,0.025431500264845735,17.426638362944928,0.04203506231767843,3.825441623874972,17.398608883151127,2.9254064345766846,0.5323847717409218,2.270319014876648,0.007649818087704774,0.28987786314334557,1.0599434202879834,0.015933900965242685,38.41548685447433,0.18939042784648438,0.6744186046511628,0.2537395694519652,0.12249116481466016,0.1532234004169,0.06358452570217277,0.6883942028985507,0.532955368833183,0.046843006687524065,0.06897373330317864,0.02661987271956384,Packaging & Containers,Consumer Cyclical,SON
2017Q2,2017,Q2,2017-08-02,2017-07-02,43125000.0,1240674000.0,78667000.0,0.43,235875000.0,0.19011843562450734,4292743000.0,1657795000.0,1464977000.0,906107000.0,2610951000.0,439353000.0,1962571000.0,5125851720.0,6225970720.0,16.678689283270955,1.61678146179204,0.3046327255090743,0.7888249150226656,0.01867273502675436,16.678689283270955,0.02601346969920889,4.131505713829741,29.71508243478261,3.091969586106847,0.8988753623188406,2.2869970160668074,0.007562450518954926,0.2890166031369686,1.0650861322117586,0.010046024185468358,-446.5027630662021,0.19011843562450734,-0.1886792452830189,-0.1491916565451896,0.044812089152203145,0.155936594385042,0.07107827555830026,-0.1974205795321311,-0.16386420645380723,-0.2819161074900073,0.018279722483766,-0.026088765478586948,Packaging & Containers,Consumer Cyclical,SON
2017Q1,2017,Q1,2017-05-03,2017-04-02,53733000.0,1172324000.0,94084000.0,0.53,220222000.0,0.1878507989258942,4190405000.0,1585243000.0,1391295000.0,882400000.0,2581538000.0,430359000.0,1958577000.0,5213684640.0,6254794640.0,15.950686227159302,1.5767169084315502,0.2992312198940198,0.790982833546655,0.022276130776013165,15.950686227159302,0.033895749736791145,4.447306921977201,24.257368097816983,3.288886713267303,0.6856121936240299,2.212343647977619,0.007066020011521065,0.2797638891706172,1.0415967815049865,0.01282286557027304,307.7190957917724,0.1878507989258942,-0.49038461538461536,0.2880041809847352,-0.0017407035150977072,0.11647817440134944,0.025304138518625428,-0.48763742812735406,0.03192831210994483,0.0560669595997336,0.016409240323102394,-0.056314032098575634,Packaging & Containers,Consumer Cyclical,SON
2016Q4,2016,Q4,2017-03-01,2016-12-31,104873000.0,1142197000.0,91173000.0,1.04,214787000.0,0.18804724579034965,3923203000.0,1532358000.0,1348768000.0,802616000.0,2368498000.0,372814000.0,1942513000.0,5227471100.0,6022988100.0,15.448247356164245,1.6804648798429136,0.26833763126710497,0.6870085188970202,0.019587733451713364,15.448247356164245,0.06843896791741877,4.5766808177573575,12.461432160804021,3.4113902234334277,0.3484500300363297,2.487594349997586,0.006990569493535794,0.2911388984969679,1.1539640375970577,0.026731474257131228,980.0283277090364,0.18804724579034965,0.625,2.653760282204478,0.03979053220860141,0.11611192158121605,-0.08746117863986098,0.6036852970410582,-0.198760875296599,0.9726765838367724,-0.031823876028708856,-0.07759514017051758,Packaging & Containers,Consumer Cyclical,SON
2016Q3,2016,Q3,2016-11-02,2016-10-02,65395000.0,1208724000.0,113790000.0,0.64,235373000.0,0.19472849054043767,4044549000.0,1566593000.0,1480207000.0,885697000.0,2454912000.0,376317000.0,1874829000.0,5083998670.0,6015802670.0,15.675178355229585,1.6712340676326103,0.2697766796742974,0.6964955160657554,0.029091872665488527,15.675178355229585,0.041743452192113714,4.2060873036359006,19.435731592629406,3.245258130222719,0.5679639116140378,2.5865188125968266,0.007305666742041064,0.2988526038379063,0.9907632068303268,0.016168675419682144,42.604887914924284,0.19472849054043767,0.16363636363636358,-0.1528287669544468,0.07536426509805275,0.02137414570891537,-0.027436542665063447,0.16253644314868804,-0.013968562069981457,0.08453744159086518,-0.0001088049636036676,0.006719973141229818,Packaging & Containers,Consumer Cyclical,SON
2016Q2,2016,Q2,2016-08-03,2016-07-03,56252000.0,1205680000.0,115402000.0,0.55,242013000.0,0.20072739035233228,3964876000.0,1552892000.0,1271753000.0,824686000.0,2389160000.0,397580000.0,1846903000.0,5026985880.0,6000899880.0,15.482626945433156,1.5421057226629287,0.2728110538639796,0.6965468300435574,0.02998442677550325,15.482626945433156,0.03622402588203172,4.16941964700418,22.341365107018415,3.2371767515062215,0.6627853231885088,2.4238316816741285,0.007416571458521782,0.3040902161883499,0.9982708570292208,0.014187581150078843,65.64958771368498,0.20072739035233228,-0.0677966101694914,0.04888198919741659,0.06455943151313459,-0.02627949135070919,-0.013210847573729985,-0.061120940014020096,0.03909598415271025,0.03403275359653476,-0.0061629962916145125,0.032292564489134014,Packaging & Containers,Consumer Cyclical,SON
2016Q1,2016,Q1,2016-05-06,2016-04-03,59914000.0,1226276000.0,111060000.0,0.59,245253000.0,0.19999820595037332,4048005000.0,1563710000.0,1320485000.0,916268000.0,2462663000.0,402533000.0,1828242000.0,4861284000.0,5841884000.0,15.520386692075592,1.441155862695194,0.2798756424460938,0.7245192522910259,0.027528500616885724,15.520386692075592,0.03831528864047681,3.9642657933450542,20.28442434155623,3.108814294210563,0.5907801181693761,2.4371244096757283,0.007281203895925439,0.3029334202897477,0.9494110893319422,0.014800871046354932,454.2407026723977,0.19999820595037332,0.07272727272727258,0.032532646063000735,0.08549732775290471,0.007118776680656763,0.024692595981499355,0.06869058024008705,0.09965839893064013,0.24995307932306005,0.044379720712141905,0.04293616153089547,Packaging & Containers,Consumer Cyclical,SON
2015Q4,2015,Q4,2016-02-29,2015-12-31,56063000.0,1267135000.0,100995000.0,0.55,239343000.0,0.1888851621966089,4020269000.0,1512929000.0,1307378000.0,922516000.0,2487396000.0,385483000.0,1803827000.0,4125581279.9999995,5078098280.0,14.987805119670313,1.4171873441761444,0.28230722869539326,0.7501680515080351,0.030780956768284348,14.987805119670313,0.0370559358700904,3.2558340508312056,18.397076859961114,2.7268836012793725,0.6301839002550702,2.666244685239038,0.008563641727596749,0.315186620596781,0.929194723993947,0.01394508675911985,49.48876349503382,0.1888851621966089,0.2790697674418606,0.6528517148347079,0.14375303887299345,0.03181181934342079,0.043466319052373206,0.27665436990481396,0.019821875757330965,0.3091444603440912,0.07657936119186827,0.015103689963097047,Packaging & Containers,Consumer Cyclical,SON
2015Q3,2015,Q3,2015-10-28,2015-09-27,43914000.0,1242592000.0,99032000.0,0.43,229373000.0,0.18459236821096547,4113636000.0,1480047000.0,1403172000.0,974713000.0,2614350000.0,396809000.0,1783384000.0,3760912620.0,4769554620.0,14.663076968802322,1.4395745209102577,0.2922147219637323,0.8121802888692048,0.02301958123085847,14.663076968802322,0.029670679377073836,3.026667337307821,21.41066983194425,2.541076479328021,0.8043676276358337,2.5534173872064394,0.009392135252533467,0.30206659023793064,0.943828593647566,0.010675227463003532,41.37326593474291,0.18459236821096547,-0.3174603174603175,-0.2577553105523543,0.1785887843495292,-0.006030619719825907,-0.045535877760948085,-0.31788316065797856,-0.09501137724003691,-0.2553801261538955,0.036914242511391505,-0.029657749799120947,Packaging & Containers,Consumer Cyclical,SON
2015Q2,2015,Q2,2015-08-26,2015-06-28,64379000.0,1248590000.0,109429000.0,0.63,240316000.0,0.19246990605402894,4205489000.0,1519564000.0,1448832000.0,970325000.0,2662354000.0,417969000.0,1775042000.0,4356543720.0,5410128720.0,15.057711363906616,1.4931409579264678,0.30230967195491415,0.8366610422463285,0.028177234160759436,15.057711363906616,0.042366757833167935,3.489170760617977,16.917565199832246,2.866969551792488,0.545457369639168,2.4123176599221474,0.008060518212818486,0.2968953194265875,0.9639615592713782,0.015308326808130993,62.38427871810293,0.19246990605402894,-0.26744186046511625,0.09473391780415263,0.23913567278771625,0.08407840631953366,0.07549441254525682,-0.2677547770700637,-0.13687274218737674,0.25099547239699055,0.03564100999082228,0.04359277264583794,Packaging & Containers,Consumer Cyclical,SON
2015Q1,2015,Q1,2015-04-29,2015-03-29,87920000.0,1203264000.0,126782000.0,0.86,223447000.0,0.18570072735492793,4155157000.0,1505627000.0,1425838000.0,864549000.0,2634601000.0,403485000.0,1769553000.0,4651443900.0,5703084900.0,14.922120139941923,1.6492275163119732,0.30141941688364604,0.8318428136583629,0.03501722104754515,14.922120139941923,0.05839427693578821,3.8656885770703684,13.226353218835305,3.0893733308448907,0.36695859872611464,2.4283851939972987,0.006936125790961384,0.2895832816906798,1.096831989858296,0.021159248615635944,281.3089749017236,0.18570072735492793,0.6226415094339621,0.7989916863325575,0.27883644208282427,0.07962947747826224,-0.10476171397664216,0.6145441189973373,0.22718781155927248,1.0758380763787825,0.009220911997055206,0.04448305325400583,Packaging & Containers,Consumer Cyclical,SON
2014Q4,2014,Q4,2015-03-02,2014-12-31,54455000.0,1317954000.0,103311000.0,0.53,249595000.0,0.18938066123703862,4209996000.0,1507123000.0,1390283000.0,905445000.0,2687221000.0,420276000.0,1714067000.0,4396351100.0,5488348100.0,14.980895201932348,1.5354692996261508,0.2976641783032573,0.8314948414960159,0.024599723896071683,14.980895201932348,0.03613175566957707,3.3357394112389356,20.183413368836653,2.9170486416835257,0.5940134055642273,2.5420414203999275,0.00735769261012843,0.31305350408884,0.9655904003004048,0.012934691624410095,40.43402496114192,0.18938066123703862,-0.23188405797101438,0.17043521306828668,0.3310916347205173,0.11612729652762517,0.09633055731253075,-0.23220630534092832,-0.11818329250492929,0.870614148909755,0.1829739729780548,0.08234645298864175,Packaging & Containers,Consumer Cyclical,SON
2014Q3,2014,Q3,2014-10-29,2014-09-28,70924000.0,1263574000.0,117157000.0,0.69,227664000.0,0.18017464746821318,4013004000.0,1720495000.0,1470807000.0,928674000.0,2277178000.0,403580000.0,1692139000.0,4000521320.0,4786565320.0,16.974772090453452,1.5837710542127807,0.25357562564104097,0.5914576909552193,0.030216140168263343,16.974772090453452,0.04122302011920988,3.166036433164975,14.101437172184308,2.3252153130349114,0.4524984490440471,2.5668021210168988,0.008022204466091934,0.31486985809134505,1.049123804478213,0.017673543310696923,35.572205011470544,0.18017464746821318,0.16949152542372878,0.47757908994722964,0.3485531822725587,0.30982854490320966,-0.017575958953468803,0.15353587925313902,0.11279231017647841,-0.09402939874534241,0.10846852034328654,0.10605397588386808,Packaging & Containers,Consumer Cyclical,SON
2014Q2,2014,Q2,2014-07-29,2014-06-29,61484000.0,1247380000.0,105282000.0,0.59,231737000.0,0.1857789927688435,4038949000.0,1742688000.0,1462456000.0,935580000.0,2281490000.0,423740000.0,1653954000.0,4470316800.0,5307684800.0,17.12547169811321,1.5631544068919814,0.2567866046340273,0.5951426761416846,0.025034511079694396,17.12547169811321,0.03528112892267577,3.5837650114640285,18.176748422353782,2.565184817936429,0.5306746470626504,2.3968542030490396,0.0072988115741595755,0.30883776942962143,1.0074071698839222,0.01522277206273216,375.62530879758003,0.1857789927688435,0.17999999999999994,0.8086989449830558,0.4270579847446302,0.4000264550252385,0.09153897966585493,0.1755573400634775,0.18891511298318522,0.12997875571487652,0.08556575902564498,0.07704093572211959,Packaging & Containers,Consumer Cyclical,SON
2014Q1,2014,Q1,2014-04-30,2014-03-30,52302000.0,1185626000.0,88553000.0,0.5,212303000.0,0.17906405561281552,3980319000.0,1726780000.0,1404947000.0,890181000.0,2239147000.0,413765000.0,1625310000.0,4190644220.0000005,4984655220.0,16.902536192872034,1.5782711605841957,0.24757261917951803,0.5706679484358169,0.022416054237053673,16.902536192872034,0.030288745526355413,3.534541432121091,20.030994130243585,2.426854735403468,0.6065733623953194,2.3523570142472177,0.007570435077402013,0.2978721052257369,1.0212788185773456,0.013140152836996231,540.9376816832323,0.17906405561281552,-0.05660377358490571,1.227704316213945,0.45841473809759864,0.4638999831600866,-0.04016510916102664,-0.04464253096116611,-0.05603880183349323,-0.11108074477095246,0.03503916924980783,0.0968065365315512,Packaging & Containers,Consumer Cyclical,SON
2013Q4,2013,Q4,2014-03-03,2013-12-31,54746000.0,1214874000.0,93810000.0,0.53,221187000.0,0.18206579447745197,3979291000.0,1710737000.0,1378474000.0,867225000.0,2253966000.0,410787000.0,1604892000.0,4261572840.0,5025463840.0,16.74779484468462,1.5895229035140823,0.2466414243140298,0.5737047833769889,0.024713005729000426,16.74779484468462,0.032001412256822646,3.5078311331051615,19.46065849559785,2.4910742212274593,0.5777408395133891,2.4189835608234924,0.0074219076353978265,0.30529910981629643,1.00390902015048,0.013757727193110532,48.30236594239859,0.18206579447745197,-0.1016949152542372,0.498680325524724,0.2815109656661953,0.4501626783548581,-0.012721113030436937,-0.10604180274330503,-0.11585078509358919,0.5950152730369249,0.083666144773953,0.15297553782608314,Packaging & Containers,Consumer Cyclical,SON
2013Q3,2013,Q3,2013-10-31,2013-09-29,61240000.0,1227749000.0,106102000.0,0.59,224037000.0,0.18247785174331235,4089355000.0,1580457000.0,1459347000.0,1034251000.0,2495368000.0,391572000.0,1581978000.0,3952526820.0,4764583820.0,15.570544712964148,1.4110182151141262,0.2689015749427477,0.6957696413126077,0.02712044538318989,15.570544712964148,0.038748286096995994,3.219328071128545,16.135396881123448,2.500875898553393,0.5142880470280862,2.563288488451677,0.007968320376887411,0.30023047644432926,0.9781281333061317,0.014975466791217687,29.976086184929013,0.18247785174331235,0.11320754716981121,0.055901872071531994,0.14183557670882396,0.06052437731394673,0.006618321022267752,0.1136975340074198,0.05347710393581953,0.02932091611252126,0.15801678443019732,0.05548410554608481,Packaging & Containers,Consumer Cyclical,SON
2013Q2,2013,Q2,2013-07-31,2013-06-30,54988000.0,1226256000.0,100716000.0,0.53,222564000.0,0.18149880612204955,3956827000.0,1520557000.0,1330939000.0,956819000.0,2422956000.0,391121000.0,1552687000.0,3560535839.9999995,4472649840.0,14.998293582687262,1.3910039411842783,0.27584602511052414,0.7178126173500895,0.02544141880884388,14.998293582687262,0.03616306392986254,2.903582808157513,16.187785698697898,2.3415997164197067,0.5713610242234669,2.566193070686565,0.008823952745269937,0.30990892449935264,0.9177639658075352,0.013896993727549878,55.017010059180734,0.18149880612204955,0.12765957446808524,-0.062571146451144,0.11562484724663674,-0.0009072931783593611,0.08189931750568745,0.14227549388229918,0.1751473076249927,-0.0692534287004614,0.2113770080500914,0.07980062917169169,Packaging & Containers,Consumer Cyclical,SON
2013Q1,2013,Q1,2013-05-01,2013-03-31,48139000.0,1179213000.0,85705000.0,0.47,205716000.0,0.17445194379641338,3949122000.0,1505778000.0,1289955000.0,963806000.0,2429756000.0,395487000.0,1529571000.0,3499989150.0000005,4451117150.0,14.881434995305629,1.3383969388030372,0.2822343801989404,0.7402007467236206,0.02235566618238576,14.881434995305629,0.03196952007533647,2.9680720531405274,18.17647411662062,2.3243726166805465,0.6294896030245747,2.4615145377724175,0.008658026839883204,0.29860130935433243,0.8681135000197135,0.01218979813740877,43.324740360215394,0.17445194379641338,0.11904761904761903,2.591339877896061,0.12374246470771429,0.025353131263269883,0.008411764705882353,0.12518991188088727,-0.06817069855939113,-0.017778882134216713,0.2497325012362086,0.07668586886012518,Packaging & Containers,Consumer Cyclical,SON
2012Q4,2012,Q4,2013-03-01,2012-12-31,42783000.0,1175870000.0,91975000.0,0.42,204000000.0,0.17348856591289855,4176065000.0,1488986000.0,1499896000.0,1044235000.0,2672851000.0,383272000.0,1512145000.0,2998181310.0,3998159310.0,14.76480212599284,1.4363586740532543,0.328793253936421,0.9221456749761247,0.01786614118665634,14.76480212599284,0.028732976670029133,2.5497557638174286,17.51970005609705,2.0135725319109783,0.7066825608302363,2.5357187584796175,0.01008411329200101,0.2815736824019741,0.9855597638462607,0.010244811802498284,59.085613976312004,0.17348856591289855,-0.2631578947368421,-0.21133072657488725,0.10757103338975017,0.03140992849124171,-0.010808373216182011,-0.2728431572506629,-0.04533801106463365,-0.08266323436314214,0.1847179271524594,0.10002763242907439,Packaging & Containers,Consumer Cyclical,SON
2012Q3,2012,Q3,2012-11-01,2012-09-30,58836000.0,1195530000.0,96343000.0,0.57,206229000.0,0.17250006273368296,4056302000.0,1521687000.0,1379111000.0,860071000.0,2520520000.0,394955000.0,1499976000.0,3119655020.0,4154985020.0,15.111242415515546,1.6034850611170473,0.30482764843446075,0.8125672362318926,0.024043184433554955,15.111242415515546,0.03866498169465862,2.60943265330021,13.255723621592223,2.050129244713269,0.5131892038887755,2.5048448557430594,0.009678634274119193,0.2947339719774317,1.0605322118755312,0.014504837164491203,31.711868055908514,0.17250006273368296,0.1399999999999999,-0.08759231758534644,0.16185096367001442,0.14215343142332285,-0.0476258647283206,0.1463866102916821,0.08749096983926313,0.23374373340956922,0.2842577073199531,0.16603254284197289,Packaging & Containers,Consumer Cyclical,SON
2012Q2,2012,Q2,2012-08-01,2012-07-01,51323000.0,1202359000.0,88592000.0,0.5,216542000.0,0.1800976247526737,4024916000.0,1452150000.0,1363629000.0,836492000.0,2559321000.0,407425000.0,1471727000.0,3010232130.0,4133178130.0,14.428723309122343,1.63017578171698,0.3276965283250632,0.9082746272767964,0.020678216837286312,14.428723309122343,0.03534276762042489,2.5036051046318115,14.663173090037606,2.0729484763970665,0.5880014808175672,2.419628152420691,0.01002514048642488,0.29872896726291925,1.048845655427667,0.01275132201516752,-221.78089810653503,0.1800976247526737,0.19047619047619052,0.2160268471156733,0.21325996143756246,0.11602823009326713,-0.001470988328929591,0.19167363239528187,0.12365079969052421,0.5265454185818452,0.3908187163618447,0.179564259665687,Packaging & Containers,Consumer Cyclical,SON
2012Q1,2012,Q1,2012-05-01,2012-04-01,43068000.0,1212370000.0,78843000.0,0.42,216861000.0,0.178873611191303,4032425000.0,1465806000.0,1350381000.0,884665000.0,2552825000.0,411422000.0,1450968000.0,3436074000.0,4511871000.0,14.286608187134503,1.5264320392464945,0.3104576030552335,0.8540673185946844,0.018994630731850926,14.286608187134503,0.029381787221501345,2.8341793346915547,19.945632488158264,2.344153319061322,0.6771849168756385,2.419678578199513,0.008487884719595678,0.30065531287004715,0.9860975623541114,0.010680421830536215,64.21607983852881,0.178873611191303,0.45146535659833975,-0.2038957297079195,0.2452760124560572,0.1766805556356603,0.17384597064045382,0.45919024224970356,0.0010284147177572942,0.8265506889213634,0.4849310407080348,0.23733889671424951,Packaging & Containers,Consumer Cyclical,SON
2011Q4,2011,Q4,2012-02-29,2011-12-31,29515000.0,1129573000.0,78762000.0,0.2893627450980392,184744000.0,0.1635520679053058,3986170000.0,1411795000.0,1312791000.0,836483000.0,2560762000.0,395822000.0,1437435000.0,3361920000.0,4473029000.0,13.841127450980393,1.5694174298820178,0.32277399107413884,0.9113447773933184,0.014266688879535578,13.841127450980393,0.02090600972520798,2.976275105725792,28.476367948500762,2.381308901079831,0.9826528883618499,2.387004764768002,0.008626915572054064,0.2833730121896457,0.9861957744508855,0.007404350541998961,52.13814922225151,0.1635520679053058,-0.6192595459236326,-0.26018536718048907,0.1303242067530108,0.14673986401826608,-0.010688658027203599,-0.6176962035154074,-0.07085220838052095,-0.19085781319081,0.19324833332536068,0.1984793605311597,Packaging & Containers,Consumer Cyclical,SON
2011Q3,2011,Q3,2011-11-02,2011-10-02,77203000.0,1124171000.0,84768000.0,0.76,186740000.0,0.16611351831705318,3350175000.0,1534024000.0,1245374000.0,790041000.0,1802697000.0,392857000.0,1437226000.0,2732769700.0,3321672700.0,15.347146215797109,1.5763409747089074,0.21944883476236315,0.4792571693793578,0.036210048485095334,15.347146215797109,0.05032711352625513,2.430919940115872,8.849298926207531,1.781438686748056,0.37524448531792803,2.3861888677050427,0.010600966484662064,0.33555590379607036,0.9737532609067124,0.02304446782630758,49.18237887841048,0.16611351831705318,0.4615384615384615,0.2588574791379435,0.2021506162773066,0.1424636734985977,-0.022764142550630594,0.4455325044937088,0.030751833071900193,0.351751653311731,0.06169730238000465,0.045308496529526565,Packaging & Containers,Consumer Cyclical,SON
2011Q2,2011,Q2,2011-08-05,2011-07-03,53408000.0,1127865000.0,82239000.0,0.52,191090000.0,0.16942630545322357,3393589000.0,1588188000.0,1245401000.0,786592000.0,1791154000.0,394189000.0,1389315000.0,3600782149.9999995,4202980149.9999995,15.900483565771953,1.5832871425084414,0.2169328695961709,0.4635351734177566,0.02402378069104341,15.900483565771953,0.03362826063413148,3.19256484597004,16.855069231201316,2.2672266444526716,0.5412859496704614,2.376461545096388,0.008028533467374583,0.3323516784147992,0.982748362556446,0.015737910513029127,901.3221902377971,0.16942630545322357,-0.07142857142857148,0.076541775108282,0.22327575810562633,0.2364354383224197,-0.016060017815858172,-0.06940112561202975,-0.08209255084045806,-0.07584251734775259,0.041509964243403454,0.05919097248753743,Packaging & Containers,Consumer Cyclical,SON
2011Q1,2011,Q1,2011-05-03,2011-04-03,57391000.0,1117323000.0,89594000.0,0.56,194209000.0,0.17381634496023085,3397236000.0,1535659000.0,1264556000.0,803572000.0,1845105000.0,393688000.0,1365162000.0,3656121810.0,4237282810.0,15.41068149203705,1.5736685698356836,0.22557632145661943,0.499027453360414,0.026797948673406284,15.41068149203705,0.037372229121178595,3.2722156529490576,15.926372645536754,2.380816190313084,0.48920562457528183,2.3447857186401415,0.007679175218727191,0.3288917814364383,1.0039498638578745,0.01689343925473532,-70.1252816617757,0.17381634496023085,0.6665797328233215,0.2811746173958065,0.3752508391103587,0.23683805817376338,-0.027330642172427956,0.6630734011417312,-0.03265024077393163,3.3475684341684087,0.08117616823002458,0.061819006550489344,Packaging & Containers,Consumer Cyclical,SON
2010Q4,2010,Q4,2011-02-28,2010-12-31,34509000.0,1127147000.0,92618000.0,0.33601752677702046,199666000.0,0.17714282165502815,3281014000.0,1491791000.0,1157516000.0,780649000.0,1773321000.0,369427000.0,1336155000.0,3457909000.0,3920550000.0,14.525715676728336,1.4827611384886166,0.18923722971008353,0.4162044146934792,0.0474238401559003,14.525715676728336,0.023132596992474146,3.0678420827097086,25.05077660900055,2.3179580785780316,0.8207713929699498,2.5105934325320023,0.008191077324475571,0.3435361750970889,0.8945249401459555,0.010517785050597164,49.54095330878666,0.17714282165502815,-0.4104955670578588,-0.11749823504269731,0.17117762868219663,0.17165679115296548,0.0004108545775212442,-0.41528999135871497,0.09109972315485657,-0.3753329466392342,0.04252235847721477,0.014708306929716988,Packaging & Containers,Consumer Cyclical,SON
2010Q3,2010,Q3,2010-10-25,2010-09-26,59019000.0,1051725000.0,84885000.0,0.57,199584000.0,0.18976823789488698,3302884000.0,1485383000.0,1178931000.0,888759000.0,1802281000.0,353225000.0,1330261000.0,3386204700.0000005,3843468700.0000005,14.75204091766809,1.3264912085278462,0.18952043123524775,0.42141589071640106,0.029111367235277793,14.75204091766809,0.03973318665960227,3.219667403551309,14.343705840492047,2.279684566202791,0.4776936240871584,2.412459480501097,0.008325840431324191,0.3184262602016904,0.8392308826127218,0.01786892909348315,32.84802836439125,0.18976823789488698,-0.017241379310344845,0.26811609525532937,0.1776074309630296,0.18519461138842283,0.03667075273732106,0.0011195359014808408,-0.06073649500962666,-0.08467261129021894,0.02218842390386988,0.11500389520003855,Packaging & Containers,Consumer Cyclical,SON
2010Q2,2010,Q2,2010-07-29,2010-06-27,58953000.0,1010116000.0,90374000.0,0.58,192524000.0,0.1905959315563757,3127769000.0,1405169000.0,1097891000.0,834803000.0,1709070000.0,320766000.0,1299740000.0,3177592650.0,3592088650.0,13.8898729797855,1.3151498018095287,0.18603483825052297,0.4140953863912455,0.031111038230788014,13.8898729797855,0.04195438413457741,3.1457700402726023,13.475110045290316,2.261359772383251,0.4778213152850576,2.5488736337392366,0.008864887071034735,0.3229509596137055,0.843266016054087,0.01884825893472312,287.09727593061075,0.1905959315563757,0.2083333333333333,0.43951954281603783,0.12842059467557992,0.16052779278276694,0.09539252836286258,0.21372395618875073,0.1942385199867856,0.38960166969727944,0.014014687364974373,0.07434940886625228,Packaging & Containers,Consumer Cyclical,SON
2010Q1,2010,Q1,2010-04-28,2010-03-28,48572000.0,935133000.0,75675000.0,0.48,175758000.0,0.18794973549217064,3123305000.0,1386022000.0,1080410000.0,852897000.0,1723175000.0,313559000.0,1269260000.0,3068568000.0,3458433000.0,13.821519744714799,1.2667531952861835,0.18509015289893238,0.41708789615172054,0.027119376868525055,13.821519744714799,0.03504417678795863,3.281424139667833,15.793914189244832,2.213938884086977,0.5573169727414972,2.4217930277874338,0.008821704456280584,0.2994049572488118,0.8276075540188322,0.015551475120105145,67.78070330447075,0.18794973549217064,0.03791499394634549,0.295992955915278,0.1331948688601305,0.16267762875188357,-0.09329715285050273,0.03171265319994052,-0.10977919465455786,-0.08138343851437121,-0.017264013111722112,0.13837471567156265,Packaging & Containers,Consumer Cyclical,SON
2009Q4,2009,Q4,2010-02-26,2009-12-31,47079000.0,1001911000.0,85007000.0,0.4624656188605108,193843000.0,0.19347327257610705,3062580000.0,1366381000.0,996573000.0,805639000.0,1681950000.0,288528000.0,1248043000.0,2977650000.0,3373201000.0,13.42221021611002,1.2369969676244572,0.1896427195371223,0.4250615311541949,0.027962030739123945,13.42221021611002,0.03445525076827034,2.971970564251715,15.811986235901358,2.1792238036096814,0.5737377599354276,2.800657128597571,0.009071247460245496,0.3271460663884698,0.8055804150494204,0.015372333130889641,252.23634053367218,0.19347327257610705,-0.016030598169125908,0.32684311978039904,0.11653615404927097,0.16889101605410975,0.1201171875,-0.012418451469446834,0.13625974095411225,0.18238729001902565,0.004547006935875548,0.11203249681487168,Packaging & Containers,Consumer Cyclical,SON
2009Q3,2009,Q3,2009-10-27,2009-09-27,47671000.0,930560000.0,74813000.0,0.47,173056000.0,0.1859697386519945,3154957000.0,1304520000.0,1023674000.0,721966000.0,1836439000.0,294140000.0,1228253000.0,2777236990.0,3174796990.0,12.959537457406542,1.4178977957410737,0.18753916455913663,0.45355993008922824,0.029540597161287294,12.959537457406542,0.03654294299819091,2.984479227561898,14.564604214302197,2.128934006377825,0.5659415577604833,2.575317875841436,0.00971433122097369,0.294951722004452,0.9379970801949122,0.015109873129808108,18.448866325222372,0.1859697386519945,0.4242424242424241,0.1342891700321064,0.11757901498366354,0.1781233852018679,0.0933259204973339,0.4183576316572449,0.10514809070093803,-0.22813751559704548,-0.011869808049325732,-0.03527336208008083,Packaging & Containers,Consumer Cyclical,SON
2009Q2,2009,Q2,2009-07-28,2009-06-28,33610000.0,864231000.0,67695000.0,0.33,158284000.0,0.1831501068580044,3037371000.0,1230711000.0,917400000.0,642714000.0,1794538000.0,297346000.0,1207837000.0,2440847120.0,2975266120.0,12.232248638333399,1.4273844976148022,0.21264936025266587,0.5248145177868728,0.02455426833637953,12.232248638333399,0.027309417076795447,2.824299429203535,18.155661410294556,1.9832821190352572,0.801904195180006,2.374160069414083,0.011042068050538126,0.2845325776798422,0.8696356388689215,0.011065490517951216,29.187658383756247,0.1831501068580044,0.43478260869565216,-0.06449146869847709,0.10072983914095493,0.14651966476775108,0.1236733563817326,0.45359397975953636,0.30398351119158606,-0.32743404374389296,-0.06945177347980049,-0.04880970165184388,Packaging & Containers,Consumer Cyclical,SON
2009Q1,2009,Q1,2009-04-28,2009-03-29,23122000.0,800629000.0,51914000.0,0.23,140863000.0,0.17594041684725384,2979012000.0,1161690000.0,879644000.0,656028000.0,1805254000.0,316219000.0,1201451000.0,2085686760.0,2674399760.0,11.546237029380194,1.3408634997286701,0.22399607655155468,0.5744105570332877,0.019164759394343343,11.546237029380194,0.019903760900068006,2.6050602214009233,22.550890493901914,1.7953901298969603,1.1653403684802353,2.0864211195405717,0.012919006111924496,0.2687565541864215,0.7677111342808539,0.0077616337228584515,51.03221825299731,0.17594041684725384,-0.3568532711318449,-0.3911064027564983,0.1169205209341832,0.08493459516695302,-0.10965103564227519,-0.3579362434743974,-0.31560629630606163,-0.4887738114861802,-0.023982377002262013,-0.07331642705017709,Packaging & Containers,Consumer Cyclical,SON
2008Q4,2008,Q4,2009-02-27,2008-12-31,36012000.0,934572000.0,75854000.0,0.35761668321747764,158211000.0,0.1692871175254555,3086466000.0,1162975000.0,929990000.0,698196000.0,1923491000.0,314169000.0,1205540000.0,2332212000.0,2920382000.0,11.548907646474678,1.3319898710390778,0.22349995107673307,0.5931554848556504,0.033091749671143936,11.548907646474678,0.030965411982200822,2.4954867040741644,16.190519826724426,2.0053844665620497,0.7478618238364989,2.4711572433944786,0.011547835273980237,0.30279679089288525,0.7743570573306063,0.011667713170985847,62.02691489361702,0.1692871175254555,-0.372602310144776,-0.5216840330706034,0.24810171555597016,0.11826805522187174,-0.14358327559327905,-0.37207720876706596,-0.17322637252444223,-0.06077115338382501,-0.009633487560710252,-0.06845511949066524,Packaging & Containers,Consumer Cyclical,SON
2008Q3,2008,Q3,2008-10-29,2008-09-28,57351000.0,1063250000.0,91747000.0,0.57,184736000.0,0.17374653185986363,3325545000.0,1473640000.0,1135886000.0,781787000.0,1851905000.0,356982000.0,1197365000.0,2952914820.0,3591927820.0,14.681930039553258,1.4529353903301028,0.2364992805690496,0.5337049754349773,0.02888249210610104,14.681930039553258,0.038917917537526124,2.7772535339760167,12.872115656222212,2.00382374256942,0.46886715140102175,2.460947610803906,0.009106256576679716,0.3197220305243201,0.8730958688236055,0.017245594331154742,21.434900916072646,0.17374653185986363,0.0,3.0396866006677272,0.4911646386988834,0.5573100890771311,-0.05108356747705221,-0.01095091918739006,-0.02167839624653444,0.23619292230672506,0.19429556964370484,0.17956182909035523,Packaging & Containers,Consumer Cyclical,SON
2008Q2,2008,Q2,2008-07-30,2008-06-29,57986000.0,1086567000.0,93780000.0,0.57,194681000.0,0.1791707276219506,3401580000.0,1504494000.0,1139519000.0,776193000.0,1897086000.0,359573000.0,1166903000.0,3101809000.0,3846863000.0,15.011913789662742,1.4680871896551502,0.2427877633335097,0.548930072170444,0.02979235652370364,15.011913789662742,0.038541861915035884,2.854687285735716,13.373094367605974,2.061695825972054,0.4633877142758597,2.4804031448412425,0.00866268683855131,0.3194300883706983,0.8618913079607778,0.017046784141487192,60.788793948183276,0.1791707276219506,3.384615384615384,1.450271932296838,0.4344458325293715,0.5558311468103769,0.044414759498288645,3.3733313221208236,0.06262676622891007,0.42925820313987034,0.2252709924611531,0.25427663745500484,Packaging & Containers,Consumer Cyclical,SON
2008Q1,2008,Q1,2008-04-29,2008-03-30,13259000.0,1037996000.0,88253000.0,0.13,186402000.0,0.17957872670029557,3346618000.0,1452639000.0,1074496000.0,755700000.0,1893979000.0,349990000.0,1136042000.0,2865548070.0,3631382070.0,14.51347300902197,1.4218552335582904,0.2509587290811201,0.578163604309123,0.020088784462185462,14.51347300902197,0.009127525834016572,2.760654251076112,54.030244927973456,1.9726498255932823,1.9508258541368126,2.4331952341495473,0.009026545487334994,0.31016267766443617,0.8317639274844515,0.003961910203076659,95.86337715776797,0.17957872670029557,-0.7583259488997194,-0.558371514074179,0.4712275923161371,0.5713982099513049,-0.0254865979704826,-0.7552244867818638,0.003467958339018511,-0.6455496574579215,0.2602446755600357,0.2208853074595327,Packaging & Containers,Consumer Cyclical,SON
2007Q4,2007,Q4,2008-02-28,2007-12-31,54168000.0,1060118000.0,87948000.0,0.5379145978152929,191277000.0,0.18042991440575484,3340243000.0,1441537000.0,1027679000.0,758081000.0,1898706000.0,343084000.0,1150108000.0,3290876000.0,4069656000.0,14.315163853028798,1.3556321817853236,0.2543341906561888,0.5893279187422868,0.029189736834880266,14.315163853028798,0.037576558908997824,3.10425443205379,15.188284596071481,2.282893883403617,0.48020971791463596,2.53244394958669,0.007904278374511832,0.3173775081633282,0.7828912741514429,0.016216784227973832,21.49985953679809,0.18042991440575484,-0.14616730505509057,0.49772420885479685,0.4023734786224377,0.6007964881618506,0.021347828640691163,-0.1606154990469992,-0.02710236952144959,0.5433110139068243,0.19430750546773268,0.24665507034484216,Packaging & Containers,Consumer Cyclical,SON
2007Q3,2007,Q3,2007-10-30,2007-09-30,64533000.0,1029764000.0,90398000.0,0.63,187279000.0,0.1818659420993548,3360828000.0,1333302000.0,1113027000.0,742656000.0,2027526000.0,338776000.0,1121951000.0,3060536750.0,3955226750.0,13.23048375093029,1.4987113818510858,0.2902689456288748,0.7316751943670676,0.04050065625532887,13.23048375093029,0.04840088742085439,2.972075883406295,11.856479436877258,2.2954565057278846,0.4083492166798382,2.4868497178076368,0.008610254394102604,0.3064018747760968,0.897936595139607,0.01920151819730138,37.445545251000205,0.1818659420993548,0.5365853658536587,1.116518258663146,0.3748803045096746,0.45832958042114347,-0.014704799183475909,0.5237656725933272,0.2867859532248651,0.5337684922796059,0.23532148994236193,0.20275452389668802,Packaging & Containers,Consumer Cyclical,SON
2007Q2,2007,Q2,2007-07-31,2007-07-01,42351000.0,994432000.0,70251000.0,0.41,190074000.0,0.1911382578195392,3273827000.0,1305663000.0,1050765000.0,674968000.0,1968164000.0,327404000.0,1083770000.0,4345599700.0,5244041700.0,12.928636498663234,1.5567626909720165,0.29834930190263564,0.748082774804831,0.022248742399255884,12.928636498663234,0.03243639438354307,4.369931478472133,25.652285070010155,3.328270541479693,0.6200089726334679,2.456775115759123,0.006042434143209278,0.3037521530612338,0.9304989273565561,0.012936236398563516,218.84472478219269,0.1911382578195392,-0.21153846153846162,0.0716441643400807,0.3326571379063225,0.4404180095450566,0.02651148975238301,-0.20248945465501658,-0.2642256412404822,0.17439533994657302,0.2618199813676021,0.2117915865362148,Packaging & Containers,Consumer Cyclical,SON
2007Q1,2007,Q1,2007-05-01,2007-04-01,53104000.0,955679000.0,95479000.0,0.52,185165000.0,0.19375229548833867,2966899000.0,1222814000.0,982277000.0,642300000.0,1744085000.0,313444000.0,1067677000.0,3969138739.9999995,4690808740.0,12.1414500466668,1.5293118480460843,0.27099237284450867,0.6575055568549264,0.030904302708283107,12.1414500466668,0.043427700369802764,4.153213306978598,18.685686294817714,3.245905542461895,0.4526212714673094,2.4582190120085246,0.006055721801249004,0.32211376255140467,0.9445430484197416,0.017898822979818322,188.6741807291914,0.19375229548833867,0.329485621709194,0.5080320620525905,0.3916006846826157,0.41717678180918166,-0.041936151497904486,0.3442689347914135,0.025608249637467103,0.39702179856023434,0.3318733637756338,0.14086339623908975,Packaging & Containers,Consumer Cyclical,SON
