Quarters,Year,Quarter,FillingDate,Date,NetIncome,Revenue,OperatingIncome,EPSDiluted,GrossProfit,GrossProfitRatio,TotalAssets,CommonStockEquity,CurrentAssets,CurrentLiability,TotalLiability,Inventory,RetainedEarnings,MarketCap,EnterpriseValue,bookValuePerShare,currentRatio,debtToAssets,debtToEquity,roic,shareholdersEquityPerShare,roe,priceToSalesRatio,peRatio,pbRatio,payoutRatio,inventoryTurnover,dividendYield,assetTurnover,quickRatio,returnOnAssets,priceToFreeCashFlowsRatio,grossProfitMargin,epsdilutedGrowth,fiveYNetIncomeGrowthPerShare,fiveYRevenueGrowthPerShare,fiveYShareholdersEquityGrowthPerShare,grossProfitGrowth,netIncomeGrowth,operatingIncomeGrowth,threeYNetIncomeGrowthPerShare,threeYRevenueGrowthPerShare,threeYShareholdersEquityGrowthPerShare,Industry,Sector,Symbol
2023Q1,2023,Q1,2023-05-04,2023-03-31,-3131000.0,9588000.0,-2459000.0,-0.0545,6503000.0,0.6782436379,66559000.0,1008000.0,55401000.0,31515000.0,65551000.0,20303000.0,-392992000.0,120708018.9,121240018.9,0.01753653170096059,1.7579247977153736,0.5043345002178519,33.301587301587304,-0.06576019112995897,0.01753653170096059,-3.1061507936507935,12.589488829787234,-9.638136290322581,119.75001875000001,0.0,0.15194798798207163,0.0,0.14405264502171006,1.0896398540377599,-0.04704097116843703,-37.18669713493531,0.6782436378806842,0.2940414507772021,0.9157981032912105,-0.4676502732989481,1.006461023161361,0.0454983922829582,0.1628342245989305,0.014428857715430862,-1.5679462664158417,-0.8660600438643697,1.0098702682943475,Biotechnology,Healthcare,PLX
2022Q4,2022,Q4,2023-02-27,2022-12-31,-3740000.0,8617000.0,-2495000.0,-0.0772,6220000.0,0.7218289428,55787000.0,-10640000.0,44880000.0,32429000.0,66427000.0,16804000.0,-389861000.0,66406857.830000006,82769857.83000001,-0.21950744962690852,1.3839464676678281,0.6000322655815871,-3.1460526315789474,-0.10337281890752256,-0.21950744962690852,0.35150375939849626,7.706493887663921,-4.438961084893048,-6.241246036654136,0.0,0.1426446084265651,0.0,0.1544625091867281,0.8253723519072436,-0.06704070840876906,-23.515176285410767,0.7218289427875131,0.04691358024691355,0.9259528808776658,0.04622748928960666,0.8980738660871807,-0.1250527500351667,0.06709902718882514,0.2016,-5.608534656044741,-0.826010984696755,0.9457456382708601,Biotechnology,Healthcare,PLX
2022Q3,2022,Q3,2022-11-14,2022-09-30,-4009000.0,14183000.0,-3125000.0,-0.081,7109000.0,0.5012338715,56709000.0,-11514000.0,45760000.0,34302000.0,68223000.0,14562000.0,-386121000.0,51547326.547000006,73969326.547,-0.232614965764851,1.3340330009911958,0.5844222257489993,-2.878408893520931,-0.13174650832383444,-0.232614965764851,0.3481848184818482,3.634444514348164,-3.2144753396732355,-4.476926050634011,0.0,0.4857849196538937,0.0,0.2501013948403252,0.8589003556643927,-0.07069424606323511,-5.56546388976463,0.5012338715363464,0.2636363636363636,0.9061332420382191,-0.49534826358993933,0.8817349503388238,0.5235747963994857,0.22064541213063762,0.4342867487328023,0.6624177876624625,-0.7015939024442945,0.9512823874600062,Biotechnology,Healthcare,PLX
2022Q2,2022,Q2,2022-08-15,2022-06-30,-5144000.0,8753000.0,-5524000.0,-0.11,4666000.0,0.5330743745,60640000.0,-9889000.0,49700000.0,30960000.0,70529000.0,16507000.0,-382554000.0,51587467.68000001,72104467.68,-0.20894629034444592,1.605297157622739,0.5443436675461741,-3.337951258974618,-0.1896082038720103,-0.20894629034444592,0.520173930629993,5.893689898320576,-2.507166975116641,-5.216651600768531,0.0,0.24759193069606833,0.0,0.14434366754617414,0.9882428940568475,-0.08482849604221636,-6.893034163548905,0.5330743745001714,-0.8675721561969439,-4.080077464581607,-0.6290549347289027,0.8710779753919198,-0.535767585314894,-0.9037749814951888,-1.9540106951871659,0.7917159287351829,-0.7759259478092922,0.9540580439381879,Biotechnology,Healthcare,PLX
2022Q1,2022,Q1,2022-05-16,2022-03-31,-2702000.0,16085000.0,-1870000.0,-0.0589,10051000.0,0.6248678893,68391000.0,-7486000.0,56542000.0,35331000.0,75877000.0,16594000.0,-377220000.0,48594176.78,65104176.78,-0.16329446295437378,1.6003509665732643,0.48833910894708366,-4.461394603259418,-0.07050840445378168,-0.16329446295437378,0.36094042212129307,3.0210865265775566,-4.49613034603997,-6.49134074004809,0.0,0.3636254067735326,0.0,0.23519176499831848,1.0988933231439812,-0.039508122413767895,-8.021488408715747,0.6248678893378925,0.6535294117647059,0.9875971002903515,0.5116507883911542,0.970315656642004,0.8609516756156267,0.6433003300330034,0.6752908491057475,0.8796036794786053,-0.5012695636955385,0.9595188265683899,Biotechnology,Healthcare,PLX
2021Q4,2021,Q4,2022-03-31,2021-12-31,-7575000.0,8549000.0,-5759000.0,-0.17,5401000.0,0.6317697976,73665000.0,-6036000.0,61666000.0,33176000.0,79701000.0,17954000.0,-374934000.0,37889463.3099,32374463.3099,-0.13249438660400095,1.8587533156498675,0.4543541709088441,-5.545062955599735,-0.19818083360604663,-0.13249438660400095,1.2549701789264414,4.432034543209732,-1.250477336960396,-6.277247069234592,0.0,0.1753369722624485,0.0,0.11605239937555148,1.2788461538461537,-0.10283038077784565,-6.845431492303523,0.6317697976371506,-0.8888888888888891,0.2112790626092498,0.12240036735380445,0.8343752303497826,-0.35325110765177825,-0.8040009526077637,-2.0551724137931036,-1.252249140640914,-0.8969394545058925,0.9628225251102532,Biotechnology,Healthcare,PLX
2021Q3,2021,Q3,2021-11-15,2021-09-30,-4199000.0,12054000.0,-1885000.0,-0.09,8351000.0,0.6927990708478513,83482000.0,213000.0,71224000.0,42764000.0,83269000.0,14730000.0,0.0,60590340.510000005,86679340.51,0.00467549773801395,1.6655130483584324,0.4399870630794662,172.44600938967136,-0.044228061942749884,0.00467549773801395,-19.71361502347418,5.026575452961673,-3.607426798642534,284.4616925352113,0.0,0.2513917175831636,0.0,0.1443904075129968,1.2678888784959312,-0.05029826789008409,-27.243858142985612,0.6927990708478513,0.64,0.8737903011167614,-0.43442697081603004,1.0030902297221684,3.9297520661157024,0.6264567209323014,0.794348679903993,0.9121295328112577,4.913948076069515,1.0010660220448149,Biotechnology,Healthcare,PLX
2021Q2,2021,Q2,2021-08-16,2021-06-30,-11241000.0,6427000.0,-9166000.0,-0.25,1694000.0,0.26357554068772365,108204000.0,3841000.0,95923000.0,96247000.0,104363000.0,13640000.0,0.0,86784492.36999999,114999492.36999999,0.08453480339231717,0.996633661308924,0.573888211156704,16.166883624056236,-0.12787388392857144,0.08453480339231717,-2.926581619369956,13.503110684611793,-1.930088345565341,22.59424430356678,0.0,0.3469941348973607,0.0,0.05939706480351928,0.8236100865481522,-0.10388710214040146,13.918924197273455,0.26357554068772365,-0.7857142857142856,0.7725969221685715,-0.20233293525046578,1.1057305169202671,-0.7415713196033562,-1.0531506849315069,-1.4739541160593792,0.6787715255375024,0.0340326262673639,1.0250076854397219,Biotechnology,Healthcare,PLX
2021Q1,2021,Q1,2021-05-14,2021-03-31,-5475000.0,11320000.0,-3705000.0,-0.14,6555000.0,0.5790636042402827,102792000.0,14504000.0,90698000.0,80861000.0,88288000.0,13915000.0,0.0,178105515.12,219352515.12,0.36319953346989875,1.121653207355833,0.5941804809712818,4.211045228902372,-0.04557980464040548,0.36319953346989875,-0.37748207391064537,15.733702749116608,-8.13267192328767,12.279751456150027,0.0,0.34243621990657563,0.0,0.11012530157988949,0.9278762320525346,-0.053262899836563155,-17.427154121330723,0.5790636042402827,-12.589245138539043,0.8409962497984467,3.162913025391101,0.3666666665532719,-0.6084931015946963,-14.790931989924433,-2.305036984853822,0.7880676525027097,-0.09533090300272003,1.1338144074301744,Biotechnology,Healthcare,PLX
2020Q4,2020,Q4,2021-03-30,2020-12-31,397000.0,19495000.0,2839000.0,0.01208016556095116,16743000.0,0.8588355988715055,67934000.0,-27037000.0,55723000.0,86474000.0,94971000.0,13082000.0,-347352000.0,119295550.44,165430550.44,-0.8226988319179761,0.6443902213382057,0.9479789207171666,-2.381921071124755,0.06564161849710982,-0.8226988319179761,-0.014683581758331175,6.119289583995896,75.12314259445844,-4.412307224914007,0.0,0.21036538755541967,0.0,0.28696970589101184,0.4688692554987626,0.005843907321812347,-15.245437755910542,0.8588355988715055,1.0862868968639368,-0.9983476252419576,1.52837798601072,-1.7544920822034098,1.1134814440797778,1.0894748704079333,2.0995352439969017,1.0115931596023795,2.491146045600208,0.6179878566558118,Biotechnology,Healthcare,PLX
2020Q3,2020,Q3,2020-10-29,2020-09-30,-4437000.0,10790000.0,-2582000.0,-0.14,7922000.0,0.7341983317886932,72310000.0,-33315000.0,60332000.0,43895000.0,105625000.0,13281000.0,0.0,127182859.56,177189859.56,-1.0137297623755364,1.3744617838022555,0.878716636703084,-1.9072489869428186,-0.07180399899885981,-1.0137297623755364,0.13318325078793336,11.787104685820204,-7.166038965517241,-3.8175854588023412,0.0,0.21594759430765756,0.0,0.14921864195823537,1.012393211071876,-0.06136080763379892,-34.31809486238532,0.7341983317886932,-0.07692307692307698,0.6679706845184847,-0.47239002477248093,0.860995175024796,-0.13326039387308533,-0.0691566265060241,-0.15267857142857144,0.843528176838834,-0.4217494347827086,0.48460409545811445,Biotechnology,Healthcare,PLX
2020Q2,2020,Q2,2020-08-10,2020-06-30,-4150000.0,10967000.0,-2240000.0,-0.13,9140000.0,0.8334093188656879,71710000.0,-34764000.0,54210000.0,42415000.0,106474000.0,11065000.0,0.0,122957590.44,180708590.44,-1.0715528787488169,1.278085582930567,0.8728768651513039,-1.8005407893222873,-0.0668636757111728,-1.0715528787488169,0.11937636635600046,11.211597559952585,-7.407083761445783,-3.5369229789437346,0.0,0.16511522819701763,0.0,0.15293543438850926,0.9490038901332076,-0.05787198438153675,-15.279929220827638,0.8334093188656879,-2.3,0.7638012792644514,-0.31428271288835125,0.8459630028589742,-0.4983534577387486,-3.489502099580084,-1.4773066268911144,-4.625019557596985,-0.32198064596827985,0.3388407787705608,Biotechnology,Healthcare,PLX
2020Q1,2020,Q1,2020-06-01,2020-03-31,1667000.0,21646000.0,4693000.0,0.1,18220000.0,0.8417259539868798,82876000.0,-30881000.0,57767000.0,47628000.0,113757000.0,9488000.0,-339162000.0,40845523.9,88364523.9,-1.7767026364423741,1.2128789787519947,0.7443047444374729,-1.997506557430135,0.12888962126829803,-1.7767026364423741,-0.05398141251902464,1.8869779127783424,6.125603464307139,-1.3226749101389204,0.0,0.3610876897133221,0.0,0.26118538539504804,0.9563911984546906,0.02011438776002703,-5.6864156898231935,0.8417259539868798,4.972877663230241,1.1496781842875383,1.2772238620162797,0.7292246088410342,0.2303329056654737,4.7285223367697595,1.1331818181818183,1.0201825130769717,4.365495305121171,0.6770236409060102,Biotechnology,Healthcare,PLX
2019Q4,2019,Q4,2020-03-12,2019-12-31,291000.0,17759000.0,2200000.0,0.016742348602853886,14809000.0,0.8338870431893688,45392000.0,-70322000.0,32479000.0,40175000.0,115714000.0,8155000.0,-340829000.0,57009922.72,100142922.72,-4.045894977491034,0.8084380833851897,1.3421968628833274,-0.8663718324279742,-0.5898123324396782,-4.045894977491034,-0.00413810756235602,3.210198925615181,48.97759683848797,-0.8106982554534853,0.0,0.36174126302881665,0.0,0.39123634120549877,0.5598506533914126,0.006410821290095171,-15.345874218034993,0.8338870431893688,1.0837117430142695,1.0184248330582177,5.880581169350383,0.32181010160698914,0.3410305170696369,1.0817415730337079,2.4248704663212437,1.0794161565914855,5.111194891035217,-4.057575953604129,Biotechnology,Healthcare,PLX
2019Q3,2019,Q3,2019-11-07,2019-09-30,-3560000.0,14248000.0,-1544000.0,-0.2,11043000.0,0.7750561482313307,53729000.0,-70849000.0,40439000.0,33319000.0,124578000.0,7525000.0,0.0,30433207.679,64908207.679000005,-4.774761192862032,1.21369188751163,1.0407228870814644,-0.7892419088483958,0.16822837219437786,-4.774761192862032,0.0502477099182769,2.1359634811201573,-2.1371634606039325,-0.4295502784654689,0.0,0.42591362126245846,0.0,0.26518267602225987,0.9051292055583902,-0.06625844515996948,-8.413936322643075,0.7750561482313307,0.6,0.7215254072586575,1.4082380615327643,0.06923922406286766,0.1560929648241206,0.5402298850574713,0.7355711594451104,0.6714764275440149,1.052490204146264,-2.1558370426474074,Biotechnology,Healthcare,PLX
2019Q2,2019,Q2,2019-08-08,2019-06-30,-7743000.0,12247000.0,-5839000.0,-0.5,9552000.0,0.7799461092512452,55242000.0,-67485000.0,41598000.0,25993000.0,122727000.0,6998000.0,0.0,69739676.3,99837676.3,-4.548049501055686,1.600353941445774,0.9991310959052895,-0.8178706379195376,0.8985841797476146,-4.548049501055686,0.11473660813514114,5.694429354127541,-2.2517007716647295,-1.033410036304364,0.0,0.38511003143755357,0.0,0.22169725933166792,1.2446427884430424,-0.140165091777995,-13.39344657192241,0.7799461092512452,0.0,0.20842427926096324,1.8522485529754749,-0.06095501998503307,0.13795568263045033,-0.06594162995594714,-0.055113841705818574,0.5203468059597249,3.654465006261005,-4.6883982150396015,Biotechnology,Healthcare,PLX
2019Q1,2019,Q1,2019-05-06,2019-03-31,-7264000.0,10439000.0,-5534000.0,-0.5,8394000.0,0.8041000095794616,61044000.0,-59855000.0,47341000.0,27036000.0,120899000.0,6707000.0,-329817000.0,64353399.17299999,88415399.173,-4.0338371917565095,1.751035656162154,0.8915700150710962,-0.9092807618411161,-17.02769230769231,-4.0338371917565095,0.12135995322028235,6.164709184117252,-2.2148058636082046,-1.075154943997995,0.0,0.30490532279707766,0.0,0.1710077976541511,1.4398579671549046,-0.11899613393617718,-8.64268052283105,0.8041000095794616,-1.7585231060218791,0.3822410331252689,-0.11679595025863347,-0.11347541626235814,-0.6607113985448666,-1.7426643492485432,-1.4794247595945595,0.43224689329834254,9.331663382034968,-16.178738737926764,Biotechnology,Healthcare,PLX
2018Q4,2018,Q4,2019-03-18,2018-12-31,9781000.0,27018000.0,11543000.0,0.6591757008198216,24740000.0,0.9156858390702495,61131000.0,-52881000.0,52983000.0,25353000.0,114012000.0,8569000.0,-322553000.0,46146892.19,56304892.19,-3.5638350102293206,2.0898118565850194,0.784642816247076,-0.9070554641553678,-2.34852492370295,-3.5638350102293206,-0.184962462888372,1.7080054848619437,1.179503429864022,-0.8726554374917267,0.0,0.2658419885634263,0.0,0.4419688864896697,1.677789610696959,0.16000065433249905,-11.00832351860687,0.9156858390702495,1.6591757008198216,1.561293286971773,14.041645983608369,-0.22585859487185944,20.728867623604465,1.6292460113226968,1.8266848098546158,-0.9098352349846599,2.6218482779512438,-4.268371356780309,Biotechnology,Healthcare,PLX
2018Q3,2018,Q3,2018-11-07,2018-09-30,-15544000.0,663000.0,-13963000.0,-1.0,-1254000.0,-1.8914027149321266,67197000.0,-64994000.0,57340000.0,14551000.0,132191000.0,7959000.0,-334170000.0,110399694.95,115851694.95,-4.385929691375474,3.940622637619408,0.7041981040820274,-0.7280672062036496,0.790030553355211,-4.385929691375474,0.23916053789580577,166.51537699849172,-1.7755998287120434,-1.6986136404898915,0.0,0.24085940444779494,0.0,0.009866511897852582,3.2136622912514605,-0.23131985058856794,8.156608418913928,-1.8914027149321266,-0.24999999999999994,-0.6870944151437007,-0.8768820652257879,-1.4267139478496045,-6.084745762711864,-0.3763060031875332,-0.45812447786132,-1.579620435124242,-0.9281029450172615,0.39859180253864557,Biotechnology,Healthcare,PLX
2018Q2,2018,Q2,2018-08-09,2018-06-30,-11294000.0,2006000.0,-9576000.0,-0.8,-177000.0,-0.08823529411764706,51721000.0,-49571000.0,43052000.0,15072000.0,101292000.0,6978000.0,-318626000.0,63057113.5,81472113.5,-3.3803529557374996,2.856422505307856,0.903733493165252,-0.9429303423372536,3.3849416755037116,-3.3803529557374996,0.22783482277944767,31.43425398803589,-1.3958100208075084,-1.2720565148978233,0.0,0.31284035540269417,0.0,0.03878501962452389,2.2276406581740975,-0.21836391407745404,-7.776188617585399,-0.08823529411764706,-0.3333333333333335,-0.03969655346432075,-0.5879342024506838,-1.60302181327583,-1.1086556169429098,-0.20148936170212767,-0.3096280087527352,-0.42209212230553195,-0.7225155271910153,0.5140702536429349,Biotechnology,Healthcare,PLX
2018Q1,2018,Q1,2018-05-09,2018-03-31,-9400000.0,4553000.0,-7312000.0,-0.6,1629000.0,0.3577860751153086,64797000.0,-39439000.0,55688000.0,21499000.0,104236000.0,7019000.0,0.0,78450698.602,89169698.602,-2.7142035035309626,2.590260012093586,0.8030927357748043,-1.3194553614442557,-0.5803635209143583,-2.7142035035309626,0.23834275716929942,17.230550977816822,-2.0864547500531914,-1.9891655113466367,0.0,0.4165835589115259,0.0,0.07026559871598993,2.1431229359505095,-0.14506844452675277,-8.119509273649347,0.3577860751153086,0.42418870616207655,-0.3801194765179943,-0.2720541335248489,-2.9822812811438646,0.780327868852459,0.37916914338550955,0.35960763706428445,-0.009587304476192618,-0.42704720432635,0.5863463585413166,Biotechnology,Healthcare,PLX
2017Q4,2017,Q4,2018-03-06,2017-12-31,-15141000.0,2469000.0,-11418000.0,-1.042008043991032,915000.0,0.370595382746051,72214000.0,-31293000.0,62651000.0,22752000.0,103507000.0,7833000.0,-297932000.0,96076313.976,97101313.976,-2.153593403382297,2.7536480309423346,0.7226853518708284,-1.6677212156073242,-0.5464465183058148,-2.153593403382297,0.483846227590835,38.91304737788578,-1.5863601145234791,-3.0702174280510017,0.0,0.19839142091152814,0.0,0.034190046251419394,2.324367088607595,-0.20966848533525356,5.553544160462428,0.370595382746051,-0.15778671554559107,0.027470904434150404,31.63269561411031,-4.913831638008413,-0.3732876712328767,-0.32386115240010493,-0.4704443013522215,-0.1467222855807804,0.14424974933720217,0.6390056342180634,Biotechnology,Healthcare,PLX
2017Q3,2017,Q3,2017-11-08,2017-09-30,-11437000.0,7526000.0,-7765000.0,-0.9,1460000.0,0.19399415360085037,61058000.0,-26071000.0,51153000.0,26591000.0,87129000.0,7479000.0,-282791000.0,76878420.0,107233420.0,-1.9668952613750386,1.9236959873641457,1.045514101346261,-2.4485827164282155,-0.20560821903299265,-1.9668952613750386,0.43868666334241113,10.215043847993622,-1.68047608638629,-2.94880978865406,0.0,0.8110709987966306,0.0,0.12325985128893839,1.5333759542702419,-0.18731370172622752,-7.20037651025569,0.19399415360085037,-0.5000000000000001,-0.4477346857830043,-0.03160261559589028,-4.789094298341595,0.7485029940119761,-26.415555555555557,0.28135122628412773,-0.00150544387283281,0.4240175354180801,0.6165862781993591,Biotechnology,Healthcare,PLX
2017Q2,2017,Q2,2017-08-09,2017-06-30,450000.0,6358000.0,-10805000.0,-0.6,835000.0,0.1313306071091538,59000000.0,-20668000.0,48891000.0,19116000.0,79668000.0,7059000.0,-271354000.0,106801098.75,130149098.75,-1.6207183449037317,2.557595731324545,0.9810338983050847,-2.8005128701374105,-0.2903555209201086,-1.6207183449037317,-0.02177278885233211,16.7979079506134,59.333943749999996,-5.167461716179601,0.0,0.7824054398640033,0.0,0.10776271186440678,1.963695333751831,0.007627118644067797,-11.943759645493179,0.1313306071091538,0.8750000000000001,-0.9665034554512538,-0.825249520368056,-2.8865347042311438,0.04244694132334582,1.0076080340839928,-0.6975648075412412,1.0535287231330412,0.7229367659958328,0.6219238019268879,Biotechnology,Healthcare,PLX
2017Q1,2017,Q1,2017-05-10,2017-03-31,-59148000.0,2889000.0,-6365000.0,-4.8,801000.0,0.2772585669781931,71852000.0,-68470000.0,61543000.0,20289000.0,140322000.0,7100000.0,-271804000.0,169275936.0,238763936.0,-5.501029986920291,3.033318546995909,1.6353754940711462,-1.71615305973419,-0.12980524115427755,-5.501029986920291,0.8638527822403973,58.59326272066459,-0.7154761614932035,-2.472264290930334,0.0,0.29408450704225353,0.0,0.0402076490563937,2.501552565429543,-0.8231921171296555,-19.578526023594726,0.2772585669781931,-21.768463414634144,-6.068644233421427,-0.4532182044226288,-6.481900875846771,5.209302325581396,-21.541158536585368,0.27006880733944955,-4.996654679305127,-0.7086094589728746,-0.5184702216230443,Biotechnology,Healthcare,PLX
2016Q4,2016,Q4,2017-03-16,2016-12-31,-2624000.0,2081000.0,-8720000.0,-0.21081791566640637,129000.0,0.06198942815953868,82247000.0,-9957000.0,71867000.0,66212000.0,92204000.0,5245000.0,-212656000.0,55388082.0,69623082.0,-0.7999672203850641,1.0854074790068267,0.9424781450995173,-7.785075826052024,-0.12907236637605649,-0.7999672203850641,0.26353319272873355,26.61608938010572,-5.277065739329268,-5.5627279300994275,0.0,0.37216396568160154,0.0,0.02530183471737571,0.9661994804567148,-0.031903899230367065,-7.429655533199195,0.06198942815953868,0.6988315490479908,0.7922780777628905,-0.37836623528473545,0.7305902624567928,-0.6943127962085308,0.6400548696844993,-0.31167268351383876,0.8204868888677683,0.38114730294922744,0.7248338685966047,Biotechnology,Healthcare,PLX
2016Q3,2016,Q3,2016-11-09,2016-09-30,-7290000.0,4670000.0,-6648000.0,-0.7,422000.0,0.09036402569593148,70474000.0,-15103000.0,59648000.0,10333000.0,85577000.0,4860000.0,-210032000.0,56898522.9,78008522.9,-1.5129935824748801,5.772573308816414,1.0277549167068707,-4.795735946500695,-0.11596629860275263,-1.5129935824748801,0.4826855591604317,12.183837880085653,-1.9512525,-3.767365616102761,0.0,0.8740740740740741,0.0,0.06626557311916452,5.169457079260622,-0.10344240429094417,-15.805145249999999,0.09036402569593148,0.3636363636363637,0.29573745400909063,2.537088119498578,0.25378481668200814,3.4893617021276597,0.3282963235971621,0.3305810089618367,-0.1745989077063135,0.2873900202386813,0.16286787797383073,Biotechnology,Healthcare,PLX
2016Q2,2016,Q2,2016-08-08,2016-06-30,-10853000.0,1769000.0,-9931000.0,-1.1,94000.0,0.05313736574335783,78864000.0,-7976000.0,67645000.0,11460000.0,86840000.0,6067000.0,-202742000.0,63845446.400000006,81537446.4,-0.7995307868972782,5.902705061082025,0.9169963481436397,-9.066950852557673,-0.15434708277641354,-0.7995307868972782,1.3607071213640922,36.091264217071796,-1.4706865935685984,-8.004694884653963,0.0,0.2760837316630954,0.0,0.0224310204909718,4.89694589877836,-0.13761665652262123,-5.3133693741677765,0.05313736574335783,-0.2222222222222223,0.3198604610515001,0.9863437924358719,0.21379445061244132,-0.3974358974358974,-0.262270295417539,-0.2628433367243133,-0.46867026145018126,-0.4658304226605289,0.3843258068223989,Biotechnology,Healthcare,PLX
2016Q1,2016,Q1,2016-05-09,2016-03-31,-8598000.0,679000.0,-7864000.0,-0.9,156000.0,0.22974963181148747,87310000.0,2650000.0,76269000.0,9279000.0,84660000.0,5737000.0,-191889000.0,83810978.61,89348978.61,0.2657557562195371,8.219527966375686,0.8270186691100676,27.247924528301887,-0.10505363559854122,0.2657557562195371,-3.2445283018867923,123.43295818851252,-2.4369323857292393,31.626784381132072,0.0,0.09116262855150775,0.0,0.0077768869545298365,7.184933721306175,-0.09847669224601993,-8.486328332320777,0.22974963181148747,-1.1231057037037038,-0.39517812798792556,-0.9072286056086298,-0.5382766834321318,1.030350194552529,-1.1179423868312757,0.31901627987530307,-0.8395286910807257,-0.8418054555379264,1.3899170316346996,Biotechnology,Healthcare,PLX
2015Q4,2015,Q4,2016-03-08,2015-12-31,72900000.0,-11195000.0,-11548000.0,7.310790425812927,-5140000.0,-0.45913354175971416,97253000.0,10873000.0,85881000.0,11235000.0,86380000.0,5767000.0,-183291000.0,101709932.39999999,97432932.39999999,1.0904008820283122,7.644058744993324,0.7413344575488674,6.6308286581440266,-0.13918283717006147,1.0904008820283122,6.704681320702658,-9.085299901741848,0.34879949382716047,9.354357803734018,0.0,-1.0499393098664818,0.0,-0.11511213021706271,6.797863818424566,0.749591272248671,-26.342898834498833,0.45913354175971416,19.276976064532317,8.007706383612591,-8.803911516120564,1.7871970194912892,-2.4685714285714284,20.083769633507853,-3.114000712504453,7.82332199035165,-216.61365020261286,3.9942733034582063,Biotechnology,Healthcare,PLX
2015Q3,2015,Q3,2015-11-09,2015-09-30,-3820000.0,5846000.0,-2807000.0,-0.4,3500000.0,0.5986999657885734,59492000.0,-68511000.0,47876000.0,22853000.0,128003000.0,6339000.0,-256191000.0,110853648.60000001,144379648.60000002,-7.292766726308727,2.094954710541286,1.1392119948900692,-0.9892426033775598,3.8086838534599727,-7.292766726308727,0.05575746960342135,18.962307321245298,-7.254819934554974,-1.6180416079169768,0.0,0.37008991954566967,0.0,0.09826531298325826,1.6987266442042621,-0.06421031399179722,-12.614206713700503,0.5986999657885734,0.19999999999999996,-0.32991641277166883,0.5814170983831377,-15.66460630233267,0.3581684128831975,0.24669690396371524,0.37231663685152055,0.3177419126091117,0.06134523829870123,-15.049035230515393,Biotechnology,Healthcare,PLX
2015Q2,2015,Q2,2015-08-10,2015-06-30,-5071000.0,4616000.0,-4472000.0,-0.5,2577000.0,0.5582755632582322,65954000.0,-65137000.0,53868000.0,25519000.0,131091000.0,6368000.0,-252371000.0,182588659.5,207020659.5,-6.956464347118995,2.110897762451507,1.0260181338508658,-1.0388872683728143,-1.765495459928938,-6.956464347118995,0.0778512980333758,39.55560214471404,-9.001610111417866,-2.803148126256966,0.0,0.3201947236180904,0.0,0.06998817357552234,1.7702104314432383,-0.07688692118749431,-32.727847194837786,0.5582755632582322,0.16666666666666663,0.5638049969654724,2.4941713490638198,-35.20268492642817,-0.04449388209121246,0.15087073007367716,0.07660540986991535,-1.5140825010524648,-0.8272112872990873,-9.097404123827669,Biotechnology,Healthcare,PLX
2015Q1,2015,Q1,2015-05-07,2015-03-31,-5972000.0,5097000.0,-4843000.0,-0.6,2697000.0,0.5291347851677457,72048000.0,-61154000.0,59584000.0,26549000.0,133202000.0,6879000.0,-247300000.0,165897299.4,185505299.4,-6.561536588822856,2.244302986929828,0.9377914723517655,-1.1048500506916963,-0.7553025577043044,-6.561536588822856,0.09765510023874154,32.548028134196585,-6.9447965254521105,-2.712779203322759,0.0,0.34888791975577843,0.0,0.07074450366422386,1.874797544163622,-0.08288918498778593,-25.44437107361963,0.5291347851677457,0.33970435706695007,0.3487566829343554,2.8751869039522977,-7.458532286966786,14.974093264248705,0.2948400047231078,0.3160570540884056,0.046868417354479115,0.2883033618392394,-7.924286264125341,Biotechnology,Healthcare,PLX
2014Q4,2014,Q4,2015-03-12,2014-12-31,-8469000.0,1384000.0,-7081000.0,-0.9086838697508056,-193000.0,-0.13945086705202311,78470000.0,-55601000.0,65520000.0,26210000.0,134071000.0,6667000.0,-241328000.0,171489343.2,184186343.2,-5.965725804937365,2.499809233117131,0.8597425767809354,-1.2133594719519434,-0.5968979178959791,-5.965725804937365,0.15231740436323088,123.90848497109826,-5.0622665958200495,-3.0842852322799947,0.0,0.23653817309134542,0.0,0.017637313623040652,2.161426936283861,-0.10792659615139544,-34.012166441888134,-0.13945086705202311,-0.009648744167561773,0.508117363112741,2.094339983826573,-4.0367828022311825,-1.1011000523834469,-0.05730337078651685,-0.140625,0.10466072328894438,-0.44787729502483564,-1.0091131016459358,Biotechnology,Healthcare,PLX
2014Q3,2014,Q3,2014-11-10,2014-09-30,-8010000.0,3707000.0,-6208000.0,-0.9,1909000.0,0.514971675209064,84795000.0,-47694000.0,71208000.0,24384000.0,132489000.0,6830000.0,-232859000.0,224991199.4,232033199.4,-5.129955318599008,2.920275590551181,0.7943746683177074,-1.4123160145930305,-0.3156877701500127,-5.129955318599008,0.16794565354132596,60.69360652818991,-7.022197234706616,-4.717390015515578,0.0,0.26325036603221086,0.0,0.04371720030662185,2.5553231627296586,-0.09446311692906421,-22.972350357361652,0.514971675209064,-0.2857142857142858,-0.11917842661625892,0.0,-2.305888739547011,0.7659574468085106,-0.3090374244157542,-0.13970993207270058,0.16916353022272604,2.0145851576867413,-1.5301168443951563,Biotechnology,Healthcare,PLX
2014Q2,2014,Q2,2014-08-07,2014-06-30,-6119000.0,2686000.0,-5447000.0,-0.7,1081000.0,0.4024571854058079,96651000.0,-39790000.0,82364000.0,27179000.0,136441000.0,7135000.0,-224849000.0,338796248.5,334907248.5,-4.286750536436356,3.0304279038963906,0.6958541556735057,-1.690248806232722,-0.19832514108865829,-4.286750536436356,0.15378235737622517,126.13412081161579,-13.841977794574277,-8.514607903995978,0.0,0.22494744218640506,0.0,0.027790710908319624,2.6947643401155306,-0.06331026062844668,-51.123622830843516,0.4024571854058079,0.1250000000000001,0.07454545616703744,0.0,-1.935397819588751,-0.6734138972809668,0.16691626957113684,0.15785405071119357,0.5878712627199458,2.241431278018089,-3.2153061718427125,Biotechnology,Healthcare,PLX
2014Q1,2014,Q1,2014-05-08,2014-03-31,-7345000.0,7383000.0,-6468000.0,-0.8,3310000.0,0.44832723825003384,103416000.0,-33578000.0,88561000.0,26781000.0,136994000.0,6527000.0,-218730000.0,424504765.4,413965765.4,-3.622744725965331,3.306859340577275,0.6493289239576081,-1.9998510929775448,-0.1926548119024216,-3.622744725965331,0.21874441598665792,57.49759791412705,-14.448766691626956,-12.642348126749656,0.0,0.6240232878811093,0.0,0.07139127407751218,2.965721967066204,-0.07102382610041,-49.34380627688016,0.44832723825003384,0.3187937161231052,-0.16120293700023883,0.0,-1.6943048592515322,8.69767441860465,0.3252181901699587,0.3626330311391407,-0.2822423615713741,0.0852337221668325,-7.294146677183039,Biotechnology,Healthcare,PLX
2013Q4,2013,Q4,2014-03-13,2013-12-31,-10885000.0,1122000.0,-10148000.0,-1.1743872875731916,-430000.0,-0.38324420677361853,113333000.0,-26946000.0,97903000.0,26696000.0,140279000.0,7957000.0,-211385000.0,360550990.7,341200990.7,-2.90721542039019,3.6673284387174108,0.5916017400051177,-2.488235730720701,-0.25305471048825495,-2.90721542039019,0.4039560602686855,321.3466940285205,-8.280913888378501,-13.380501399094484,0.0,0.19504838506974992,0.0,0.0099000291177327,3.314691339526521,-0.09604440013058863,-72.63315686946011,-0.38324420677361853,-0.9573121459553193,-0.35632623784097445,0.0,-1.4978833395340565,-1.242663656884876,-0.8940316686967114,-0.7976970770593446,-0.1257006168447263,-0.1585521646037462,-1.098816455185929,Biotechnology,Healthcare,PLX
2013Q3,2013,Q3,2013-11-07,2013-09-30,-5747000.0,3359000.0,-5645000.0,-0.6,1772000.0,0.5275379577255136,121156000.0,-16706000.0,105200000.0,25226000.0,137862000.0,7577000.0,-200500000.0,418723755.0,394270755.0,-1.8073533946026061,4.170300483628003,0.5525438277922678,-4.007183048006704,-0.11236514192443967,-1.8073533946026061,0.34400814078774095,124.65726555522477,-18.214884069949537,-25.06427361427032,0.0,0.2094496502573578,0.0,0.02772458648354188,3.704511218584001,-0.04743471227178184,-49.013666744703265,0.5275379577255136,0.14285714285714282,0.27331100790913426,0.0,-1.2717549735845426,0.014891179839633447,0.15942664911510895,0.1811720336524514,-1.0334840330205883,-0.07650146762443602,-3.1299597122149745,Biotechnology,Healthcare,PLX
2013Q2,2013,Q2,2013-08-08,2013-06-30,-6837000.0,3064000.0,-6894000.0,-0.7,1746000.0,0.5698433420365535,62306000.0,-11986000.0,45932000.0,26628000.0,74292000.0,7191000.0,-194753000.0,472563302.40000004,439437302.40000004,-1.2986264419672382,1.7249511792098542,0.0,0.0,0.5751710328716836,-1.2986264419672382,0.5704154847321875,154.23084281984336,-17.27962931110136,-39.42627251793759,0.0,0.18328466138228341,0.0,0.04917664430391937,1.320264383355866,-0.10973261002150676,-53.65160108991826,0.5698433420365535,-0.3999999999999999,-0.32944340572148045,0.0,-1.1744085896945793,-0.4174174174174174,-0.5822726220782226,-0.5565590426732897,0.40337449851349677,1.352969599674658,-5.758284319409905,Biotechnology,Healthcare,PLX
2013Q1,2013,Q1,2013-05-09,2013-03-31,-4321000.0,3968000.0,-4429000.0,-0.5,2997000.0,0.7552923387096774,69942000.0,-6283000.0,52894000.0,24408000.0,76225000.0,5773000.0,-187916000.0,506091367.8,464221367.8,-0.6815700127418771,2.167076368403802,0.0,0.0,0.7049180327868853,-0.6815700127418771,0.6877287919783542,127.54318744959677,-29.28091690580884,-80.54931844660193,0.0,0.1681967781049714,0.0,0.05673272139772955,1.7849885283513602,-0.06177976037288039,-49.480970649198284,0.7552923387096774,0.5333389693226689,0.30499322175834853,0.0,-1.0850566929269378,3.652212389380531,0.5625189834970132,0.5643749385266057,0.5236014010227135,2.0500883000112156,-1.6708705915959068,Biotechnology,Healthcare,PLX
2012Q4,2012,Q4,2013-02-28,2012-12-31,-9877000.0,48000.0,-10167000.0,-1.071441511356282,-1130000.0,-23.541666666666668,78727000.0,-3357000.0,61170000.0,25755000.0,82084000.0,4039000.0,-183595000.0,478436101.8,426401101.8,-0.3641621093067772,2.3750728013977866,0.0,0.0,,-0.3641621093067772,2.942210306821567,9967.4187875,-12.109853746076743,-142.51894602323503,0.0,0.2916563505818272,0.0,0.0006097018811843459,2.0751310425160163,-0.12545886417620383,304.7363705732484,-23.541666666666668,-0.7857358522604702,-0.5830827101370273,0.0,-1.0433505642585696,-1.3738008600727754,-0.8027012228508852,-0.8285971223021583,0.4200144919256384,-0.891498459314325,-1.1853724537342634,Biotechnology,Healthcare,PLX
2012Q3,2012,Q3,2012-11-07,2012-09-30,-5479000.0,5390000.0,-5560000.0,-0.6,3023000.0,0.5608534322820037,77378000.0,4772000.0,59580000.0,20435000.0,72606000.0,2058000.0,-173718000.0,484468148.8,434252148.8,0.5190937745296827,2.9155860044042083,0.0,0.0,,0.5190937745296827,-1.1481559094719196,89.88277343228201,-22.10568300784815,101.5230823134954,0.0,1.1501457725947521,0.0,0.06965804233761534,2.8148764374847075,-0.07080824006823645,-55.05945548357768,0.5608534322820037,-1.6,0.17526177483686722,0.0,-0.8482675127248703,-0.8676097048261364,-1.5682431030906452,-1.5779625779625779,0.22578128580583226,0.0,-0.8678587486971725,Biotechnology,Healthcare,PLX
2012Q2,2012,Q2,2012-08-03,2012-06-30,9642000.0,26113000.0,9620000.0,1.0,22834000.0,0.8744303603569104,84304000.0,7863000.0,65890000.0,21332000.0,76441000.0,1029000.0,-168239000.0,524445240.59999996,469845240.59999996,0.8590980814022473,3.0887867991749482,0.05551338014803568,0.5951926745516978,,0.8590980814022473,1.2262495230827928,20.08368401179489,13.597937165525824,66.6978558565433,0.0,3.186588921282799,0.0,0.30974805465932814,2.850928183011438,0.11437179730499146,40.695680965313876,0.8744303603569104,0.42857142857142866,1.5487764068699155,0.0,-0.7752571624500677,8.482558139534884,2.633130081300813,2.5861500412201153,2.478910756808316,0.0,-0.8125390163653924,Biotechnology,Healthcare,PLX
2012Q1,2012,Q1,2012-05-09,2012-03-31,-5904000.0,3728000.0,-6065000.0,0.7,2408000.0,0.6459227467811158,68464000.0,-6457000.0,49837000.0,17724000.0,74921000.0,263000.0,-177881000.0,559420215.9,513815215.9,-0.7352449702559989,2.8118370570977205,0.0,0.0,,-0.7352449702559989,0.9143565123122193,150.0590707886266,-23.688186648882116,-86.63779090909092,0.0,5.019011406844107,0.0,0.05445197476045805,2.619047619047619,-0.08623510165926618,-78.89158311944718,0.6459227467811158,1.6897200605856615,-0.25424044059625756,0.0,-1.1713531557359924,7.190476190476191,0.33759676876472566,0.3153081959810341,0.014898360160519097,0.0,-1.1409108822739262,Biotechnology,Healthcare,PLX
2011Q4,2011,Q4,2012-02-27,2011-12-31,-8913000.0,2362000.0,-8858000.0,-1.0149045098175187,294000.0,0.12447078746824725,51805000.0,-26077000.0,32491000.0,18693000.0,77882000.0,279000.0,-171977000.0,432957875.09999996,405956875.09999996,-2.969332985808531,1.738137270636067,0.0,0.0,,-2.969332985808531,0.3417954519308203,183.30138657917018,-12.143999638168967,-16.603055378302717,0.0,7.412186379928316,0.0,0.04559405462793167,1.7232118975017385,-0.17204903001640767,-59.17958927009294,0.12447078746824725,-2.0149045098175185,0.2976551166303848,0.0,-1.7870293867763583,-0.5657311669128509,-0.00428169014084507,-0.010379833466408122,-0.17213599817925734,0.0,-1.5085214576099635,Biotechnology,Healthcare,PLX
2011Q3,2011,Q3,2011-11-07,2011-09-30,-8875000.0,1132000.0,-8767000.0,1.0,677000.0,0.5980565371024735,60829000.0,-17353000.0,40282000.0,18314000.0,78182000.0,427000.0,-163064000.0,393694542.0,359130542.0,-2.027556683780493,2.1995194932838267,0.0,0.0,,-2.027556683780493,0.5114389442747652,347.78669787985865,-11.08998709859155,-22.687405174897712,0.0,1.0655737704918034,0.0,0.018609544789491853,2.1762039969422298,-0.14590080389288004,-43.11153547963206,0.5980565371024735,-0.37500000000000006,0.4333667772918559,0.0,-1.1432352265550483,0.07120253164556962,0.35166922346409524,0.3678252091145082,-0.21200268452604987,0.0,-1.30486490062619,Biotechnology,Healthcare,PLX
2011Q2,2011,Q2,2011-08-08,2011-06-30,-13689000.0,764000.0,-13868000.0,1.6,632000.0,0.8272251308900523,71888000.0,-8703000.0,51195000.0,20282000.0,80591000.0,537000.0,-154189000.0,535727857.8,496125857.8,-1.0169487960497094,2.524159353120994,0.06192966837302471,-0.5115477421578766,,-1.0169487960497094,1.5729058945191314,701.2144735602094,-9.783911494630726,-61.55668824543262,0.0,0.24581005586592178,0.0,0.010627643000222568,2.25687801991914,-0.1904212107723125,-85.92267165998396,0.8272251308900523,3.666666666666667,-4.227469782585194,0.0,-1.0636169890632654,-0.8789735733435465,-1.7096199524940618,-1.7526796347757045,-1.870755017834701,0.0,-1.1365786184377609,Biotechnology,Healthcare,PLX
2011Q1,2011,Q1,2011-05-04,2011-03-31,-5052000.0,6000000.0,-5038000.0,-0.6,5222000.0,0.8703333333333333,80923000.0,4705000.0,62254000.0,20130000.0,76218000.0,1101000.0,-140500000.0,497006803.2,446779803.2,0.5755736101762883,3.0925981122702435,0.0,0.0,,0.5755736101762883,-1.07375132837407,82.83446719999999,-24.5945567695962,105.63375200850157,0.0,0.706630336058129,0.0,0.07414455717163229,3.0379036264282164,-0.06242971713851439,-75.39544951456311,0.8703333333333333,0.42487424953095687,-2.204026043851908,0.0,-0.9628419612591023,1.8817966903073287,0.4075984990619137,0.43060578661844484,0.08364037292149848,0.0,-0.9281711535097213,Biotechnology,Healthcare,PLX
2010Q4,2010,Q4,2011-02-23,2010-12-31,-8528000.0,1176000.0,-8848000.0,-1.0432501057562988,-5922000.0,-5.035714285714286,64729000.0,-11323000.0,46333000.0,18903000.0,76052000.0,1189000.0,-135448000.0,815810509.1999999,779910509.1999999,-1.385168966636793,2.4510924191927206,0.0,0.0,,-1.385168966636793,0.7531572904707233,693.7164193877551,-23.91564579033771,-72.04897193323325,0.0,5.969722455845248,0.0,0.018168054504163512,2.388192350420568,-0.1317492932070633,-89.94603188533627,-5.035714285714286,-2.477500352520996,-2.064474920223591,0.0,-1.088324249841331,-3.7947144879660217,-2.4470493128536783,-2.106741573033708,-0.5414291748700395,0.0,-1.1648932021276803,Biotechnology,Healthcare,PLX
2010Q3,2010,Q3,2010-11-08,2010-09-30,-2474000.0,3184000.0,-2848000.0,-0.3,2119000.0,0.6655150753768844,75148000.0,-3541000.0,58441000.0,20487000.0,78689000.0,5097000.0,-126920000.0,703150741.7,658749741.7,-0.43762010298964604,2.852589446966369,0.0,0.0,,-0.43762010298964604,0.6986726913301328,220.8388007851759,-71.05403614591754,-198.57405865574697,0.0,0.20894643908181282,0.0,0.04236972374514292,2.603797530141065,-0.032921701176345346,-63.78941682844961,0.6655150753768844,0.75,0.7209688463634456,0.0,-1.0289779355421451,0.8571428571428571,0.7536101981874316,0.7194088669950739,0.5769024889878089,0.0,-1.1279175169619,Biotechnology,Healthcare,PLX
2010Q2,2010,Q2,2010-08-05,2010-06-30,-10041000.0,1141000.0,-10150000.0,-1.2,1141000.0,1.0,74230000.0,-1554000.0,58729000.0,15746000.0,75784000.0,0.0,-124446000.0,494133647.225412,439172647.225412,-0.19215327153928125,3.7297726406706464,0.0,0.0,,-0.19215327153928125,6.461389961389961,433.0706811791516,-12.30289929353182,-317.9753199648726,0.0,0.0,0.0,0.0153711437424222,3.7297726406706464,-0.135268759261754,-34.506539610713126,1.0,-0.19999999999999996,-1.8331983613992875,0.0,-1.0118630411676957,0.0,-0.2622250157133878,-0.25,0.35323342587686685,0.0,-1.0502679175115288,Biotechnology,Healthcare,PLX
2010Q1,2010,Q1,2010-05-10,2010-03-31,-7955000.0,1141000.0,-8120000.0,-1.0,1141000.0,1.0,88441000.0,8214000.0,72989000.0,19816000.0,80227000.0,0.0,-114405000.0,530379591.82989,461015591.82989,1.0159485618836235,3.6833366976180866,0.0,0.0,,1.0159485618836235,-0.9684684684684685,464.83750379482035,-16.66812042205814,64.5701962295946,0.0,0.0,0.0,0.01290125620470144,3.6833366976180866,-0.0899469702965819,-44.547252799419624,1.0,0.45868673004820565,-1.7693602108603697,0.0,-0.9389304740308221,1.358016943834327,0.4673942153186931,0.4592074592074592,-0.8356521208539723,0.0,-0.7632272246845995,Biotechnology,Healthcare,PLX
2009Q4,2009,Q4,2010-02-26,2009-12-31,-14936000.0,388000.0,-15015000.0,-1.8473591088743366,-3187000.0,-8.213917525773196,98671000.0,15883000.0,83410000.0,21530000.0,82788000.0,0.0,-106450000.0,535230616.74483496,453964616.74483496,1.9644888006327725,3.874129122155132,0.0,0.0,,1.9644888006327725,-0.9403765031795001,1379.4603524351417,-8.958734211717243,33.698332603716864,0.0,0.0,0.0,0.003932259731836102,3.874129122155132,-0.15137173029562892,9.138150565037902,-8.213917525773196,-1.3091988860929207,-0.7073899144091559,0.0,-0.8843821155162329,0.0,-1.5341024770953513,-1.483460138934833,-0.2784288623344788,0.0,-0.4793071630967525,Biotechnology,Healthcare,PLX
2009Q3,2009,Q3,2009-11-09,2009-09-30,-5894000.0,0.0,-6046000.0,-0.8,0.0,0.0,38120000.0,30077000.0,25294000.0,6900000.0,8043000.0,0.0,0.0,632422259.087112,609812259.087112,3.9283249508518576,3.665797101449275,0.0,0.0,,3.9283249508518576,-0.19596369318748547,0.0,-26.824832842174757,21.02677325155807,0.0,0.0,0.0,0.0,3.665797101449275,-0.15461699895068207,-92.55411372561275,0.0,-0.142857142857143,0.48156586987877337,0.0,-0.7826436107823121,0.0,-0.08605122535470794,-0.029456836369828026,0.5793525543226236,0.0,-0.7224864198282355,Biotechnology,Healthcare,PLX
2009Q2,2009,Q2,2009-08-03,2009-06-30,-5427000.0,0.0,-5873000.0,-0.7,0.0,0.0,42185000.0,34915000.0,31077000.0,6214000.0,7270000.0,0.0,0.0,344364705.218688,315232705.218688,4.5828100586347675,5.0011264885741875,0.0,0.0,,4.5828100586347675,-0.1554346269511671,0.0,-15.863492961981207,9.862944442752054,0.0,0.0,0.0,0.0,5.0011264885741875,-0.1286476235628778,-55.59649745216145,0.0,0.0,0.6452660062010525,0.0,-0.7656818980676153,0.0,-0.047076982442600813,-0.16643495531281033,-2.4372753961500306,0.0,-0.7133143984125045,Biotechnology,Healthcare,PLX
2009Q1,2009,Q1,2009-05-11,2009-03-31,-5183000.0,0.0,-5035000.0,-0.7,0.0,0.0,46238000.0,39628000.0,37301000.0,5693000.0,6610000.0,0.0,0.0,151895400.0,116984400.0,5.21780119740295,6.552081503600913,0.0,0.0,,5.21780119740295,-0.13079135964469568,0.0,-7.326615859540806,3.833032199454931,0.0,0.0,0.0,0.0,6.552081503600913,-0.1120939487002033,-20.844709757101686,0.0,0.19155428832116794,0.2546378321599671,0.0,-0.7580557654144477,0.0,0.211830900243309,0.1997774952320407,-2.538001661981684,0.0,-0.6631477614548408,Biotechnology,Healthcare,PLX
2008Q4,2008,Q4,2009-03-06,2008-12-31,-6576000.0,0.0,-6292000.0,-0.865859005605173,0.0,0.0,50811000.0,44347000.0,43389000.0,5527000.0,6464000.0,0.0,-75010000.0,139743768.0,97147768.0,5.839149836005567,7.8503709064592,0.0,0.0,,5.839149836005567,-0.1482851151148894,0.0,-5.312643248175182,3.151143662479987,0.0,0.0,0.0,0.0,7.8503709064592,-0.12942079470980694,-47.099348837209305,0.0,0.03793443821647443,0.45345544310275154,0.0,-0.7402711885917893,0.0,-0.012315270935960592,0.06341172968145281,-1.5434008513262685,0.0,-0.6276710340771335,Biotechnology,Healthcare,PLX
2008Q3,2008,Q3,2008-11-10,2008-09-30,-6496000.0,0.0,-6718000.0,-0.9,0.0,0.0,55888000.0,50495000.0,48958000.0,4399000.0,5393000.0,0.0,-58831000.0,169311961.907535,123266961.90753499,6.650672739354083,11.129347578995226,0.0,0.0,,6.650672739354083,-0.12864640063372612,0.0,-6.516008386219789,3.3530441015454007,0.0,0.0,0.0,0.0,11.129347578995226,-0.11623246492985972,-23.954720134059844,0.0,-0.5000000000000001,0.2266949315318982,0.0,-0.7236481437316707,0.0,-0.5360605344052968,-0.3715802368313597,0.219190875586706,0.0,-0.5596117165635223,Biotechnology,Healthcare,PLX
2008Q2,2008,Q2,2008-08-08,2008-06-30,-4229000.0,0.0,-4898000.0,-0.6,0.0,0.0,61820000.0,56513000.0,55280000.0,4340000.0,5307000.0,0.0,-52335000.0,205684365.9,152324365.9,7.4458858032242885,12.737327188940093,0.0,0.0,,7.4458858032242885,-0.07483233946171677,0.0,-12.159160906833769,3.639593826199282,0.0,0.0,0.0,0.0,12.737327188940093,-0.06840828210934972,-43.51266467103871,0.0,0.14285714285714282,0.4545928586858461,0.0,-0.7042039111467199,0.0,0.1728926266379816,0.2179466709244771,-0.27147826368979017,0.0,-0.5403104557834577,Biotechnology,Healthcare,PLX
2008Q1,2008,Q1,2008-05-07,2008-03-31,-5113000.0,0.0,-6263000.0,-0.7,0.0,0.0,65826000.0,60749000.0,59878000.0,4205000.0,5077000.0,0.0,-48106000.0,199385184.218814,141603184.218814,8.013126178410607,14.239714625445897,0.0,0.0,,8.013126178410607,-0.08416599450196711,0.0,-9.748933317954918,3.2821146721561507,0.0,0.0,0.0,0.0,14.239714625445897,-0.07767447513140704,-43.11963326531444,0.0,-0.0342682128240109,0.3947606142945961,0.0,-0.6940850816851725,0.0,0.0035080880919898657,-0.04036544850498339,-0.8982826726599206,0.0,-0.5183242187582312,Biotechnology,Healthcare,PLX
2007Q4,2007,Q4,2008-03-17,2007-12-31,-5131000.0,0.0,-6020000.0,-0.6768070325671999,0.0,0.0,68137000.0,63685000.0,63167000.0,3762000.0,4452000.0,0.0,-42993000.0,257760324.0,195947324.0,8.400400676094742,16.790802764486976,0.0,0.0,,8.400400676094742,-0.08056842270550366,0.0,-12.558971155720133,4.04742598728115,0.0,0.0,0.0,0.0,16.790802764486976,-0.07530416660551535,-50.31433222721062,0.0,0.03313281061828583,0.6027454755896084,0.0,-0.6923864701815169,0.0,-0.08112094395280237,0.06390918986160783,0.374472729284043,0.0,-0.5056034146525851,Biotechnology,Healthcare,PLX
2007Q3,2007,Q3,2007-11-14,2007-09-30,-4746000.0,0.0,-6431000.0,-0.7,0.0,0.0,26710000.0,22468000.0,22545000.0,3613000.0,4242000.0,0.0,-37862000.0,2351149248.0,2330709248.0,3.4211116146038894,6.23996678660393,0.0,0.0,,3.4211116146038894,-0.21123375467331315,0.0,-123.84899115044247,104.6443496528396,0.0,0.0,0.0,0.0,6.127318018267368,-0.17768625982777986,-1214.4365950413223,0.0,0.5,0.3448516061788366,0.0,-0.8820794498896193,0.0,0.623452872104094,0.5096828301311376,0.5133226600022875,0.0,-0.8107080048202872,Biotechnology,Healthcare,PLX
2007Q2,2007,Q2,2007-08-16,2007-06-30,-12604000.0,0.0,-13116000.0,-1.4,0.0,0.0,28360000.0,25098000.0,24766000.0,2699000.0,3262000.0,0.0,-33116000.0,1772087248.805692,1749598248.805692,3.8225826939262393,9.17599110781771,0.0,0.0,,3.8225826939262393,-0.5021914096740776,0.0,-35.149302777009126,70.60671164258873,0.0,0.0,0.0,0.0,9.17599110781771,-0.4444287729196051,-741.4590999186995,0.0,-1.7999999999999998,-0.7393711604802771,0.0,-0.8730673392848471,0.0,-2.6533333333333333,-2.468923565194393,0.04401881591969329,0.0,-0.804552161259066,Biotechnology,Healthcare,PLX
2007Q1,2007,Q1,2007-05-15,2007-03-31,-3450000.0,0.0,-3781000.0,-0.5,0.0,0.0,30358000.0,27618000.0,27140000.0,2230000.0,2740000.0,0.0,-23962000.0,2015923465.6384442,1991027465.6384442,4.290816630122689,12.170403587443946,0.0,0.0,,4.290816630122689,-0.12491853139257006,0.0,-146.08141055351044,72.99310108039843,0.0,0.0,0.0,0.0,12.170403587443946,-0.11364385005599842,-604.4748022903881,0.0,0.6539847460644855,0.5629896182052508,0.0,-0.8625562071805781,0.0,0.6290699094629535,0.6063982714419512,0.4145799560852418,0.0,-0.801039114744597,Biotechnology,Healthcare,PLX
