Quarters,Year,Quarter,FillingDate,Date,NetIncome,Revenue,OperatingIncome,EPSDiluted,GrossProfit,GrossProfitRatio,TotalAssets,CommonStockEquity,CurrentAssets,CurrentLiability,TotalLiability,Inventory,RetainedEarnings,MarketCap,EnterpriseValue,bookValuePerShare,currentRatio,debtToAssets,debtToEquity,roic,shareholdersEquityPerShare,roe,priceToSalesRatio,peRatio,pbRatio,payoutRatio,inventoryTurnover,dividendYield,assetTurnover,quickRatio,returnOnAssets,priceToFreeCashFlowsRatio,grossProfitMargin,epsdilutedGrowth,fiveYNetIncomeGrowthPerShare,fiveYRevenueGrowthPerShare,fiveYShareholdersEquityGrowthPerShare,grossProfitGrowth,netIncomeGrowth,operatingIncomeGrowth,threeYNetIncomeGrowthPerShare,threeYRevenueGrowthPerShare,threeYShareholdersEquityGrowthPerShare,Industry,Sector,Symbol
2024Q1,2024,Q1,2023-06-02,2023-04-29,-10694000.0,569798000.0,-15352000.0,-0.2,231985000.0,0.4071355112,2440722000.0,452000000.0,1212679000.0,829033000.0,1938330000.0,528903000.0,1252393000.0,1024459800.0000001,2008254800.0,8.316773386325163,1.4627632434414553,0.5254334578046987,2.83725,-0.005199168490405125,8.316773386325163,-0.02365929203539823,1.7979350576871105,-23.94940620908921,2.2665039823008852,-1.2960538619786797,0.6387050177442745,0.01352908137537461,0.2334546908660634,0.7055883179559801,-0.004381490395055233,-34.14296950508249,0.40713551118115543,-1.1408450704225352,0.2591283398953865,0.6069819837301378,-0.2252238739350571,-0.3586720335281401,-1.1115783103617374,-1.148255449005804,0.9179869287871402,1.6473383993764075,0.1587663055594951,Apparel Retail,Consumer Cyclical,GES
2023Q4,2023,Q4,2023-03-24,2023-01-28,95843000.0,817784000.0,103551000.0,1.42,361726000.0,0.4423246236,2425448000.0,534113000.0,1211705000.0,763052000.0,1843543000.0,510899000.0,1276857000.0,1229319000.0,2087214000.0,9.88439188689022,1.587971724076472,0.46740231083082384,2.122509656196348,0.042153750256152374,9.88439188689022,0.17944330132387715,1.5032319047572464,3.2065956825224586,2.3016084611308845,0.13020251870246133,0.8926578443097364,0.010151148725432536,0.33716822624109033,0.8095175689205978,0.039515586398883834,7.112797398629883,0.4423246236169942,3.1764705882352935,137.22145240067874,0.5778812281448408,-0.12622837783149696,0.34285427904265864,3.389420654911839,2.847763079667063,0.4487138125582614,0.16829527379241413,0.004625936111630007,Apparel Retail,Consumer Cyclical,GES
2023Q3,2023,Q3,2022-12-02,2022-10-29,21835000.0,633403000.0,26912000.0,0.34,269371000.0,0.4252758512,2316624000.0,418828000.0,1150534000.0,732727000.0,1855502000.0,574574000.0,1194038000.0,911886480.0000001,1908641480.0,7.771328904887372,1.5702082767524603,0.5053992361298165,2.795467351752987,0.008116284692453738,7.771328904887372,0.05213357273152702,1.4396623950312837,10.440651247996337,2.1772338048077016,0.5611174719487062,0.6335685220702643,0.013435882940165973,0.27341640248913934,0.6733844938155684,0.009425353445358418,-20.99766233766234,0.4252758512353115,-0.02857142857142844,12.67135416815344,0.7474158388852191,-0.3088076761433743,-0.004177433724829114,-0.08876554544695768,-0.14570503460097772,1.1652526854547107,0.26683706611990404,-0.09011067615034167,Apparel Retail,Consumer Cyclical,GES
2023Q2,2023,Q2,2022-09-02,2022-07-30,23962000.0,642690000.0,31502000.0,0.35,270501000.0,0.4208887644,2316671000.0,410843000.0,1098995000.0,760319000.0,1864221000.0,535530000.0,1184896000.0,1077000140.0,2060755140.0,7.213593426273835,1.4454393484839916,0.499910000168345,2.818904058241226,0.009065063181901832,7.213593426273835,0.05832398264057073,1.6757692511164013,11.236542650863868,2.621439674036067,0.5598864869376513,0.6949918772057588,0.012456822893263506,0.27741962497048567,0.6260937843194764,0.010343290005356824,32.06025481499122,0.42088876441208045,1.9166666666666665,1.2778170782750282,0.6207075181953586,-0.3781524207600227,0.09448551278783245,2.0065244667503137,4.133963494132986,0.17149172248544145,0.1645419467271536,-0.083363288650868,Apparel Retail,Consumer Cyclical,GES
2023Q1,2023,Q1,2022-06-02,2022-04-30,7970000.0,593473000.0,6136000.0,0.12,247149000.0,0.41644523,2250006000.0,403063000.0,1023382000.0,758491000.0,1808913000.0,483927000.0,1174379000.0,1371838440.0,2379500440.0,6.601962261678569,1.3492342031744609,0.5135804082300225,2.8669438772598825,0.0016120162293313046,6.601962261678569,0.019773583782187895,2.311543136756011,43.03131869510665,3.4035335419028785,1.7159347553324968,0.715653394003641,0.009969103942006466,0.263765074404246,0.584485511364011,0.0035422127763214853,-16.466276646821587,0.4164452300273138,-0.8909090909090909,1.5089228910400143,0.7596059702843184,-0.4082502760540386,-0.3324933762224617,-0.8887881113514268,-0.9510685805422647,1.4881522166467855,0.44763609268478866,-0.036334420407994734,Apparel Retail,Consumer Cyclical,GES
2022Q4,2022,Q4,2022-03-24,2022-01-29,71665000.0,799935000.0,125400000.0,1.1,370257000.0,0.4628588573,2555628000.0,622658000.0,1284094000.0,817874000.0,1892485000.0,462295000.0,1158664000.0,1355497400.0,2093149400.0,9.830252127374054,1.5700389057483182,0.45124603424285537,1.8520873416867687,0.03449913336852153,9.830252127374054,0.1150952850521474,1.6945094288910973,4.7285892695178955,2.1769533194787507,0.2040884671736552,0.9294454839442348,0.010790135045629746,0.3130091703487362,0.9101903227147458,0.028042031156334177,13.016357141485337,0.4628588572821542,1.2448979591836737,13.432398252134355,0.5574308110436944,-0.15038000534655918,0.26107614337679325,1.2141378564587388,1.2444559789515133,2.914663156206449,0.2126549442476167,-0.056199422017468165,Apparel Retail,Consumer Cyclical,GES
2022Q3,2022,Q3,2021-12-03,2021-10-30,32367000.0,643070000.0,55871000.0,0.49,293604000.0,0.4565661592,2562441000.0,625337000.0,1271250000.0,804638000.0,1898985000.0,482475000.0,1105129000.0,1333164830.0,2118658830.0,9.714274618240566,1.5799030122862703,0.4591555473862618,1.881479906034666,0.013018192867790438,9.714274618240566,0.051759291390082465,2.0731255228824232,10.29725360706893,2.131914199863434,0.22563104396453176,0.7243193947872947,0.005477942288651584,0.2509599245407016,0.885318615327638,0.012631315218574789,-23.229105624477278,0.4565661592050632,-0.4673913043478261,3.6263709733331315,0.560112787909271,-0.18489764392216382,-0.001638976353855675,-0.4699322000589565,-0.360655925298668,3.9995051033439006,0.3231889333518606,-0.046419543979673426,Apparel Retail,Consumer Cyclical,GES
2022Q2,2022,Q2,2021-09-02,2021-07-31,61062000.0,628624000.0,87388000.0,0.92,294086000.0,0.4678249637303062,2456901000.0,610318000.0,1263889000.0,715152000.0,1820804000.0,430289000.0,1093342000.0,1435979520.0,2180218520.0,9.486415070877891,1.7673012170839206,0.4897034923263086,1.9713542776061004,0.02551212643740831,9.486415070877891,0.10004948240097786,2.2843218203568427,5.879186400707478,2.3528382253186044,0.11966525826209426,0.7774728147826229,0.005088512682966398,0.25586053324899943,1.0610737297805222,0.02485326026567615,17.063102534548523,0.4678249637303062,4.111111111111112,1.4594999549877785,0.49929961510959514,-0.21817613219188814,0.390096332920523,4.085957021489255,2.2879825419519904,1.9781933261072668,0.21193087276746092,-0.10789486255747327,Apparel Retail,Consumer Cyclical,GES
2022Q1,2022,Q1,2021-06-04,2021-05-01,12006000.0,520002000.0,26578000.0,0.18,211558000.0,0.40684074292021954,2378009000.0,554195000.0,1174183000.0,676675000.0,1796867000.0,404851000.0,1039581000.0,1731506400.0,2559878400.0,8.65456391036152,1.735224443048731,0.5145060426600572,2.2077066736437536,0.007024339385257097,8.65456391036152,0.021663854780357095,3.3298071930492577,36.05502248875562,3.124363085195644,0.6256038647342995,0.7618704165236099,0.004337841315515785,0.21867116566842262,1.0365759042376326,0.005048761379792928,-27.579662960721226,0.40684074292021954,-0.8333333333333334,1.6218977437217637,0.5110523901744257,-0.2834921929021739,-0.23438704424138243,-0.829506241213309,-0.630203695458593,1.7059391936738568,0.24469015408797043,-0.19375589693514805,Apparel Retail,Consumer Cyclical,GES
2021Q4,2021,Q4,2021-04-09,2021-01-30,70419000.0,648455000.0,71872000.0,1.08,276325000.0,0.42612825870723486,2465868000.0,543663000.0,1232524000.0,762539000.0,1896368000.0,389144000.0,1034823000.0,1463626260.0,2245851260.0,8.625053543382037,1.616342246101511,0.5074622810304525,2.3016740149688317,0.0235207003353155,8.625053543382037,0.12952693120554462,2.2570976551958117,5.19613406893026,2.692157200324466,0.10562490237009899,0.9562783956581625,0.005081898434918761,0.262972308331184,1.0271697578746792,0.028557489695312157,14.04806991275303,0.42612825870723486,1.6341463414634152,0.9431630775458654,0.2987372889674258,-0.2962511848512818,0.15366148964595858,1.6698134667879891,0.6162997278880968,86.06029250246209,0.07258262875586824,-0.2375527890707538,Apparel Retail,Consumer Cyclical,GES
2021Q3,2021,Q3,2020-12-04,2020-10-31,26376000.0,569284000.0,44467000.0,0.41,239520000.0,0.4207390335930748,2380006000.0,459803000.0,1132916000.0,735373000.0,1897559000.0,393162000.0,971724000.0,739654420.0,1650804420.0,7.322986510376022,1.5406004843800356,0.5363049504917214,2.7759910222421342,0.014008485286605112,7.322986510376022,0.05736369706156767,1.2992714005663255,7.0106765620260845,1.608633306002788,0.2713072490142554,0.8387484039657953,0.009674788396451414,0.23919435497221436,0.9052426455689834,0.01108232500254201,13.350921824515803,0.4207390335930748,2.32258064516129,1.8350915780090529,0.46163665137420495,-0.3861704211386397,0.6290774546344914,2.2956086059534337,4.098961600111506,13.10135043252309,0.34803752427606727,-0.3486838447290141,Apparel Retail,Consumer Cyclical,GES
2021Q2,2021,Q2,2020-09-04,2020-08-01,-20358000.0,398539000.0,-14349000.0,-0.31,147028000.0,0.36891747106305783,2310729000.0,438268000.0,1073937000.0,730480000.0,1851880000.0,419427000.0,952707000.0,673930180.0,1602205180.0,6.724273900302254,1.4701798817216076,0.5436574345152547,2.866385408015187,-0.007965125788498534,6.724273900302254,-0.04645102996340139,1.6910018341994133,-8.275987081245702,1.5377124955506676,0.0,0.5996538134168758,0.0,0.1724732757497742,0.7863884021465338,-0.008810206649070488,6.868988299086758,0.36891747106305783,0.8708333333333333,-2.4517443552913565,-0.048490251298092785,-0.4537832290401071,3.2954220105758276,0.8708789466340239,0.9116913968502095,-2.691066768672782,-0.12177904550876265,-0.42033419407594097,Apparel Retail,Consumer Cyclical,GES
2021Q1,2021,Q1,2020-06-11,2020-05-02,-157666000.0,260251000.0,-162487000.0,-2.4,34229000.0,0.13152302969056795,2346752000.0,471654000.0,1110398000.0,722224000.0,1856029000.0,392490000.0,973006000.0,532948649.99999994,1505928650.0,7.177265464505821,1.5374703693037064,0.5933285664612196,2.952153485393954,-0.050438603662584965,7.177265464505821,-0.3342831821631959,2.0478255607087004,-0.8450595721334972,1.129956811561017,-0.0060761356284804585,0.5758669010675431,0.0017975465366128615,0.11089838210428711,0.9123859079731496,-0.06718477282644267,-7.892495483221277,0.13152302969056795,-3.0168067226890756,-62.01507136188912,-0.2972642527122033,-0.4239140483625852,-0.8989084272018997,-2.9806291141148686,-2.683698422895986,-8.35334809110521,-0.2831269538736451,-0.3566844691068633,Apparel Retail,Consumer Cyclical,GES
2020Q4,2020,Q4,2020-04-01,2020-02-01,79604000.0,842254000.0,96506000.0,1.19,338594000.0,0.402009370095007,2428962000.0,639714000.0,1064235000.0,638413000.0,1762884000.0,393129000.0,1130409000.0,1384254510.0,2295409510.0,9.838877866469801,1.6670008286172118,0.4922958860616181,1.8692228089427463,0.030753427478908055,9.838877866469801,0.12443685772079398,1.6435119453276565,4.347314550776343,2.1638646488899727,0.0986005728355359,1.2811570756672745,0.0056702000559131285,0.346754704272854,0.9584610589070085,0.03277284700213507,6.496712394987563,0.402009370095007,5.611111111111112,0.9233947995998143,0.575202364410534,-0.22376053157680878,0.475361548416333,5.407791998712066,3.2609386727890857,14.61747862000011,0.5975033409394751,-0.14963449034760992,Apparel Retail,Consumer Cyclical,GES
2020Q3,2020,Q3,2019-12-03,2019-11-02,12423000.0,615944000.0,22649000.0,0.18,229499000.0,0.3725971841595989,2390900000.0,567060000.0,997592000.0,656767000.0,1800297000.0,519875000.0,1058568000.0,1143951390.0,2280813390.0,8.540960643441327,1.5189435522795756,0.5215429336233217,2.198985997954361,0.0061836076807244515,8.540960643441327,0.021907734631255952,1.8572327841492084,23.020836150688243,2.017337477515607,0.5944618852129115,0.7433421495551815,0.006455693890979056,0.25762014304236897,0.6247147009517835,0.005195951315404241,-58.613075267715324,0.3725971841595989,-0.4857142857142857,-0.23829810886871297,0.3310141813519256,-0.3493685126674208,-0.1361371044845784,-0.5093989416317827,-0.5074912475264749,0.7216542863745137,0.44884001583711836,-0.2833477107426062,Apparel Retail,Consumer Cyclical,GES
2020Q2,2020,Q2,2019-09-05,2019-08-03,25322000.0,683220000.0,45987000.0,0.35,265666000.0,0.38884400339568514,2402204000.0,554872000.0,967507000.0,673352000.0,1824625000.0,484236000.0,1053604000.0,1159151520.0,2299915520.0,7.869631814829523,1.4368517506445366,0.5294404638407063,2.2921034040283166,0.01233644012213051,7.869631814829523,0.0456357502270794,1.696600684991657,11.44411499881526,2.089043094623625,0.3261590711634152,0.8622944184240742,0.0071250391838333605,0.2844138133147726,0.6297523434993881,0.0105411530411239,20.38677969678849,0.38884400339568514,2.2962962962962963,0.3834952902523989,0.34661255187662054,-0.41998765002259086,0.4601124490928777,2.184710395807991,2.8792448203996566,-0.06934340683594775,0.48687240936140513,-0.35142348951357777,Apparel Retail,Consumer Cyclical,GES
2020Q1,2020,Q1,2019-06-11,2019-05-04,-21374000.0,536691000.0,-24471000.0,-0.27,181949000.0,0.3390200320109709,2381760000.0,547557000.0,917985000.0,645800000.0,1811908000.0,478223000.0,1036386000.0,1631269250.0,2822756250.0,6.8508852048795745,1.4214694951997522,0.5476706301222626,2.3822542675922325,-0.0076297212823810984,6.8508852048795745,-0.03903520546719337,3.039494327275844,-19.080065149246746,2.9791770537131295,-0.8721811546739029,0.7417920091672713,0.01142791111890327,0.2253337867795244,0.5627965314338804,-0.00897403600698643,-14.26358576849763,0.3390200320109709,-1.9642857142857142,-9.755452263150678,0.08585757365641414,-0.49998363294333553,-0.4055741411079022,-1.9200241046831956,-1.3667495953480007,0.11296406072964423,0.2494923156262278,-0.43281801536524134,Apparel Retail,Consumer Cyclical,GES
2019Q4,2019,Q4,2019-03-29,2019-02-02,23232000.0,837127000.0,66724000.0,0.28,306092000.0,0.3656458339057276,1649205000.0,837227000.0,1088695000.0,543364000.0,790707000.0,468897000.0,1077747000.0,1529669460.0,1358536460.0,10.415602995695554,2.0036200410774363,0.02384603490772827,0.04697292371125155,0.028341181892055346,10.415602995695554,0.02774874675565886,1.827284820582779,16.46080255681818,1.8270665661761984,0.8064738292011019,1.1325195085487858,0.012248397768234191,0.5075942651156163,0.9799232190575746,0.014086787270230201,16.039819434395547,0.3656458339057276,2.647058823529412,-0.6502017091732565,0.14225971232107787,-0.23970177714411187,0.3904234974539277,2.728314238952537,4.102720297605208,-0.4972927310374977,0.3147463869802042,-0.15015388247596034,Apparel Retail,Consumer Cyclical,GES
2019Q3,2019,Q3,2018-12-07,2018-11-03,-13442000.0,605407000.0,-21505000.0,-0.17,220143000.0,0.3636281047295456,1624146000.0,816898000.0,1082723000.0,560664000.0,788787000.0,548517000.0,1072988000.0,1789016590.0,1689886590.0,10.187157839603936,1.931144143372858,0.024500260444565942,0.0487110997945888,-0.011777446608575222,10.187157839603936,-0.016454930725745442,2.955064262553951,-33.272887033179586,2.1900122047060955,-1.3564201755691117,0.7023738553226244,0.010191632711466359,0.3727540504363524,0.7580797054920594,-0.008276349540004408,-33.03999464420928,0.3636281047295456,-1.5483870967741935,-1.414632884982656,0.03554543021812496,-0.22519821524909514,-0.08055765544144242,-1.526517822169996,-1.6745396944888806,-2.1313339436641687,0.21710109643590808,-0.1460889901110579,Apparel Retail,Consumer Cyclical,GES
2019Q2,2019,Q2,2018-09-06,2018-08-04,25530000.0,645871000.0,31881000.0,0.31,239431000.0,0.3707102501892793,1589898000.0,851869000.0,1052998000.0,469889000.0,718866000.0,464531000.0,1105173000.0,1776038700.0000002,1597425700.0000002,10.63374110597928,2.2409505223574078,0.025441254722001035,0.047482652849205685,0.027437538712382352,10.63374110597928,0.029969396703014194,2.749835028976375,17.39168331374853,2.084873026251689,0.7198981590285938,0.8749469895442931,0.01034831054075567,0.4062342364101345,1.0692674227317516,0.0160576338859474,93.86104534404399,0.3707102501892793,2.1481481481481484,-0.32786869466714236,0.060822548379151437,-0.16750471405411096,0.37653071784198966,2.203053579001932,2.2809787849566057,0.4811992578496984,0.25457270693360173,-0.13621488115313096,Apparel Retail,Consumer Cyclical,GES
2019Q1,2019,Q1,2018-06-07,2018-05-05,-21221000.0,521289000.0,-24888000.0,-0.27,173938000.0,0.33366903963060796,1521181000.0,857691000.0,983872000.0,393789000.0,641853000.0,434922000.0,1098291000.0,1858497260.0000002,1666585260.0000002,10.73442134641619,2.4984750716754403,0.026676641372722906,0.04731307662083431,-0.02132766981092832,10.73442134641619,-0.024742010817415595,3.5651956208552265,-21.89455327270157,2.1668610956626573,-0.8598086800810518,0.7986512524084779,0.009817609308716441,0.3426870306689342,1.2078295737057154,-0.013950345159451769,-21.46566481866482,0.33366903963060796,-28.000000000000004,-3.265453031708829,0.005309967518489503,-0.12718247794730428,-0.4105195377368082,-21.404807692307692,-1.3638649687860933,-7.754251326003958,0.1576852430486706,-0.13839757394943508,Apparel Retail,Consumer Cyclical,GES
2018Q4,2018,Q4,2018-03-29,2018-02-03,1040000.0,777343000.0,68399000.0,0.01,295070000.0,0.3795879039240078,1655634000.0,916819000.0,1108705000.0,467845000.0,716569000.0,428304000.0,1132173000.0,1184082060.0,858682060.0,11.312328800927869,2.3698126516260727,0.025392689447063785,0.0458552887756471,0.003232885576239126,11.312328800927869,0.0011343569450458597,1.5232427126763861,284.63511057692307,1.2915112579473156,18.778846153846153,1.1260062945944935,0.016493789290245645,0.4695137935075023,1.341121525291496,0.0006281581557276548,7.252649483652044,0.3795879039240078,1.3333333333333335,-0.9850357991686747,-0.004452958313210895,-0.11950512006408212,0.5439879859137979,1.3636363636363635,72.62198952879581,-0.9798406935769595,0.16631178873403352,-0.10751244052069285,Apparel Retail,Consumer Cyclical,GES
2018Q3,2018,Q3,2017-12-01,2017-10-28,-2860000.0,554138000.0,-955000.0,-0.03,191109000.0,0.34487618607639253,1553512000.0,926341000.0,1006583000.0,389942000.0,607943000.0,477177000.0,1149023000.0,1375913000.0,1183726000.0,11.243366913460372,2.581365946730539,0.026328731287560057,0.04415436648059408,0.0008159935484024635,11.243366913460372,-0.0030874159731675483,2.4829789691376516,-120.27211538461538,1.4853202006604478,-6.551398601398601,0.760784782166785,0.013617866827335741,0.3567001735422707,1.2046612060255115,-0.0018409899633861856,-27.35903044282277,0.34487618607639253,-1.1666666666666667,-1.07995335864634,-0.09719247841149029,-0.13743668274367946,-0.03493463012619491,-1.1879229909980944,-1.0410788024776325,-1.141309829307398,-0.03504474267351669,-0.14350518133483012,Apparel Retail,Consumer Cyclical,GES
2018Q2,2018,Q2,2017-09-01,2017-07-29,15219000.0,573692000.0,23248000.0,0.18,198027000.0,0.3451799920514841,1577207000.0,955815000.0,1047430000.0,376661000.0,601128000.0,436044000.0,1170816000.0,1081035520.0,805739520.0,11.600259721345697,2.7808294461067113,0.02615192552404345,0.043153748371808354,0.01657962739554332,11.600259721345697,0.015922537311090536,1.8843482565557825,17.757991983704578,1.131009159722331,1.2381891057231094,0.8615300290796342,0.017431434630381062,0.36373919212887085,1.460671532226591,0.009649335819584874,-2334.8499352051836,0.3451799920514841,1.6923076923076923,-0.6255340991578545,-0.04696314401281736,-0.0399121192828987,0.36908366864396236,1.71474193396891,1.9110074846193033,-0.28846205602441904,-0.03240604177872892,-0.14503066221634212,Apparel Retail,Consumer Cyclical,GES
2018Q1,2018,Q1,2017-06-02,2017-04-29,-21293000.0,458581000.0,-25519000.0,-0.26,144642000.0,0.31541210822079413,1472124000.0,926116000.0,979406000.0,324566000.0,527212000.0,402673000.0,1174495000.0,926391600.0,633889600.0,11.156679918082158,3.0175865617470716,0.01623029038314707,0.025799143951729588,-0.025196487254061487,11.156679918082158,-0.022991720259665095,2.020126433498117,-10.87671535246325,1.0002975869113588,-0.8897759827173249,0.7796375719256071,0.02045139442110658,0.3115097641231309,1.5714461773568396,-0.014464134814730282,-18.986157850511344,0.31541210822079413,-4.25,-1.85859939989813,-0.14940315262147774,-0.1619248022280851,-0.38816532505382667,-4.242424242424242,-2.2160011436195557,-9.31648989607521,-0.10665987630960162,-0.18572237101854266,Apparel Retail,Consumer Cyclical,GES
2017Q4,2017,Q4,2017-03-27,2017-01-28,6567000.0,679273000.0,20986000.0,0.08,236407000.0,0.34802943735434794,1534485000.0,969222000.0,1044012000.0,345453000.0,549039000.0,367381000.0,1215079000.0,1030358700.0,658277700.0,11.570175124449378,3.0221535201604848,0.015671707445820585,0.02481165305781338,0.0072614006325942134,11.570175124449378,0.00677553749295827,1.5168550788858088,39.224862951119235,1.0630781183258327,2.9136592051164913,1.2054678930048097,0.018570231900793384,0.44267164553579863,1.79956752438103,0.004279611726409838,13.125755742111364,0.34802943735434794,-0.2727272727272727,-0.9251491433648799,-0.043322782530684716,-0.09916143713053864,0.31160883700802255,-0.2785894759969241,0.3876876281161145,-0.9051202400820021,-0.11060775352661627,-0.15542253397276143,Apparel Retail,Consumer Cyclical,GES
2017Q3,2017,Q3,2016-12-06,2016-10-29,9103000.0,536321000.0,15123000.0,0.11,180242000.0,0.33607112158576674,1579763000.0,998216000.0,1054927000.0,363976000.0,566888000.0,428139000.0,1227770000.0,1133245740.0,808241740.0,11.917858592612049,2.898342198386707,0.01525545287489326,0.024143071239090538,0.009220318368184316,11.917858592612049,0.009119268775495484,2.112999006192187,31.122864440294407,1.1352710635774221,2.085686037570032,0.8316901753869654,0.016753647801049754,0.33949459507533725,1.5586439765259248,0.005762256743574827,-31.66109965635739,0.33607112158576674,-0.7105263157894737,-0.8491597581827315,-0.08344114069395848,-0.10263545732235405,-0.029035942078951906,-0.7179026310080883,-0.029145535083777364,-0.7311729946239817,-0.12171590165351544,-0.09356679720162964,Apparel Retail,Consumer Cyclical,GES
2017Q2,2017,Q2,2016-09-01,2016-07-30,32269000.0,544959000.0,15577000.0,0.38,185632000.0,0.340634800049178,1575016000.0,1014632000.0,1052338000.0,338476000.0,543274000.0,379748000.0,1237935000.0,1230901120.0,839596120.0,12.133698472871647,3.1090476134201537,0.015361113791859893,0.023845098518477634,0.011280123946025226,12.133698472871647,0.03180364900771906,2.2587040859954604,9.53625089094797,1.2131503047410293,0.592736062474821,0.9462248649104142,0.01553902233836622,0.34600219934273685,1.822164643874307,0.020488045835724843,-93.63312946904001,0.340634800049178,2.2666666666666666,-0.4155672090638995,-0.11589637890524856,-0.04823661305641758,0.30031731799746425,2.2816347605052028,1.5375457243426047,-0.1861203478574453,-0.14250388384541163,-0.05007591598458071,Apparel Retail,Consumer Cyclical,GES
2017Q1,2017,Q1,2016-06-02,2016-04-30,-25178000.0,448815000.0,-28978000.0,-0.3,142759000.0,0.31807983244766774,1552776000.0,1008750000.0,1025650000.0,319422000.0,522459000.0,358191000.0,1224916000.0,1532481900.0,1132978900.0,12.07881313312738,3.210956039346069,0.01802062886082732,0.027739281288723668,-0.02347927288970798,12.07881313312738,-0.024959603469640643,3.41450686808596,-15.216477678926049,1.519188996282528,-0.7647946620065136,0.8544491625976085,0.012565238127771688,0.2890404024791728,1.894528241636456,-0.016214830728965415,-31.4774961487111,0.31807983244766774,-1.526315789473684,-1.6472173179304028,-0.16854192540449178,-0.012651250076650354,-0.4055770223680485,-1.526989974255395,-1.4142199605477572,-3.57159975680188,-0.17190202900091392,-0.017869766057434844,Apparel Retail,Consumer Cyclical,GES
2016Q4,2016,Q4,2016-03-25,2016-01-30,47777000.0,658259000.0,69958000.0,0.57,240164000.0,0.3648472713627918,1538748000.0,1018475000.0,1036252000.0,327059000.0,502203000.0,311704000.0,1269775000.0,1540692540.0,1101554540.0,12.255869363786235,3.168394693312216,0.004121532570635348,0.006226956969979627,0.04789264161034899,12.255869363786235,0.04691033162326027,2.340556741343453,8.0618945308412,1.5127445838140356,0.4003181447139837,1.3413206118625363,0.012413897973439919,0.4277886957448523,2.041952675205391,0.031049268626181806,21.653842391533498,0.3648472713627918,2.8,-0.4913761533359059,-0.04338507403276791,0.062029109149985266,0.3076269709905044,2.8393603342976537,2.357231980036472,-0.32955307946354645,-0.17781180836694502,-0.046064659728408106,Apparel Retail,Consumer Cyclical,GES
2016Q3,2016,Q3,2015-12-02,2015-10-31,12444000.0,520964000.0,20838000.0,0.15,183664000.0,0.3525464331508511,1522472000.0,1001941000.0,1050145000.0,327050000.0,503527000.0,373103000.0,1240981000.0,1767884250.0,1372137250.0,11.929999404655593,3.21096162666259,0.004360671329259257,0.006626138664851523,0.012753461530408593,11.929999404655593,0.012419892987710852,3.3934864021314333,35.516800265188046,1.7644594342381439,1.544037287045966,0.9040399031902718,0.010868358604359986,0.34218297610727816,1.8291117566121389,0.008173549332926976,-240.88898351274017,0.3525464331508511,-0.2857142857142857,-0.8050308922945087,-0.08140798457320471,-0.06117338948628372,-0.07295184158855626,-0.3195910109902127,-0.20468684401358728,-0.6587257996385367,-0.16735912775875758,-0.08475993529783453,Apparel Retail,Consumer Cyclical,GES
2016Q2,2016,Q2,2015-09-03,2015-08-01,18289000.0,546264000.0,26201000.0,0.21,198117000.0,0.3626762883880322,1563612000.0,1046453000.0,1090154000.0,319216000.0,499814000.0,335460000.0,1247339000.0,1860737560.0,1396688560.0,12.310632440826314,3.41509824068969,0.004410940821636058,0.006590835899940083,0.015552663414383975,12.310632440826314,0.01747713466347748,3.4062972482169793,25.435200940456014,1.778137728115835,1.0530373448520969,1.0378197102486137,0.010350196832701114,0.3493603272423082,2.097892962758759,0.011696635738277783,54.340796682436775,0.3626762883880322,4.249999999999999,-0.7047498253119074,0.020066977388408375,0.05583952363993871,0.19719007765054233,4.474109548039509,5.019067309901217,-0.5638027875863996,-0.12036956166530781,0.018881412512807595,Apparel Retail,Consumer Cyclical,GES
2016Q1,2016,Q1,2015-06-04,2015-05-02,3341000.0,478824000.0,4353000.0,0.04,165485000.0,0.34560715419444304,1555239000.0,1058551000.0,1073098000.0,284544000.0,480584000.0,327101000.0,1249841000.0,1570153200.0,1118673200.0,12.458671217560171,3.7712902046783627,0.00491757215450487,0.007224970738301697,0.002388179962678795,12.458671217560171,0.0031562012600243163,3.279186506942008,117.49126010176595,1.4833042527001534,5.765040407063753,0.9579273679994864,0.012266955861377094,0.30787808176106696,2.301468314215025,0.002148222877641314,-635.9470230862697,0.34560715419444304,-0.9375,-0.9282054787738838,-0.039721124376141774,0.0745174682881556,-0.3657610216197364,-0.9380481744515937,-0.9405051526665391,-0.8683804037459931,-0.1322912554838459,-0.06412091936873705,Apparel Retail,Consumer Cyclical,GES
2015Q4,2015,Q4,2015-03-27,2015-01-31,53929000.0,696727000.0,73166000.0,0.64,260919000.0,0.37449244826165773,1601405000.0,1073856000.0,1111359000.0,301966000.0,507522000.0,319078000.0,1265524000.0,1591079160.0,1115309160.0,12.675054885389864,3.680411039653471,0.004816395602611457,0.007182527266225639,0.04703664525359981,12.675054885389864,0.05021995500327791,2.283647913745269,7.375805039959947,1.4816503888789558,0.3588607242856348,1.3658353129955685,0.01216344257818071,0.4350723271127541,2.3171085486445495,0.0336760532157699,11.330858567155676,0.37449244826165773,1.56,-0.33181936997358125,0.16423742999541022,0.12925048220195706,0.21948700212191177,1.5942370598422166,1.9425296601648905,-0.3922300021654923,-0.02977859503161391,-0.013136957355298554,Apparel Retail,Consumer Cyclical,GES
2015Q3,2015,Q3,2014-12-09,2014-11-01,20788000.0,589834000.0,24865000.0,0.25,213958000.0,0.3627427377872418,1654096000.0,1110875000.0,1138429000.0,316674000.0,522262000.0,412573000.0,1230804000.0,1876114080.0000002,1509684080.0000002,13.127186141047456,3.594955695762835,0.005105507781894158,0.007602115449533026,0.014883856130959295,13.127186141047456,0.018713176550016877,3.180749295564515,22.562464883586685,1.6888615550804549,0.9234654608427939,0.9110533166251791,0.010232320200912302,0.35658994399357713,1.929201639540979,0.01256758978922626,-33.41908619676161,0.3627427377872418,-0.03846153846153849,-0.6513223101340018,0.21241257342576497,0.2540502805836375,-0.013004147118928668,-0.053111050378063226,-0.16722486435796102,-0.6590598606801836,-0.0023042798208160855,-0.011578187762036831,Apparel Retail,Consumer Cyclical,GES
2015Q2,2015,Q2,2014-09-05,2014-08-02,21954000.0,608571000.0,29858000.0,0.26,216777000.0,0.3562065888778795,1740419000.0,1147490000.0,1202306000.0,360166000.0,571640000.0,392387000.0,1229022000.0,2197206540.0,1744419540.0,13.568041810033936,3.3381996079585523,0.005017182643949532,0.007609652371698228,0.016830937422709812,13.568041810033936,0.019132192873140507,3.6104358242505805,25.020571877562176,1.9147936278311792,0.8771522273845312,0.9984887368847591,0.008764310341075172,0.349669246313675,1.9447810176418652,0.0126142038210339,141.44499420625723,0.3562065888778795,14.000000000000002,-0.6045883831054684,0.24962417412338064,0.3999106397486181,0.23007302914924163,11.449309852451213,16.102680829539707,-0.6068608010608246,-0.02381031619647517,0.06427281477135784,Apparel Retail,Consumer Cyclical,GES
2015Q1,2015,Q1,2014-06-06,2014-05-03,-2101000.0,522541000.0,-1977000.0,-0.02,176231000.0,0.3372577462821099,1713751000.0,1157748000.0,1157844000.0,319850000.0,534409000.0,373423000.0,1226067000.0,2308512680.0,1844790680.0,13.70132190913502,3.6199593559481005,0.005100507599995565,0.007550002245739142,-0.0011525473181973568,13.70132190913502,-0.0018147299757805672,4.417859421557352,-274.69213231794384,1.9939681865138181,-9.13755354593051,0.9273933314230779,0.008316176976771035,0.3049106900594077,2.1731405346256056,-0.0012259657324780555,-132.01307714302052,0.3372577462821099,-1.024390243902439,-1.0692479648393471,0.270308156109738,0.5354690201142744,-0.4163550798313623,-1.030172909007353,-1.0192834778537498,-1.0533780456159318,-0.0432442521221534,0.11997618558896221,Apparel Retail,Consumer Cyclical,GES
2014Q4,2014,Q4,2014-03-28,2014-02-01,69632000.0,768363000.0,102523000.0,0.82,301949000.0,0.3929770173732988,1764431000.0,1154514000.0,1216086000.0,370025000.0,588615000.0,350899000.0,1247180000.0,2363913750.0,1872708750.0,13.69936517353901,3.2864968583203837,0.006653703091818269,0.01016878097623762,0.060279810804168284,13.69936517353901,0.060312824270645486,3.076558540689752,8.487167358398438,2.047540133770574,0.24570599724264705,1.3291972903884024,0.007237573705893457,0.4354735322605418,2.120486453617999,0.03946428055276743,13.852653430766436,0.3929770173732988,1.0499999999999998,0.5962240355711963,0.5041067919886535,0.6339753205744362,0.32302050151822526,1.046796002351558,1.1377218040409516,-0.2690390102210276,0.10106835081409682,0.18711485569223388,Apparel Retail,Consumer Cyclical,GES
2014Q3,2014,Q3,2013-12-09,2013-11-02,34020000.0,613497000.0,47959000.0,0.4,228227000.0,0.3720099690789034,1696831000.0,1106398000.0,1149725000.0,362421000.0,570913000.0,426886000.0,1196373000.0,2642278600.0,2303683600.0,13.148082567826117,3.172346525173762,0.006799144994404275,0.010427531503129977,0.02854763740930593,13.148082567826117,0.030748428684795163,4.306913644239499,19.417097295708405,2.388180925851276,0.49997060552616107,0.9025126146090525,0.006437247003400777,0.3615545684867851,1.708570971328924,0.020049138659065047,131.22814005463124,0.3720099690789034,-0.14893617021276587,-0.41623161370399403,0.27655440327138475,0.6079018475192663,-0.08169974087843819,-0.14664124818140772,-0.21094109904573874,-0.4680229728465358,0.07964297512058555,0.03468318590943173,Apparel Retail,Consumer Cyclical,GES
2014Q2,2014,Q2,2013-09-09,2013-08-03,39866000.0,639012000.0,60780000.0,0.47,248532000.0,0.38893166325515016,1681003000.0,1073982000.0,1129095000.0,372607000.0,587337000.0,400141000.0,1178601000.0,2872172799.9999995,2538672799.9999995,12.773334919124643,3.0302570805164692,0.006082678020205794,0.009520643735183644,0.03731152246927533,12.773334919124643,0.037119802752746324,4.49470870656576,18.011418251141322,2.674321171118324,0.4257010986805799,0.9758560107562084,0.00590876704911348,0.38013733467459604,1.6654893762060294,0.02371560312503904,60.77772181898977,0.38893166325515016,2.9166666666666665,-0.18080036577128483,0.3720955811619118,0.6157216198772792,0.2588615481243605,3.0203711173860426,4.3668874172185435,-0.3493468669616251,0.20637347974088724,0.09552388320650011,Apparel Retail,Consumer Cyclical,GES
2014Q1,2014,Q1,2013-06-11,2013-05-04,9916000.0,548914000.0,11325000.0,0.12,197426000.0,0.35966654157117506,1621468000.0,1040239000.0,1057642000.0,342796000.0,562516000.0,375793000.0,1155793000.0,2341229760.0,2044282760.0,12.298585987562365,3.085339385523752,0.0058527211144469085,0.009122903486602598,0.007176687141690902,12.298585987562365,0.009532424760079174,4.265203219447855,59.026567164179106,2.250665241353189,1.7274102460669625,0.9353234360405862,0.007316240504306591,0.3385290366507387,1.6465157119686344,0.006115446003251375,161.8548053923263,0.35966654157117506,-0.8604651162790697,-0.7720335270846108,0.2330240520003945,0.6054670783636855,-0.40691184157559224,-0.8633256147315029,-0.9055982528383042,-0.7859508745473569,0.10582876867841681,0.06071066874719652,Apparel Retail,Consumer Cyclical,GES
2013Q4,2013,Q4,2013-04-01,2013-02-02,72552000.0,815118000.0,119966000.0,0.86,332878000.0,0.4083801363728933,1713506000.0,1086992000.0,1107225000.0,384966000.0,609494000.0,369712000.0,1162982000.0,2307205620.0,1988399620.0,12.847694016972792,2.8761630897274046,0.005961461471392572,0.009397493265819803,0.06669450039214685,12.847694016972792,0.0667456614216112,2.8305173238721264,7.950179250744293,2.122559890045189,1.6492308964604698,1.3043666421430735,0.051861437473440276,0.47570186506496037,1.7167697926570138,0.042341258215611736,15.3131761223352,0.4083801363728933,1.0,0.4342680943051318,0.728157543334447,0.8051431131592841,0.34436955037983275,0.9797527764892079,1.0642152898463444,-0.09984781556491253,0.3639373958546311,0.14463130890051948,Apparel Retail,Consumer Cyclical,GES
2013Q3,2013,Q3,2012-12-05,2012-10-27,36647000.0,628828000.0,58117000.0,0.43,247609000.0,0.3937626823233062,1743068000.0,1100244000.0,1126164000.0,396820000.0,626932000.0,422304000.0,1210162000.0,2043517680.0,1766744680.0,13.034830821723059,2.8379718764175195,0.006032466891710478,0.009556970999160187,0.03379657587529179,13.034830821723059,0.033308066210767796,3.2497243761410117,13.940552296231616,1.8573313555902147,0.4651949682102218,0.9027122641509434,0.008342477369708884,0.3607593048578713,1.5802530114409556,0.02102442360252153,85.295837716003,0.3937626823233062,-0.12244897959183673,-0.31071816100973115,0.4693292296946766,1.0070841314741446,-0.015705994593735093,-0.14573766288258466,0.014240589169473482,-0.3837459029556648,0.29587299485212093,0.24522750524795459,Apparel Retail,Consumer Cyclical,GES
2013Q2,2013,Q2,2012-09-05,2012-07-28,42899000.0,635393000.0,57301000.0,0.49,251560000.0,0.3959124510342418,1681122000.0,1050839000.0,1082698000.0,386836000.0,615144000.0,381180000.0,1190012000.0,2677867880.0,2416369880.0,12.08249781538886,2.7988553288732176,0.006209543388284729,0.009933967049186412,0.03635684096996728,12.08249781538886,0.04082357049938192,4.214506423583514,15.605654444159537,2.548314137560559,0.4197766847712068,1.006959966420064,0.006724752977730925,0.37795769729977957,1.5933392962392332,0.025518076617877822,-162.049493494705,0.3959124510342418,0.6333333333333334,0.21305825870449308,0.7343902447907699,1.0889288669246406,0.0701220030968708,0.6099602191698567,0.46396361871183667,-0.248662245944265,0.26871148091810027,0.2466365805265745,Apparel Retail,Consumer Cyclical,GES
2013Q1,2013,Q1,2012-06-05,2012-04-28,26646000.0,579266000.0,39141000.0,0.3,235076000.0,0.4058170167073503,1839744000.0,1187321000.0,1241511000.0,389174000.0,620959000.0,334235000.0,1161695000.0,2605239900.0,2136660900.0,13.312265949097432,3.1901180448848074,0.0063998034509149095,0.009916442141594397,0.02198087344281975,13.312265949097432,0.02244211969635844,4.497484575307372,24.44306743976582,2.194216980917545,0.6787885611348795,1.0297844331084416,0.00694254682649379,0.31486228518750436,2.121128338480988,0.01448353683990816,232.36174634320372,0.4058170167073503,-0.7115384615384615,-0.22730754817583962,0.5789850568561579,1.5148456586788677,-0.3039837747412989,-0.7220495274654205,-0.7117831580807634,-0.1679519812456703,0.3341423128964322,0.4918686012867858,Apparel Retail,Consumer Cyclical,GES
2012Q4,2012,Q4,2012-03-23,2012-01-28,95866000.0,775842000.0,135804000.0,1.04,337745000.0,0.43532703823716684,1844475000.0,1175630000.0,1261482000.0,420036000.0,641917000.0,328602000.0,1155696000.0,2678255580.0,2198686580.0,12.843783116471656,3.0032711481872982,0.006633866005231841,0.010408036542109337,0.07817394600593822,12.843783116471656,0.08154436344768337,3.4520631520335328,6.984372926793649,2.2781449775864857,0.1944589322596124,1.3332146487239882,0.006960500759976013,0.42063026064327247,1.9914174023178965,0.051974681142330476,14.460252031422941,0.43532703823716684,0.44444444444444453,0.05812490098847952,0.12926539401028797,0.37518105151504333,0.21724823942392943,0.4460517384418131,0.4004888160133651,1.0233482965814533,0.39832003337695254,0.5319267987440474,Apparel Retail,Consumer Cyclical,GES
2012Q3,2012,Q3,2011-12-07,2011-10-29,66295000.0,642803000.0,96969000.0,0.72,277466000.0,0.4316501323111435,1861200000.0,1221994000.0,1276725000.0,427727000.0,613618000.0,385399000.0,1077709000.0,3182660490.0000005,2769438490.0000005,13.280955537924813,2.9849062603015475,0.007254996776273372,0.011049972422123185,0.05256873893714001,13.280955537924813,0.05425149386985533,4.951222209603876,12.001887359529379,2.6044812740488092,0.28085074289162076,0.9479448571480465,0.005850137034252119,0.34537019127444657,1.8874398857215,0.03561949280034386,119.2141622654231,0.4316501323111435,0.09090909090909081,0.35278283978627356,0.8186740393252518,2.109514061143479,-0.07466300266129516,0.09294887646932753,0.03678003613852388,0.04039018520838706,0.2232465178682852,0.6241511137529502,Apparel Retail,Consumer Cyclical,GES
2012Q2,2012,Q2,2011-09-07,2011-07-30,60657000.0,677159000.0,93529000.0,0.66,299854000.0,0.44281180638520645,1816630000.0,1171142000.0,1242569000.0,434217000.0,616020000.0,343094000.0,1027019000.0,3501855680.0,3085856680.0,12.748650178524775,2.861631396283425,0.007835387503234011,0.012153948880665197,0.05001960799110303,12.748650178524775,0.051793036198855474,5.171393542727779,14.433023723560346,2.9901204806932036,0.30545526484989366,1.0997131981322903,0.005290909075955981,0.3727555969019558,1.8924155433803835,0.03338984823546897,289.1705763831544,0.44281180638520645,0.43478260869565216,3.350211009592808,1.886925373450479,2.4281103925254484,0.20316989005697778,0.4211377161332646,0.31855412854383713,0.1408153746360756,0.3308017338310582,0.6125992035842128,Apparel Retail,Consumer Cyclical,GES
2012Q1,2012,Q1,2011-06-07,2011-04-30,42682000.0,592244000.0,70933000.0,0.46,249220000.0,0.42080628929968056,1762888000.0,1120951000.0,1198642000.0,428711000.0,606437000.0,300713000.0,978544000.0,3939130710.0,3527549710.0,12.233583254209911,2.7959207951277203,0.00861824460771189,0.013553670053374323,0.04343471002989543,12.233583254209911,0.03807659746054912,6.651195638959618,23.07255230542149,3.514097146083995,0.4353591677990722,1.1407022642852154,0.004717284438626816,0.33595100766469566,1.9109400038720723,0.024211407644728424,252.4760101269068,0.42080628929968056,-0.5892857142857143,1.7210560022054668,1.2445972061981416,2.5097599322145676,-0.25904123110587846,-0.5869190716760544,-0.5083997505024603,-0.09421687265290794,0.2280411326227493,0.5969815704763106,Apparel Retail,Consumer Cyclical,GES
2011Q4,2011,Q4,2011-03-28,2011-01-29,103326000.0,756915000.0,144290000.0,1.12,336348000.0,0.4443669368423139,1685804000.0,1054876000.0,1163580000.0,431016000.0,604899000.0,294705000.0,960460000.0,3847446900.0000005,3434804900.0000005,11.540050322721802,2.6996213597639067,0.008538952333723256,0.01364615367114239,0.09298698221132236,11.540050322721802,0.09795084919933718,5.083063355858981,9.308999912897045,3.6472977866592857,1.9603294427346456,1.4270779253830101,0.05264608070354395,0.448993477296293,1.857485568981198,0.06129182277417778,22.12486069339897,0.4443669368423139,0.49333333333333346,2.8890929783188724,1.6571133846436348,2.5535251544411595,0.2625817858309215,0.49554921912315997,0.5562746049722267,0.8905928877645107,0.4853110555164413,0.6214148887771532,Apparel Retail,Consumer Cyclical,GES
2011Q3,2011,Q3,2010-12-07,2010-10-30,69089000.0,613903000.0,92715000.0,0.75,266397000.0,0.4339398895265213,1765695000.0,1155238000.0,1272724000.0,423653000.0,602113000.0,346014000.0,1060032000.0,3538256120.0,3084449120.0,12.707351145625942,3.004166145406736,0.008615870804414125,0.013168715018030916,0.05541340205525747,12.707351145625942,0.059804992564302766,5.763542644359125,12.803254208339967,3.062794090914599,0.21327562998451274,1.0043119642557816,0.004164480891225025,0.34768349007048216,1.9856745968988772,0.03912850180806991,-626.2400212389381,0.4339398895265213,0.041666666666666706,2.2633145114898245,1.2581679519443947,3.435664456850366,0.05614186714029718,0.034917163486024146,-0.037237411864881984,0.20651990047784116,0.33184651170095636,0.9566592912698948,Apparel Retail,Consumer Cyclical,GES
2011Q2,2011,Q2,2010-09-07,2010-07-31,66758000.0,577135000.0,96301000.0,0.72,252236000.0,0.43704852417545287,1627533000.0,1068133000.0,1174982000.0,381573000.0,552481000.0,307056000.0,1006230000.0,3270477000.0000005,2806494000.0000005,11.659567732780264,3.079311167194744,0.008996438167459585,0.013708030741490058,0.06132903007735093,11.659567732780264,0.06249970743343759,5.666745215590807,12.247509661763385,3.0618630825936473,0.22296953174151413,1.0581099213172842,0.004551323858874409,0.3546072491310468,2.0445550392716467,0.04101790869985432,122.567814713488,0.43704852417545287,0.3333333333333332,3.801038427393068,1.4673160503723501,2.135256263006474,0.07219948055481167,0.3262739644382636,0.3501338903921376,0.7921501028786219,0.49561007765847076,1.015808981305734,Apparel Retail,Consumer Cyclical,GES
2011Q1,2011,Q1,2010-06-10,2010-05-01,50335000.0,539341000.0,71327000.0,0.54,235251000.0,0.4361823039598325,1554768000.0,1065573000.0,1128155000.0,314699000.0,481834000.0,245836000.0,954941000.0,4215544740.0,3713298740.0,11.59466605732193,3.5848699868763485,0.009942962551325986,0.014507687413250899,0.0448845856907847,11.59466605732193,0.04723749569480458,7.816102873692154,20.93744283301877,3.956129462739765,0.2965133604847522,1.2369628532843033,0.003540467702401849,0.34689484218867384,2.542874302110906,0.03237460508577485,148.5445131963776,0.4361823039598325,-0.431578947368421,0.0,0.0,0.0,-0.20339229841932033,-0.4186905958031621,-0.4090261322020979,0.41656308588376606,0.4267721347138053,1.1903705732429604,Apparel Retail,Consumer Cyclical,GES
2010Q4,2010,Q4,2010-03-31,2010-01-30,86589000.0,642030000.0,120694000.0,0.95,295316000.0,0.45997227543884245,1530175000.0,1020211000.0,1123089000.0,341679000.0,503832000.0,246197000.0,919531000.0,3609361030.0,3123792030.0,11.224307702463337,3.2869711044576926,0.010779159246491414,0.01616724383485377,0.08046556157308134,11.224307702463337,0.08487361928071742,5.6217949784278,10.42095713658779,3.5378573942057083,0.13385072006836896,1.4082787361340714,0.0032110946795477534,0.4195794598657016,2.317090017238402,0.056587645203979936,20.93159798417964,0.45997227543884245,0.35714285714285715,4.645461751274511,1.775819298478482,3.4789962868786084,0.24663241744093276,0.3514749492742313,0.2194515731404207,-0.037540838684623504,-0.05892266566008016,0.2017841728428563,Apparel Retail,Consumer Cyclical,GES
2010Q3,2010,Q3,2009-12-10,2009-10-31,64070000.0,522812000.0,98974000.0,0.7,236891000.0,0.45310933949488535,1409318000.0,951955000.0,1007190000.0,303277000.0,452640000.0,261880000.0,844117000.0,3323893549.9999995,2997065549.9999995,10.467830791392222,3.3210233548867865,0.012796260318820876,0.018944172781276424,0.0681830003466363,10.467830791392222,0.06730360153578688,6.357722374390794,12.969773489932885,3.491649867903419,0.18205088184797877,1.091801588513823,0.0035091376497300886,0.37096808527245095,2.1872215829093533,0.04546170559093122,133.5647974764928,0.45310933949488535,0.07692307692307682,2.025251318956839,0.9224663226641183,2.6539310553076847,0.022064311816961994,0.07572196104768301,0.08626555743354479,0.11850264735956761,0.13385280465880048,0.611821231875605,Apparel Retail,Consumer Cyclical,GES
2010Q2,2010,Q2,2009-09-10,2009-08-01,59560000.0,522423000.0,91114000.0,0.65,231777000.0,0.44365772563612244,1362806000.0,879304000.0,967878000.0,332125000.0,466076000.0,258612000.0,792017000.0,2637346680.0,2326001680.0,9.692077068912305,2.9141979676326684,0.013473671234203548,0.02088242519083275,0.0677808761891012,9.692077068912305,0.06773539071811342,5.048297414164384,11.070125419744794,2.999357082419732,0.1751678979180658,1.1238689619971232,0.003955869768323367,0.3833436307148633,1.887054572826496,0.04370394612292579,48.826190502638156,0.44365772563612244,0.8055555555555557,3.8954685912681253,1.566801149596236,3.266125813708718,0.3057638462448522,0.8302501382828344,0.8968647208227506,3.325210485618765,1.2552274722517847,1.6061982766665408,Apparel Retail,Consumer Cyclical,GES
2010Q1,2010,Q1,2009-06-10,2009-05-02,32542000.0,441201000.0,48034000.0,0.36,177503000.0,0.40231776446562906,1259266000.0,808720000.0,886157000.0,307176000.0,436482000.0,203395000.0,745719000.0,2360031240.0,2092373240.0,8.923216118105284,2.8848510300283876,0.035712867654649615,0.05560886338905925,0.036392239044423166,8.923216118105284,0.04023889603323771,5.349106733665608,18.13065607522586,2.9182303393016125,0.28338762214983715,1.2964822144103838,0.00390757539294268,0.35036362452412756,1.9209378336849232,0.025842038139678194,95.98695408142514,0.40231776446562906,-0.2941176470588236,13.826446652162554,1.7798322721397857,3.16369434243587,-0.219499432772555,-0.32079646017699115,-0.2984869727771936,-0.07133670844986972,0.18352070959219513,0.685701848346249,Apparel Retail,Consumer Cyclical,GES
2009Q4,2009,Q4,2009-03-31,2009-01-31,47912000.0,561070000.0,68472000.0,0.51,227422000.0,0.4053362325556526,1246566000.0,776038000.0,894189000.0,335884000.0,461062000.0,239675000.0,722399000.0,1489306490.0,1233792490.0,8.384071045040567,2.662195877148063,0.030968276047958952,0.049744986714568104,0.06367151529470132,8.384071045040567,0.06173924472770663,2.654404067228688,7.771051563282685,1.9191154170285476,0.1967148104858908,1.3920851152602483,0.0063284488876429994,0.45009249409979096,1.6626513915518453,0.03843518915163738,12.995920434911604,0.4053362325556526,-0.26086956521739124,2.7947564865734202,1.6328226899676626,2.9703494956648986,-0.05950904008072387,-0.2515738007091866,-0.3110082511571745,0.7809375059041442,0.9451168413962592,1.5817051504976927,Apparel Retail,Consumer Cyclical,GES
2009Q3,2009,Q3,2008-12-11,2008-11-01,64017000.0,527928000.0,99380000.0,0.69,241812000.0,0.4580397326908215,1246680000.0,755881000.0,857083000.0,350959000.0,481803000.0,252973000.0,683912000.0,2012375260.0,1835823260.0,8.177167398688852,2.4421171703817257,0.04816713190233259,0.0794423990019593,0.08153572150763722,8.177167398688852,0.08469190256138201,3.8118365761997848,7.8587533780089665,2.6622911013770683,0.14728900135901402,1.1310139817292755,0.004685507811301556,0.42346712869381076,1.5279676543413903,0.05134998556165175,-53.29948246636296,0.4580397326908215,0.2105263157894737,1.9737964460597814,0.9098403951381805,1.8543455179929276,0.041597208761387866,0.18919973250111458,0.16903893659569463,1.9737964460597814,0.9098403951381805,1.8543455179929276,Apparel Retail,Consumer Cyclical,GES
2009Q2,2009,Q2,2008-09-10,2008-08-02,53832000.0,515172000.0,85010000.0,0.57,232155000.0,0.4506359041252242,1317290000.0,735289000.0,912849000.0,435887000.0,573536000.0,258888000.0,629324000.0,2976256000.0,2740651000.0,7.905653277137451,2.094233138405137,0.04469479006141396,0.08007191730054442,0.06850566389155939,7.905653277137451,0.07321202955572571,5.777208388654663,13.82196463070293,4.047736332244872,0.14147718828949324,1.0932024659312134,0.0025589196628247033,0.391084726977355,1.3367088259113027,0.04086571673663354,36.13232812518969,0.4506359041252242,0.1176470588235293,3.3160053966760232,1.469016949967085,2.47980224259731,0.049340306184714265,0.1261689086002385,0.11965755679947317,2.813247179440005,1.1693129036883014,1.1258291489329921,Apparel Retail,Consumer Cyclical,GES
2009Q1,2009,Q1,2008-06-12,2008-05-03,47801000.0,489220000.0,75925000.0,0.51,221239000.0,0.4522280364662115,1209571000.0,712038000.0,825559000.0,351274000.0,490022000.0,202804000.0,583108000.0,3559055500.0,3364680500.0,7.660441097364174,2.3501853254154876,0.054577201338325734,0.09271274847690714,0.06100644565138241,7.660441097364174,0.06713265303256287,7.27495911859695,18.613917595866194,4.998406686160008,0.15792556641074454,1.3213792627364351,0.0021210683564782846,0.40445744813657075,1.639711450320832,0.03951896994884963,-173.11423220973782,0.4522280364662115,-0.135593220338983,20.23524121115862,2.0054789148810346,2.5744662950549535,-0.05260295559752144,-0.13386725615611808,-0.21075883575883575,2.0040921717928737,0.8277866649338653,1.1977460461035612,Apparel Retail,Consumer Cyclical,GES
2008Q4,2008,Q4,2008-04-01,2008-02-02,55189000.0,514601000.0,96200000.0,0.59,233523000.0,0.45379429888398976,1186228000.0,656974000.0,814739000.0,388291000.0,523265000.0,232159000.0,542856000.0,3452281800.0,3230664800.0,7.1172717128711795,2.0982690816938843,0.04550389975620201,0.0821615467278766,0.07626464742039701,7.1172717128711795,0.08400484646272151,6.708657386985257,15.638450597039265,5.254822565276556,0.1368388628168657,1.2107133473180018,0.00218753868818009,0.43381289263109624,1.3649427877545448,0.04652478275677188,33.47537356126793,0.45379429888398976,-0.04838709677419359,3.3831419759334707,1.4214114484817582,2.370445694448598,0.06884809205377126,-0.052939561382434705,0.005813224039145163,1.0570758535527143,0.7889272248901149,1.191619911126618,Apparel Retail,Consumer Cyclical,GES
2008Q3,2008,Q3,2007-12-12,2007-11-03,58274000.0,469079000.0,95644000.0,0.62,218481000.0,0.4657658944442194,1122162000.0,600837000.0,757592000.0,388384000.0,515110000.0,222956000.0,495227000.0,4095683320.0000005,3965209320.0000005,6.494411777422283,1.9506261843948258,0.05471937206927342,0.10219743457876262,0.08605576501201398,6.494411777422283,0.09698803502447419,8.731329520187431,17.5708005285376,6.816629668279417,0.129285787829907,1.123979619297081,0.0018394976885078116,0.418013620136843,1.2577629356513143,0.05193011347737671,-89.86294227351516,0.4657658944442194,0.5499999999999999,1.7047332664777364,0.6955166620967418,1.2669580118731696,0.2603315796760349,0.5547195987407288,0.6112262259732821,1.7047332664777364,0.6955166620967418,1.2669580118731696,Apparel Retail,Consumer Cyclical,GES
2008Q2,2008,Q2,2007-09-11,2007-08-04,37482000.0,388287000.0,59361000.0,0.4,173352000.0,0.4464532678147865,989164000.0,533175000.0,659731000.0,328814000.0,451419000.0,226377000.0,444497000.0,4274386600.0,4095149600.0,5.784063788240399,2.0063957130779104,0.021451447889328765,0.03979743986495991,0.06323790113748669,5.784063788240399,0.0702996201997468,11.008317558919048,28.50959527239742,8.016854878792142,0.1498319193212742,0.9494559959713221,0.0013138727320547,0.3925405696123191,1.1780550706478434,0.037892604259758746,84.57265586355632,0.4464532678147865,0.05263157894736847,9.447442203168642,1.3141081673689723,1.9429193799964795,0.034430905467174276,0.0550285698201368,0.024631477198191046,2.032130031695206,0.8776224655941708,1.5459500228591785,Apparel Retail,Consumer Cyclical,GES
2008Q1,2008,Q1,2007-06-13,2007-05-05,35527000.0,377949000.0,57934000.0,0.38,167582000.0,0.44339844793874306,902786000.0,486396000.0,599652000.0,290718000.0,411842000.0,164500000.0,412639000.0,3666251400.0,3532198400.0,5.293472346168078,2.062658658906569,0.06130245706069877,0.11378177452117205,0.06350124718054546,5.293472346168078,0.07304130790549264,9.700386560091442,25.799050018295944,7.537585424222239,0.15742956061586963,1.2788267477203648,0.001525536410296359,0.418647387088413,1.3613845719907265,0.03935262620377365,-111.73848404498492,0.44339844793874306,-0.6122448979591837,6.778535275142053,1.542484718669845,1.8287632173928612,0.050914632234436825,-0.22231464658625746,-0.1852903951624244,14.965363105301773,1.3487821122265198,1.4700063931950038,Apparel Retail,Consumer Cyclical,GES
2007Q4,2007,Q4,2007-03-01,2006-12-31,45683000.0,346421000.0,71110000.0,0.98,159463000.0,0.4603156275168076,836925000.0,431060000.0,558892000.0,283896000.0,401113000.0,165232000.0,374729000.0,,,,,,,,,,,,,,,,,,,,,,,,,,,,,,,Apparel Retail,Consumer Cyclical,GES
2007Q3,2007,Q3,2006-11-08,2006-09-30,48355000.0,348748000.0,74046000.0,0.52,163831000.0,0.4697690022595112,808817000.0,387762000.0,540852000.0,290802000.0,420583000.0,139690000.0,329046000.0,,,,,,,,,,,,,,,,,,,,,,,,,,,,,,,Apparel Retail,Consumer Cyclical,GES
2007Q2,2007,Q2,2006-08-09,2006-07-01,13734000.0,231037000.0,21858000.0,0.15,92453000.0,0.40016534148210026,698112000.0,336497000.0,433876000.0,225110000.0,361615000.0,127425000.0,280691000.0,,,,,,,,,,,,,,,,,,,,,,,,,,,,,,,Apparel Retail,Consumer Cyclical,GES
2007Q1,2007,Q1,2006-05-11,2006-04-01,15396000.0,258978000.0,26009000.0,0.17,103632000.0,0.40015754233950374,662030000.0,313480000.0,420045000.0,209030000.0,348550000.0,111583000.0,266957000.0,,,,,,,,,,,,,,,,,,,,,,,,,,,,,,,Apparel Retail,Consumer Cyclical,GES
