Quarters,Year,Quarter,FillingDate,Date,NetIncome,Revenue,OperatingIncome,EPSDiluted,GrossProfit,GrossProfitRatio,TotalAssets,CommonStockEquity,CurrentAssets,CurrentLiability,TotalLiability,Inventory,RetainedEarnings,MarketCap,EnterpriseValue,bookValuePerShare,currentRatio,debtToAssets,debtToEquity,roic,shareholdersEquityPerShare,roe,priceToSalesRatio,peRatio,pbRatio,payoutRatio,inventoryTurnover,dividendYield,assetTurnover,quickRatio,returnOnAssets,priceToFreeCashFlowsRatio,grossProfitMargin,epsdilutedGrowth,fiveYNetIncomeGrowthPerShare,fiveYRevenueGrowthPerShare,fiveYShareholdersEquityGrowthPerShare,grossProfitGrowth,netIncomeGrowth,operatingIncomeGrowth,threeYNetIncomeGrowthPerShare,threeYRevenueGrowthPerShare,threeYShareholdersEquityGrowthPerShare,Industry,Sector,Symbol
2023Q1,2023,Q1,2023-05-10,2023-03-31,11500000.0,42907000.0,32024000.0,0.68,42907000.0,1.0,4769805000.0,443399000.0,867352000.0,0.0,58582000.0,0.0,160085000.0,388553134.84000003,140201134.84000003,26.40630570185725,0.0,0.012281843807031944,0.13212027992846173,0.04947702301942074,26.40630570185725,0.025936007974758625,9.05570500943902,8.446807279130434,0.8763058438111047,0.11773913043478261,0.0,0.003484722882386615,0.008995545939509058,0.0,0.0024110000303995656,39.67661950781171,1.0,-0.11688311688311684,1.248503385644753,0.6104995749739374,0.4168108660603555,-0.04090573797974831,-0.11565672100892033,-0.10133295916935597,2.6086508078735515,0.47613220135183054,0.13064095903546227,Banks—Regional,Financial Services,SMBK
2022Q4,2022,Q4,2023-03-16,2022-12-31,13004000.0,44737000.0,35635000.0,0.77,44737000.0,1.0,4612913000.0,432452000.0,735007000.0,12500000.0,4180461000.0,0.0,156545000.0,460864415.0,266230415.0,25.804617611884833,58.80056,0.015562834157071681,0.1660068631894407,0.05558569518151989,25.804617611884833,0.0300703893148835,10.301638800098353,8.86005104198708,1.0657007367291629,0.0908951091971701,0.0,0.002564745642164627,0.009698210219876248,65.41952,0.002819042977832012,34.35441036153559,1.0,0.13235294117647053,214.1477016224946,0.708195935925404,0.3227490463073285,0.04141254248335584,0.12657021571515203,0.6016450177536069,0.6095188859320472,0.5901729120367427,0.1523183774732206,Banks—Regional,Financial Services,SMBK
2022Q3,2022,Q3,2022-11-09,2022-09-30,11543000.0,42958000.0,22249000.0,0.68,42958000.0,1.0,4796911000.0,414711000.0,64798000.0,0.0,4382200000.0,-929594000.0,144723000.0,413874091.05,-68737908.94999999,24.75996693584282,0.0,0.012594980394674823,0.14568458516894897,0.036636062207128714,24.75996693584282,0.02783384091572203,9.634389195260487,8.963746232565192,0.997981946584489,0.10239972277570822,0.0,0.00285594103511351,0.008955346471927455,0.0,0.0024063402468797106,42.051827987197726,1.0,0.11475409836065584,2.3683767798252724,0.7928376147279202,0.4928027553767595,0.06619344270432603,0.13000489476260402,0.21845564074479737,0.6129279388520555,0.5715481002226759,0.1290896856662019,Banks—Regional,Financial Services,SMBK
2022Q2,2022,Q2,2022-08-09,2022-06-30,10215000.0,40291000.0,18260000.0,0.61,40291000.0,1.0,4788113000.0,420427000.0,63264000.0,0.0,4367686000.0,0.0,134362000.0,404315908.8,-196107091.2,25.122722353783374,0.0,0.011386949305498847,0.12968244189835573,0.02994496926249425,25.122722353783374,0.024296726899081172,10.034893867116725,9.895151953010279,0.9616792185088018,0.11581008321096427,0.0,0.002925929883667244,0.008414797228052053,0.0,0.0021334082967549013,35.99037820900837,1.0,0.24489795918367346,2.0429526037572647,0.7682126569215872,0.532155155545974,0.08224771011845604,0.23683254631311296,0.21312782354504384,-0.06629758365016486,0.5096998039027257,0.16989103297270675,Banks—Regional,Financial Services,SMBK
2022Q1,2022,Q1,2022-05-10,2022-03-31,8259000.0,37229000.0,15052000.0,0.49,37229000.0,1.0,4718579000.0,420042000.0,59892000.0,0.0,4298537000.0,-1244559000.0,125329000.0,427655930.17999995,-257647069.82000005,25.124577029663953,0.0,0.016671332619417837,0.18727889115850319,0.023729039259351433,25.124577029663953,0.01966231948233748,11.487172101856078,12.945148631190216,1.018126592531223,0.14251119990313596,0.0,0.002752212507621727,0.007889875320514926,0.0,0.001750315084265835,43.571668892511454,1.0,0.22499999999999992,1.2614009053310025,0.6033113539812996,0.4263393412422341,0.015493303510542539,0.24083533653846154,0.327336860670194,0.45573653238664574,0.40303366114511063,0.2058864108399439,Banks—Regional,Financial Services,SMBK
2021Q4,2021,Q4,2022-03-14,2021-12-31,6656000.0,36661000.0,11340000.0,0.4,36661000.0,1.0,4611579000.0,429430000.0,53378000.0,7111000.0,4182149000.0,0.0,118247000.0,456884913.59999996,-426277086.4000001,25.715895732741043,7.506398537477148,0.02697882872655982,0.289721258412314,0.016189342352172904,25.715895732741043,0.015499615769741284,12.462423654564795,17.160641286057693,1.0639333851850126,0.15159254807692307,0.0,0.002208433611978209,0.0079497716508814,217.09154830544227,0.0014433234256639646,-399.7243338582677,1.0,-0.34426229508196715,0.4253006600993081,0.22901357215811916,0.43949202045509894,-0.0008176392030743234,-0.30666666666666664,-0.2520775623268698,-0.1612624189376428,0.2893280554574164,0.22986052549101368,Banks—Regional,Financial Services,SMBK
2021Q3,2021,Q3,2021-11-09,2021-09-30,9600000.0,36691000.0,15162000.0,0.61,36691000.0,1.0,4384031000.0,424720000.0,53396000.0,0.0,3959311000.0,0.0,112600000.0,401384222.40000004,-523962777.5999999,27.299966935621136,0.0,0.02837776466452906,0.29292004143906575,0.02166807697883208,27.299966935621136,0.02260312676586928,10.939582524324766,10.452714125,0.9450560896590695,0.094375,0.0,0.0022571888715075712,0.008369238264966649,0.0,0.002189765537698068,26.063910545454547,1.0,0.05172413793103453,1.2393554190122145,0.30111294526172827,0.5175026663583004,0.14516229712858927,0.0936431989063568,0.06752094627895515,0.8151057866393723,0.49209060277362365,0.37985101252475306,Banks—Regional,Financial Services,SMBK
2021Q2,2021,Q2,2021-08-09,2021-06-30,8778000.0,32040000.0,14203000.0,0.58,32040000.0,1.0,3654356000.0,373393000.0,53038000.0,0.0,3280963000.0,0.0,103906000.0,360237804.57000005,-128774195.42999995,24.88679926500586,0.0,0.031301821716329774,0.30634746768150445,0.022723513160563803,24.88679926500586,0.023508742799141922,11.243377171348316,10.25967773325359,0.9647685001325681,0.10321257689678742,0.0,0.002515005333994449,0.008767618699437055,0.0,0.002402064823460002,24.90065698278842,1.0,-0.10769230769230778,1.8595677132338475,0.21250406816497167,0.40638972419195496,0.002785515320334262,-0.1002460024600246,-0.08083096039347658,0.8156386138579123,0.2782187028876178,0.2269103298977563,Banks—Regional,Financial Services,SMBK
2021Q1,2021,Q1,2021-05-10,2021-03-31,9756000.0,31951000.0,15452000.0,0.65,31951000.0,1.0,3557203000.0,364058000.0,3147219000.0,0.0,3193145000.0,0.0,96034000.0,325000555.45,-49627444.55000001,24.251822244077953,0.0,0.03226102080764016,0.3152217503804339,0.02534926281024795,24.251822244077953,0.026797927802712753,10.171842992394604,8.328222515631406,0.8927164227952687,0.09296842968429685,0.0,0.002790764461138093,0.008982056970040788,0.0,0.0027426042314706244,21.550331904382997,1.0,0.10169491525423738,1.8041467108235314,0.24916900772040645,0.38394124066840035,0.03431420154737626,0.08039867109634552,0.04159083249073138,1.133675434781677,0.3414601612563883,0.3012136443893854,Banks—Regional,Financial Services,SMBK
2020Q4,2020,Q4,2021-03-16,2020-12-31,9030000.0,30891000.0,14835000.0,0.59,30891000.0,1.0,3304949000.0,357168000.0,2930162000.0,0.0,2947781000.0,0.0,87185000.0,274082665.72,-26481334.27999997,23.638953973904016,0.0,0.03471823619668564,0.3212549836491511,0.024622065451259403,23.638953973904016,0.02528222013170273,8.872573426564372,7.5881136688815065,0.7673774406441787,0.08449612403100776,0.0,0.00278383165165021,0.009346891585921599,0.0,0.002732266065225212,46.81972424325248,1.0,0.40476190476190477,1.9070143214694564,0.1814776340125448,0.3568401595616816,0.04393227670575513,0.41204065676309615,0.21818032517654787,164.70808397715777,0.30827484030448266,0.21173676335676764,Banks—Regional,Financial Services,SMBK
2020Q3,2020,Q3,2020-11-06,2020-09-30,6395000.0,29591000.0,12178000.0,0.42,29591000.0,1.0,3387588000.0,349789000.0,3012310000.0,0.0,3037799000.0,0.0,78918000.0,206032268.60999998,-154733731.39,23.07227184397113,0.0,0.033871592413245055,0.32803490104034144,0.020046510478597616,23.07227184397113,0.018282450277167094,6.962666642222297,8.054428014464426,0.5890187187418701,0.11884284597341674,0.0,0.003688742569925343,0.00873512363368863,0.0,0.0018877738379047275,10.346621232862953,1.0,0.024390243902439046,32.43870240044566,0.694958614447967,0.34354385837399554,0.031189015890716477,0.03579527048914804,0.03203389830508475,1.0616845896625298,0.3643828457115614,0.391049958617779,Banks—Regional,Financial Services,SMBK
2020Q2,2020,Q2,2020-08-10,2020-06-30,6174000.0,28696000.0,11800000.0,0.41,28696000.0,1.0,3265985000.0,343488000.0,2886159000.0,0.0,2922497000.0,0.0,73283000.0,245171786.24,44577786.24000001,22.668333600831215,0.0,0.03512630952071121,0.33399128936090927,0.020917671429031764,22.668333600831215,0.017974427054220234,8.543761717312517,9.927590955620344,0.7137710378237376,0.12325882734046,0.0,0.0031039460603148397,0.008786323268477962,0.0,0.001890394475173646,-27.828806610669695,1.0,1.157894736842105,1.3851595854595262,-0.09540932253449254,0.03790030291477112,0.15157109033267788,1.259882869692533,0.3374135781480222,1.0312125365315645,0.3908482177050231,0.3824697699976443,Banks—Regional,Financial Services,SMBK
2020Q1,2020,Q1,2020-05-11,2020-03-31,2732000.0,24919000.0,8823000.0,0.19,24919000.0,1.0,2873715000.0,336200000.0,2498296000.0,0.0,2537515000.0,0.0,67869000.0,218949516.63000003,150415516.63000003,23.355164600072676,0.0,0.057320228345538786,0.48995240928019035,0.014169652080291856,23.355164600072676,0.008126115407495539,8.786448759179743,20.03564390830893,0.6512478186496133,0.2569546120058565,0.0,0.00320621854208658,0.008671353979082825,0.0,0.000950685784776848,32.81125680053949,1.0,-0.6041666666666666,-0.34321463467734553,-0.33653331266415576,-0.052991202220939615,0.06287054809127746,-0.594237338482103,-0.3279762358138472,-0.13121968424640168,0.24636799697662706,0.32588859310708035,Banks—Regional,Financial Services,SMBK
2019Q4,2019,Q4,2020-03-12,2019-12-31,6733000.0,23445000.0,13129000.0,0.48,23445000.0,1.0,2449123000.0,312747000.0,2121236000.0,0.0,2136376000.0,0.0,65839000.0,330292991.04999995,234458991.04999995,22.393652758075987,0.0,0.0264176196948867,0.20687648482639323,0.03250500968349712,22.393652758075987,0.021528583807358663,14.087992793772658,12.263960754864103,1.0561028276849977,0.0,0.0,0.0,0.009572814431941556,0.0,0.0027491473478465558,166.73043465421503,1.0,0.14285714285714285,0.946782127297945,-0.3564484808127797,-0.08607951193781699,0.029373024236037933,0.1291296327352004,-0.06939325205557131,0.7239485458463645,-0.06022233140237136,0.2535236878041557,Banks—Regional,Financial Services,SMBK
2019Q3,2019,Q3,2019-11-08,2019-09-30,5963000.0,22776000.0,14108000.0,0.42,22776000.0,1.0,2390485000.0,306040000.0,2070145000.0,0.0,2084445000.0,0.0,59806000.0,290700542.96999997,185990542.96999997,21.92914101525388,0.0,0.02706563730791032,0.21141027316690628,0.028708723542083137,21.92914101525388,0.019484381126650113,12.763459034510008,12.187679983649168,0.9498776074042609,0.0,0.0,0.0,0.009527773652626977,0.0,0.0024944728789346093,51.09870679732817,1.0,-0.35384615384615387,0.7448971863659783,-0.3732882728259077,-0.1006278833364443,0.023640449438202246,-0.3462339655739502,-0.23810552465302154,0.5506030098629177,-0.09963848799828992,0.21895861779137318,Banks—Regional,Financial Services,SMBK
2019Q2,2019,Q2,2019-08-08,2019-06-30,9121000.0,22250000.0,18517000.0,0.65,22250000.0,1.0,2391257000.0,299611000.0,2069301000.0,0.0,2091646000.0,0.0,53843000.0,300665600.0,235473600.0,21.4744122706422,0.0,0.022866216387448107,0.18249997496754125,0.03967292929663832,21.4744122706422,0.030442807507067498,13.513060674157304,8.241026203267186,1.003519897467049,0.0,0.0,0.0,0.009304729688193281,0.0,0.0038143118870117266,31.555122411569954,1.0,0.9117647058823529,1.6450086155714543,-0.3982775857913713,-0.11868581861020508,0.00550819649609542,0.9278207509264467,0.5098566724706088,2.195272661790665,-0.09451476740432195,0.21355070328228118,Banks—Regional,Financial Services,SMBK
2019Q1,2019,Q1,2019-05-10,2019-03-31,4731249.0,22128114.0,12264078.0,0.34,22128114.0,1.0,2353980761.0,290480803.0,2020435472.0,0.0,2063499958.0,0.0,44722239.0,268522920.0,183331470.0,20.834944986372115,0.0,0.020307296385758355,0.16456504012074077,0.027145389834714963,20.834944986372115,0.01628764775894674,12.134921213800688,14.188796658134038,0.9244084883640314,0.0,0.0,0.0,0.009400295179387832,0.0,0.0020098928072760066,41.965007453036804,1.0,-0.27659574468085096,0.3641161417264658,-0.36374396868222597,-0.15179121311637347,-0.03985684360117435,-0.2644349950070964,0.07005640183957092,0.4642184313660195,-0.06850126426373762,0.1889555895429154,Banks—Regional,Financial Services,SMBK
2018Q4,2018,Q4,2019-03-18,2018-12-31,6432129.0,23046682.0,11461151.0,0.47,23046682.0,1.0,2274409335.0,283011481.0,1937675861.0,0.0,1991397854.0,0.0,39990990.0,247284450.0,181881471.0,20.909603324713704,0.0,0.022168164377499796,0.17815347922227934,0.036095373116803005,20.909603324713704,0.022727448997024967,10.729720226104565,9.611298607350692,0.8737611955749598,0.0,0.0,0.0,0.01013304054171058,0.0,0.0028280437039272,111.45973202007212,1.0,0.3823529411764704,0.9483297638919018,-0.3526806234610572,-0.136836096855507,0.1463881286929085,0.4875551577720423,0.16507553932700772,1.31153350941575,-0.016016143497080106,0.2001795655931255,Banks—Regional,Financial Services,SMBK
2018Q3,2018,Q3,2018-11-09,2018-09-30,4323960.0,20103734.0,9837260.0,0.34,20103734.0,1.0,2050946047.0,251641863.0,1758515699.0,0.0,1799304184.0,0.0,33558861.0,298006170.0,232384406.0,19.78472073276201,0.0,0.03144034144356017,0.2562468868703297,0.023903547462013258,19.78472073276201,0.017182991527923953,14.823423847530016,17.229933325007632,1.1842471934012029,0.0,0.0,0.0,0.009802175941881323,0.0,0.002108275839983615,83.86944499558851,1.0,0.06250000000000006,0.2984091800320564,-0.37830825288409253,-0.1934555562929762,-0.013740749220595174,0.0998088288708084,0.1331127525088909,26.337779482222963,0.37258423485794,0.1521032783381034,Banks—Regional,Financial Services,SMBK
2018Q2,2018,Q2,2018-08-09,2018-06-30,3931556.0,20383823.0,8681625.0,0.32,20383823.0,1.0,2062231972.0,247486577.0,1785002320.0,0.0,1814745395.0,0.0,29234901.0,314297760.0,218102678.0,20.284122367019098,0.0,0.034933038076280974,0.2910866070930384,0.02043935575849583,20.284122367019098,0.015885936310800403,15.418980041182657,19.985583316122167,1.2699588147764476,0.0,0.0,0.0,0.009884350197631404,0.0,0.0019064567194092556,32.0115018155937,1.0,0.06666666666666674,0.3317484687140501,-0.3719298161669878,-0.17483197387753335,0.1459371890092066,0.15133811315605059,0.2542150278555536,0.8863046252395483,-0.20198155351577032,-0.07126403202759347,Banks—Regional,Financial Services,SMBK
2018Q1,2018,Q1,2018-05-10,2018-03-31,3414771.0,17787906.0,6921959.0,0.3,17787906.0,1.0,1760425008.0,208948915.0,1509353265.0,0.0,1551476093.0,0.0,25303346.0,264131160.0,199525071.0,18.637848095620374,0.0,0.01704133937183878,0.1435757634826675,0.02271301815384765,18.637848095620374,0.01634261178144907,14.8489181357266,19.337399198950674,1.2640944318854204,0.0,0.0,0.0,0.010104324762012243,0.0,0.0019397423829371095,190.38044206875375,1.0,84.71428571428571,0.10265126003590003,-0.35026139612530066,-0.25389874964700127,0.07870167246337456,88.72780303229366,0.19014491587437826,0.054082931029921254,-0.39188773662575144,-0.24426967566020594,Banks—Regional,Financial Services,SMBK
2017Q4,2017,Q4,2018-03-16,2017-12-31,38057.0,16490107.0,5816064.0,0.0035,16490107.0,1.0,1720770682.0,205851840.0,1474989026.0,0.0,1514918842.0,0.0,21888575.0,228978400.0,166515516.0,19.50832448824867,0.0,0.025337484219178485,0.2118028189595002,0.00022672821752454977,19.50832448824867,0.00018487568534728666,13.885804379559211,1504.1805712483906,1.1123456559824776,0.0,0.0,0.0,0.009582977657914327,0.0,2.2116253140579715e-05,-74.59425368087327,1.0,-0.9825,-0.9841906878678199,-0.41408351948410416,-0.2247021340151602,0.3997557700928374,-0.9774124872616209,0.46882431958396564,-0.9854361325868173,-0.40091287434353123,-0.20383433510435947,Banks—Regional,Financial Services,SMBK
2017Q3,2017,Q3,2017-11-14,2017-09-30,1684869.0,11780703.0,3959673.0,0.2,11780703.0,1.0,1135821840.0,136587588.0,979095018.0,0.0,999234252.0,0.0,21653303.0,198134100.0,138433661.0,16.58622805100182,0.0,0.0052825186034457655,0.04392785675371909,0.018229853583545157,16.58622805100182,0.012335447346796986,16.818529420527792,29.399036364251465,1.4506010604711754,0.0,0.0,0.0,0.01037196379319489,0.0,0.0014833919728115107,79.31852255144709,1.0,0.0,-0.08723051987314126,-0.39169733619632086,-0.2930976375947273,0.052951260561284276,0.022194570602431858,0.08698581119309015,-0.1644659709178914,-0.4506431502012046,-0.31975488600681745,Banks—Regional,Financial Services,SMBK
2017Q2,2017,Q2,2017-08-14,2017-06-30,1648286.0,11188270.0,3642801.0,0.2,11188270.0,1.0,1145479112.0,134734011.0,971460709.0,0.0,1010745101.0,0.0,19968434.0,196221960.0,136286534.0,16.39698320554947,0.0,0.0,0.0,0.018772137315166925,16.39698320554947,0.012233629710615533,17.538185975132883,29.761515901973322,1.4563654606853498,0.0,0.0,0.0,0.009767327821862543,0.0,0.0014389489801539044,80.16919445104956,1.0,-0.09090909090909087,0.049523508782765124,-0.425618420876771,-0.27514394007953197,0.0705005378207286,0.002697933085176211,-0.020401923376347827,-0.1884030883110652,-0.48624945807356806,-0.3270645245636384,Banks—Regional,Financial Services,SMBK
2017Q1,2017,Q1,2017-05-15,2017-03-31,1643851.0,10451438.0,3718669.0,0.22,10451438.0,1.0,1051085781.0,132550815.0,876567868.0,0.0,918534966.0,0.0,18320147.0,158326000.0,102838279.0,17.614726245847177,0.0,5.7083828061032444e-05,0.00045265659060640255,0.017800029993861346,17.614726245847177,0.012401666485415424,15.148728816072966,24.078520498512333,1.1944551227391547,0.11862388987809723,0.0,0.0012316359915617145,0.009943468163042346,0.0,0.0015639551306992708,80.47056623068235,1.0,-0.18518518518518523,-0.004238053276561881,-0.3694653999651921,-0.20240402701670496,-0.006815067041687312,-0.0021682348734963636,-0.002451307162629396,-0.12187454367412404,-0.44322191268169203,-0.2828891273747104,Banks—Regional,Financial Services,SMBK
2016Q4,2016,Q4,2017-03-31,2016-12-31,1647423.0,10523154.0,3727807.0,0.27,10523154.0,1.0,1062456285.0,105240140.0,895863122.0,0.0,957216145.0,0.0,16871296.0,109336954.10900001,59094036.10900001,17.864562892547955,0.0,0.017417554266715075,0.17583965585754638,0.01903481587760387,17.864562892547955,0.01565394154739817,10.390131524160914,16.59211904122378,1.0389282464751568,0.0,0.0,0.0,0.009904552449421483,0.0,0.0015505795610216565,-29.66008608256498,1.0,0.03846153846153849,3.0281175061368546,-0.24982250671654738,-0.17543081690195572,-0.006922469175694484,0.022677497932822314,0.019329433540135575,0.1465211790224165,-0.320913086787714,-0.2625376199233517,Banks—Regional,Financial Services,SMBK
2016Q3,2016,Q3,2016-11-14,2016-09-30,1610892.0,10596508.0,3657117.0,0.26,10596508.0,1.0,1040725745.0,105169902.0,867560285.0,0.0,935555843.0,0.0,15493873.0,95260570.00000001,79722127.00000001,17.990061922682177,0.0,0.041363849416447364,0.40932265012474767,0.015536782090466286,17.990061922682177,0.015317043843969732,8.989807774410213,14.783823186160216,0.9057778716956493,0.16760900172078574,0.0,0.0028343311403658403,0.01018184478563082,0.0,0.001547854473418451,126.94655776460259,1.0,0.3,-0.1448714612244458,-0.250000916124773,-0.09898459312385897,0.033016433981023864,0.351839077566023,0.24394992657970974,0.052423387593130075,-0.28705619518145364,-0.26661666436072085,Banks—Regional,Financial Services,SMBK
2016Q2,2016,Q2,2016-08-12,2016-06-30,1191630.0,10257831.0,2939923.0,0.2,10257831.0,1.0,1034797512.0,103063936.0,859324586.0,0.0,931733576.0,0.0,14152981.0,93188720.0,31542805.0,17.695521260513075,0.0,0.009751861483022197,0.0979120572301838,0.016444575799413556,17.695521260513075,0.011562046301045596,9.08464177271004,19.550682678348146,0.9041835933764455,0.22658039827798898,0.0,0.0028973463741105146,0.00991288718908323,0.0,0.0011515586249302848,20.070894154570624,1.0,-0.09090909090909087,1.3532912707245488,-0.2438221792950983,-0.0035568066366726105,0.034416651700084414,-0.11656706426078853,-0.062441739911337835,-0.15442675738952152,-0.3378900106154603,-0.2801375339025054,Banks—Regional,Financial Services,SMBK
2016Q1,2016,Q1,2016-05-16,2016-03-31,1348863.0,9916537.0,3135723.0,0.22,9916537.0,1.0,1016224138.0,101988149.0,826136094.0,0.0,914235989.0,0.0,13231351.0,107670000.0,73967297.0,17.523736941580758,0.0,0.029644217130374836,0.29537911311636805,0.015153719745459194,17.523736941580758,0.01322568370174068,10.857620961833753,19.955696019536454,1.0557108944098985,0.1571694086056182,0.0,0.0019689792885669174,0.009758218319352694,0.0,0.0013273282434076567,37.26936400818562,1.0,0.09999999999999995,0.49296788396519503,-0.25815134551041335,0.04354158452392035,-0.003379041480643676,0.14104745090840493,0.010428048815461688,-0.1609925766049829,-0.30225738315520306,-0.29849830431643276,Banks—Regional,Financial Services,SMBK
2015Q4,2015,Q4,2016-03-30,2015-12-31,1182127.0,9950159.0,3103361.0,0.2,9950159.0,1.0,1023962879.0,100176859.0,825571044.0,18000000.0,923786020.0,0.0,12094488.0,92517500.0,52940329.0,17.42206243478261,45.865058,0.033387403685363484,0.3412710514311494,0.013108922297304131,17.42206243478261,0.011800399930686586,9.298092623444509,19.565896896018785,0.9235416335024039,0.025377983922201253,0.0,0.0003242629772745697,0.009717304410211925,13.343213944444445,0.0011544627488395505,-553.122608570882,1.0,15.925373134328359,1.0632389983184862,-0.38735649188966415,0.09657261958604085,0.5073990903332722,16.37046379487446,2.8695660305838464,-0.09882424621281195,-0.35120245368050773,-0.3076141503142388,Banks—Regional,Financial Services,SMBK
2015Q3,2015,Q3,2015-11-16,2015-09-30,-76909.0,6600879.0,801992.0,-0.0134,6600879.0,1.0,1007057116.0,98436356.0,2227003.0,299150.0,908620760.0,0.0,10942361.0,87128573.6,51706021.599999994,17.172697191957703,7.444435901721544,0.03900285532563577,0.39902028677290735,-0.005949603855289709,17.172697191957703,-0.000781306857803635,13.199541091421308,-283.2196934038929,0.8851259548860179,-8.581570427388211,0.0,0.007575012108312537,0.006554622270302293,765.7607387598194,-7.637004771435427e-05,120.72334544789467,1.0,-1.0788235294117647,-1.1020441920048185,-0.5970197361717269,-0.09873513638130768,0.6921156883866082,-1.241615903942999,-0.28490492350546315,-1.0598575204256886,-0.5103374723018256,-0.2681024174672395,Banks—Regional,Financial Services,SMBK
2015Q2,2015,Q2,2015-08-14,2015-06-30,318311.0,3900962.0,1121518.0,0.17,3900962.0,1.0,435539250.0,40696625.0,1072137.0,104070.0,394842625.0,0.0,-3020401.0,29664532.0,27298865.0,21.84056940456704,10.30207552608821,0.0711761339534841,0.7617339275677038,0.009645659525415885,21.84056940456704,0.00782155768445172,7.604414500833384,23.298387426133562,0.7289187248328333,1.1780931227635865,0.0,0.012641359047902728,0.008956625608369394,1046.5959450369944,0.0007308434314473379,28.967543925605995,1.0,-0.4137931034482758,14.299599408713021,-0.3238198923923125,0.2062357438512731,-0.0990479516248012,-0.33620211457051696,-0.18182461490200655,-0.10622110091915164,-0.1168628911316617,-0.03450110995686204,Banks—Regional,Financial Services,SMBK
2015Q1,2015,Q1,2015-05-15,2015-03-31,479530.0,4329822.0,1370755.0,0.29,4329822.0,1.0,426010491.0,40926278.0,1124989.0,105724.0,385084213.0,0.0,-2945867.0,22037960.8,27591832.8,24.66203551101697,10.640810033672581,0.07276816100756542,0.7574595471398596,0.011756623348805027,24.66203551101697,0.011716921827096029,5.089807571766229,11.489354576356014,0.5384794776598057,0.7820157237294851,0.0,0.01701609343093123,0.010163651110648353,1056.1885097045135,0.001125629556385737,-69.10531319770213,1.0,0.15999999999999992,0.3658605649484556,-0.12126980584080452,0.4020904775818413,0.00022569530671576367,0.1668617397927277,0.04277035477264913,0.31717060727261387,0.1845027964034519,0.1166986040328391,Banks—Regional,Financial Services,SMBK
2014Q4,2014,Q4,2015-03-30,2014-12-31,410957.0,4328845.0,1314532.0,0.25,4328845.0,1.0,415739796.0,40662105.0,1142899.0,16071925.0,375077691.0,0.0,-3032551.0,21971581.4,42443860.4,24.502845762390137,0.07111151899974645,0.0865926243923976,0.885345212698654,0.010606742393379132,24.502845762390137,0.01010663368263891,5.075622111671819,13.36610728129707,0.5403454002196886,0.9125042279362561,0.0,0.0170675015681848,0.010412390253830789,6.462419965249962,0.0009884956984007372,70.36129670667503,1.0,0.041666666666666706,1.1357313854509326,0.31978042588174876,0.4303423224453612,0.0033720441592222324,0.012980322462169484,-0.024044522383693735,2.5670490394532632,0.09548347669619839,0.1309703817214276,Banks—Regional,Financial Services,SMBK
2014Q3,2014,Q3,2014-11-14,2014-09-30,405691.0,4314297.0,1346918.0,0.24,4314297.0,1.0,413377589.0,40396076.0,1179789.0,78425.0,372981513.0,0.0,-3050663.0,19881000.0,32006326.0,24.382722800663952,15.043532036978004,0.06773468312042431,0.6931366303994477,0.012193753761666282,24.382722800663952,0.010042831882977941,4.6081667534710755,12.251319353892494,0.492151762463265,0.9243488270629617,0.0,0.018862230270107135,0.010436697863657045,1215.226458399745,0.000981405404636002,28.58502611056155,1.0,0.0,1.2294929098762086,0.0844392686472576,0.2406455043228123,-0.0174476440863712,-0.009260457699098619,-0.0319045329319841,-0.24008996266044616,0.07748152759588542,0.22118584134995325,Banks—Regional,Financial Services,SMBK
2014Q2,2014,Q2,2014-08-14,2014-06-30,409483.0,4390908.0,1391307.0,0.24,4390908.0,1.0,419911305.0,40368955.0,1082522.0,80077.0,379542350.0,0.0,-3063508.0,16898850.0,22857993.0,24.36635279915497,13.518513430822834,0.059536382331978416,0.6192877670477227,0.01308651962637208,24.36635279915497,0.010143512508560106,3.8486003350559836,10.31718654986898,0.4186100432869763,0.9157889338507337,0.0,0.022190859141302515,0.010456751098901707,1291.7315333991035,0.0009751654578578207,11.315666300389111,1.0,-0.040000000000000036,1.6607607381431326,-0.021990279420551793,0.20086108197998606,0.062453542392566785,-0.006473355639074029,0.0013833458688556448,1.8428668316273886,0.13791315346825264,0.37208088060037453,Banks—Regional,Financial Services,SMBK
2014Q1,2014,Q1,2014-05-13,2014-03-31,412151.0,4132800.0,1389385.0,0.25,4132800.0,1.0,429043656.0,40695517.0,1270625.0,86736.0,388348139.0,0.0,-3080146.0,16302420.0,21125668.0,24.563462803681908,14.649338221730307,0.06232466003412949,0.6570748321000566,0.012735810740293082,24.563462803681908,0.010127675733914376,3.944642857142857,9.888620918061584,0.40059498445492164,0.9098607063915894,0.0,0.02300271984159407,0.00963258620003928,1291.1447265264712,0.0009606271861528235,20.076229086260785,1.0,0.041666666666666706,1.1388549688271368,-0.04762353899760105,0.1842621194630295,-0.051677909175580704,0.01991823846454608,-0.025705414006039092,0.6025256400621853,0.08608963962742577,0.4627584847342687,Banks—Regional,Financial Services,SMBK
2013Q4,2013,Q4,2014-03-31,2013-12-31,404102.0,4358013.0,1426042.0,0.24,4358013.0,1.0,432223353.0,40133728.0,977925.0,82320.0,392089625.0,0.0,-3099451.0,15705990.0,17594253.0,24.224371812283085,11.879555393586006,0.06186616205348812,0.6662725177187626,0.01318018594507215,24.224371812283085,0.010068887694659216,3.6039337193349352,9.716600016827435,0.39134141737343714,0.9279835289110175,0.0,0.02387624084823688,0.010082780048212711,1433.896185617104,0.0009349379139169281,9.573705878695595,1.0,-0.07692307692307698,1.9084941263568478,-0.13100137842706944,0.07850209587296247,0.04726722464680069,-0.05704378506024996,-0.08925021187401368,1.0750278861536593,-0.06872659212663046,0.5247209080704324,Banks—Regional,Financial Services,SMBK
2013Q3,2013,Q3,2013-11-14,2013-09-30,428548.0,4161319.0,1565789.0,0.26,4161319.0,1.0,429681283.0,40149854.0,1221841.0,100129.0,389531429.0,0.0,-3110707.0,16040150.000000002,21525160.0,24.530230029020924,12.202668557560747,0.06223217314308755,0.6660049124960703,0.01439781972874251,24.530230029020924,0.010673712537036872,3.854583126167449,9.357265697191448,0.3995070567379897,0.8750478359483652,0.0,0.023378833739085978,0.009684664342244576,1176.0753328206613,0.0009973625032207885,19.198724086752527,1.0,0.08333333333333341,-0.5053603850115649,-0.15893401257612183,0.06339594093692359,-0.04420088479863033,0.08210720877911072,-0.003694969954110344,0.9913393052226255,-0.11029162015487212,0.2874060594275427,Banks—Regional,Financial Services,SMBK
2013Q2,2013,Q2,2013-08-14,2013-06-30,396031.0,4353759.0,1571596.0,0.24,4353759.0,1.0,435334089.0,40234275.0,1152927.0,93464.0,395099814.0,0.0,-3146410.0,13159469.999999998,16198607.999999998,24.581808461890944,12.33551955833262,0.07290952122060904,0.7888796306134509,0.013262474261076596,24.581808461890944,0.009843125046990408,3.022553614014923,8.307095909158626,0.3270711352447633,0.9468955713062867,0.0,0.02849658838843814,0.01000096043478001,1386.9643713087391,0.0009097174101612796,11.292570888193037,1.0,-0.1111111111111112,-0.6335592746559382,-0.1453661404164602,0.07678499671835153,0.08928176480419364,-0.12407327128600751,-0.06604553425885153,20.670537497846613,-0.1408536610932435,0.35763200427540964,Banks—Regional,Financial Services,SMBK
2013Q1,2013,Q1,2013-05-15,2013-03-31,452128.0,3996908.0,1682733.0,0.27,3996908.0,1.0,431709632.0,40886539.0,1323499.0,91268.0,390823093.0,0.0,-3149596.0,14403400.000000002,10242213.0,24.980320146632046,14.501238111934084,0.07352163965616593,0.7762946137358312,0.014528779630788592,24.980320146632046,0.011058113771870003,3.603635610326783,7.964226944582067,0.3522773106327244,0.6831981208861208,0.0,0.021445839176861017,0.009258324817733045,1406.3035784721917,0.0010472965310164774,18.80415525954706,1.0,0.1739130434782609,-0.556471449503178,-0.20169479755689365,0.10748789687578346,-0.07781551917389565,0.21961075219508247,0.046320229766844356,0.305698691744276,-0.17756678750691457,0.420185652919544,Banks—Regional,Financial Services,SMBK
2012Q4,2012,Q4,2013-03-28,2012-12-31,370715.0,4334174.0,1608239.0,0.23,4334174.0,1.0,443446400.0,40888836.0,1213778.0,120558.0,402557564.0,0.0,-3274986.0,14885000.0,-7335238.0,25.162360615384614,10.06800046450671,0.08383200314626525,0.909172371646872,0.014497153189051808,25.162360615384614,0.009066411183727509,3.4343337392545847,10.038034608796515,0.36403579695934607,0.7553808181487126,0.0,0.01881296607322808,0.009773839634282746,1133.9410242372965,0.0008359860402519898,11.226015092711725,1.0,0.0454545454545455,1.1280019049798575,-0.1819434929584251,0.1286671857009959,0.13413588412077251,0.01775997540123982,-0.04891054937360433,1.125038577579301,0.3494473839394188,0.46884119786852807,Banks—Regional,Financial Services,SMBK
2012Q3,2012,Q3,2012-11-14,2012-09-30,364246.0,3821565.0,1690944.0,0.22,3821565.0,1.0,425179481.0,38127784.0,1351479.0,136081.0,387051697.0,0.0,-3347825.0,12675000.0,15018467.0,23.463251692307693,9.931430545043026,0.08743366427882723,0.9750107690496778,0.01577341373862084,23.463251692307693,0.009553295832771189,3.3167040204732876,8.699477825425674,0.33243474102769777,0.7298776101865223,0.0,0.020974753451676532,0.008988121889165201,265.8931959641684,0.0008566876255253719,26.53927813163482,1.0,0.15789473684210525,-0.32810248165242084,-0.3088413708763153,-0.046876356908949555,-0.007938176765977596,0.1727739588196468,0.02729499591741514,1.2100739998537158,-0.020645188865332988,0.19386083198483028,Banks—Regional,Financial Services,SMBK
2012Q2,2012,Q2,2012-08-13,2012-06-30,310585.0,3852144.0,1646016.0,0.19,3852144.0,1.0,420873826.0,36759157.0,1246603.0,114503.0,384114669.0,0.0,-3429846.0,11375000.0,12105895.0,22.62101969230769,10.887077194483988,0.08936169862936547,1.0231464230803768,0.016031792635573635,22.62101969230769,0.008449187232449319,2.952901033813897,9.156108633707358,0.3094467046673568,0.8129594152969396,0.0,0.02219718681318681,0.009152728827570285,332.96689169716075,0.000737952756415886,6.72276555958232,1.0,-0.13636363636363635,-0.7951598639135758,-0.3044192527831982,-0.0702584057696906,0.07612338528162957,-0.12883537110432322,-0.09524314691822254,1.510966519524878,-0.12522782376833072,0.11484481929266253,Banks—Regional,Financial Services,SMBK
2012Q1,2012,Q1,2012-05-09,2012-03-31,356517.0,3579649.0,1819291.0,0.22,3579649.0,1.0,417475308.0,35889943.0,1334003.0,110398.0,381585365.0,0.0,-3472697.0,16250990.0,23976113.0,22.084773296888375,12.08357941267052,0.10206591667452582,1.187240670736089,0.016344713335255875,22.084773296888375,0.009933618451274776,4.539827787584761,11.395662759419606,0.45280066340590175,0.5260282118384256,0.0,0.011540096941786315,0.008574516699320574,328.0755086142865,0.0008539834408601718,12.045836619484454,1.0,2.170028818443804,-0.7775825228951272,-0.3024477239901137,-0.06556348847773513,-0.07494458814071214,2.159995390969846,0.23421421826154915,1.1224510368825233,-0.1590273645020871,0.0647586881973824,Banks—Regional,Financial Services,SMBK
2011Q4,2011,Q4,2012-03-29,2011-12-31,112822.0,3869659.0,1474048.0,0.0694,3869659.0,1.0,422655382.0,35208305.0,1327458.0,110703.0,387447077.0,0.0,-3627208.0,9750594.0,13912903.0,21.665329312244978,11.991165551069077,0.10184420176151927,1.2225808655088621,0.03082388368279198,21.665329312244978,0.0032044144130198827,2.519755358288676,21.606145078087607,0.2769401707920901,8.863519526333516e-06,0.0,1.0255785442404843e-07,0.009155589079899615,363.22546814449476,0.0002669361489403677,-25.5432361701626,1.0,-0.783125,-0.9196462471987233,-0.2846480087183945,-0.04980631992884695,-0.014742733532914313,-0.7845543359533139,-0.3437010936326386,1.2585842531402571,-0.21335204429184945,-0.03542996895439649,Banks—Regional,Financial Services,SMBK
2011Q3,2011,Q3,2011-11-14,2011-09-30,523668.0,3927562.0,2246001.0,0.32,3927562.0,1.0,426364798.0,32447427.0,1337407.0,90706.0,393917371.0,0.0,-3725732.0,6695407.88,16806055.88,19.96643096820563,14.744416025400746,0.10095814711232329,1.3266074995715378,0.02117419663511141,19.96643096820563,0.016138968430378164,1.7047236631783278,3.1963991880351674,0.20634634234634383,0.40309509078270966,0.0,0.031527280157276995,0.00921174078728704,377.83342888011816,0.0012282158434665142,6.231445598000847,1.0,2.555555555555556,-0.30325411839151495,0.5629333259237372,0.8110296583734253,0.0376597845347672,2.706413187342077,0.2453920238387667,-0.391237368841312,-0.2004886431605231,-0.1344466961187075,Banks—Regional,Financial Services,SMBK
2011Q2,2011,Q2,2011-08-12,2011-06-30,141287.0,3785019.0,1803449.0,0.09,3785019.0,1.0,441209710.0,28859622.0,1297606.0,180223.0,412350088.0,0.0,-4024893.0,7150435.600000001,25726298.6,17.75868547085439,7.200002219472542,0.10987972136877949,1.6798556821014496,0.029256296737955403,17.75868547085439,0.004895663567596277,1.8891412698324634,12.652323993007142,0.24776608647195728,0.0,0.0,0.0,0.008578730055600997,173.12852965492752,0.00032022640662192136,3.612648450596632,1.0,-0.43750000000000006,-0.8016443745361104,0.43590885824476083,0.6864502806248605,0.014066654789063139,-0.43994846893271233,-0.12310137691807245,-0.8683322900958561,-0.25168181318907906,-0.2220960428480529,Banks—Regional,Financial Services,SMBK
2011Q1,2011,Q1,2011-05-16,2011-03-31,252275.0,3732515.0,2056622.0,0.16,3732515.0,1.0,447540002.0,27289576.0,1430772.0,211452.0,420250426.0,0.0,-4064855.0,9750594.0,21799963.0,16.792562176212034,6.766415072924351,0.11949769799572017,1.959722642814238,0.021348074083697835,16.792562176212034,0.009244372283394949,2.612338865349503,9.662663759785948,0.35730104417892017,0.0,0.0,0.0,0.008340070124055637,202.70039063238937,0.0005636926283072234,223.17168295529973,1.0,1.0492307692307692,-0.6211297318092444,0.5863668061376989,0.644192289167304,-0.18685611844468694,1.0477510671708123,1.4061536577827676,-0.7507489944350735,-0.24915741556920598,-0.25551156836569616,Banks—Regional,Financial Services,SMBK
2010Q4,2010,Q4,2011-03-31,2010-12-31,-5283128.0,4590227.0,-5063655.0,-3.25,4590227.0,1.0,441499414.0,25819153.0,1326480.0,176761.0,415680261.0,0.0,-4317130.0,12350752.399999999,44083800.4,15.887741608357398,7.504370307929917,0.12392994931585571,2.1191632428840714,-0.047574573066812544,15.887741608357398,-0.2046205001380177,2.6906626622169227,-0.584443174573851,0.47835621873420864,-0.006523218820365511,0.0,0.002790356318696827,0.010396903946966508,137.5214668394046,-0.011966330718617897,15.955086132838991,1.0,-26.0,-9.013271495215808,0.8552869025373606,0.6184067235909211,-0.011553059748770316,-25.72517947901944,-3.059266925854833,-0.8240676840812471,-0.13366738161260222,-0.287349351583273,Banks—Regional,Financial Services,SMBK
2010Q3,2010,Q3,2010-11-12,2010-09-30,213674.0,4643878.0,2458960.0,0.13,4643878.0,1.0,483351438.0,30964630.0,1456314.0,370922.0,452386808.0,0.0,1000461.0,10075613.8,18619962.799999997,19.053996095007136,3.9262001175449286,0.12778486861561794,1.9946952377599863,0.02002334124069601,19.053996095007136,0.006900583020045775,2.1696551459792874,11.788535104879397,0.32539106070377716,0.0,0.0,0.0,0.009607663565076639,147.40825564404375,0.00044206757899414796,1.6148317952630213,1.0,12.0,-0.6716664579859657,1.0481891443029598,0.9493019863111054,-0.07703318395347043,10.775916230366493,-0.006014940335672477,-0.6058754678898276,-0.16017107596780536,-0.22598903120193778,Banks—Regional,Financial Services,SMBK
2010Q2,2010,Q2,2010-08-16,2010-06-30,18145.0,5031468.0,2473840.0,0.01,5031468.0,1.0,523426322.0,29424669.0,1662436.0,374582.0,494001653.0,0.0,786787.0,13975851.399999999,37535305.4,18.106385518666862,4.438109679589516,0.1284803556363755,2.285497247224769,-0.012564766775131197,18.106385518666862,0.0006166594431359618,2.77768861890804,192.55788647010195,0.47497055616836337,0.0,0.0,0.0,0.009612562052238557,121.07624498774634,3.466581491482578e-05,115.3598959966983,1.0,-0.9523809523809523,-0.9623646688048223,1.5808589983103793,0.9603831051927328,0.04279799517882913,-0.947220226477441,-0.1993656649999191,-0.9880335565377855,-0.09152433919583572,-0.25581339980007933,Banks—Regional,Financial Services,SMBK
2010Q1,2010,Q1,2010-05-13,2010-03-31,343787.0,4824969.0,3089850.0,0.21,4824969.0,1.0,562064620.0,28582897.0,1981123.0,387987.0,533481723.0,0.0,768641.0,17550000.0,34781683.0,17.589475076923076,5.106158196022031,0.12863289633850286,2.5294846774978756,0.021336967965779073,17.589475076923076,0.012027717134480805,3.637329068849976,12.762262680089707,0.6140035420482396,0.0,0.0,0.0,0.008584367043063482,147.03956575864655,0.0006116503116670108,8.200700821144817,1.0,1.1153846153846154,-0.2200628405121667,1.63605008221018,0.989415184320298,0.5022566686613857,1.115956024089274,2.4661307358625395,-0.7855112220790095,-0.059719778535782905,-0.2557656123776648,Banks—Regional,Financial Services,SMBK
2009Q4,2009,Q4,2010-03-31,2009-12-31,-2964805.0,3211814.0,-2107486.0,-1.82,3211814.0,1.0,532404386.0,27837479.0,1520699.0,351360.0,504566907.0,0.0,424854.0,13650000.0,47797795.0,17.13075630769231,4.32803677140255,0.13589294510432526,2.5990140845728162,-0.012808322911058483,17.13075630769231,-0.10650407675206508,4.249934772063389,-1.1510031857069858,0.49034612652963294,-6.745806216597719e-07,0.0,1.465201465201465e-07,0.0060326587918079246,113.0547131147541,-0.005568708819765433,9.139984385023014,1.0,-0.7009345794392523,-8.87547203173685,0.8265377119270956,1.1389331292070741,-0.1602668163562934,-0.7444790813492624,-25.950293482013837,-3.1117133358214732,-0.4062222237103123,-0.24868271588152555,Banks—Regional,Financial Services,SMBK
2009Q3,2009,Q3,2009-11-16,2009-09-30,-1699536.0,3824803.0,-78199.0,-1.07,3824803.0,1.0,509499362.0,31303705.0,1712276.0,753525.0,478195657.0,0.0,3885474.0,16883680.0,15945514.0,19.653255273731794,2.2723546000464485,0.14200214052476084,2.311228015980856,-0.00045081025026753733,19.653255273731794,-0.05429184820135508,4.41426133581259,-2.48357198670696,0.5393508531977285,-0.12349782528878471,0.0,0.012431472285662841,0.007506982903739141,99.53278524269268,-0.0033356979944559775,6.61339241262961,1.0,-1.891891891891892,-4.857656685499801,0.9995317986605412,1.6848756990760216,-0.12417562362479903,-1.819407464179602,-1.0446621737392199,-3.3071047780730294,0.5529055763975677,0.7826234563898578,Banks—Regional,Financial Services,SMBK
2009Q2,2009,Q2,2009-08-14,2009-06-30,-602799.0,4367089.0,1750900.0,-0.37,4367089.0,1.0,464498773.0,32699086.0,1414384.0,651368.0,431799687.0,0.0,5904317.0,36338378.714088,74381656.714088,20.29073401144752,2.1714054113803565,0.15575929196265068,2.2126000708399007,0.00965913195129899,20.29073401144752,-0.018434735454073547,8.320961334675799,-15.070686378912374,1.111296466026237,-0.7338764662847815,0.0,0.012173905816785768,0.009401723435768904,54.84013031036219,-0.0012977407800386159,22.123768778698864,1.0,0.7932960893854748,-4.073125543444611,3.755213858220076,4.8294901751012755,0.025968430323785468,0.7929595126640776,1.9261502427382182,-1.853408194443669,0.6706782587091491,0.9269058018878092,Banks—Regional,Financial Services,SMBK
2009Q1,2009,Q1,2009-05-15,2009-03-31,-2911503.0,4256553.0,-1890514.0,-1.79,4256553.0,1.0,481544595.0,33707073.0,1870555.0,665073.0,447837522.0,0.0,6702797.0,30207686.558891997,67646175.558892,20.741576041307074,2.8125559149146033,0.1502456901213895,2.146433776673519,-0.010900388825931199,20.741576041307074,-0.08637661893692164,7.096748603598263,-2.593822379617331,0.8961824290970621,-0.15194214122396577,0.0,0.014644616996324735,0.008839374471641613,55.30530633479332,-0.0060461752249550225,612.2848743086589,1.0,-5.62962962962963,-18.516095365214582,4.119038707686716,5.077342916033806,-0.13470080007415886,-5.673075777092224,-1.8508014485794353,-5.372542978917622,0.8090919120171994,1.0308478857743415,Banks—Regional,Financial Services,SMBK
2008Q4,2008,Q4,2009-03-20,2008-12-31,-436306.0,4919169.0,2222039.0,-0.27,4919169.0,1.0,471803175.0,36501509.0,1771091.0,469586.0,435301666.0,0.0,10056680.0,33457880.558891997,93835490.558892,22.46112632045964,3.7716009421064514,0.15101636397423565,1.9519740950983697,0.011902240685099371,22.46112632045964,-0.011953094870680551,6.801531022595889,-19.1711095875899,0.9166163667067023,-0.4150504462464417,0.0,0.005412446842867114,0.010426316016207395,26.92474009020712,-0.0009247627466686717,17.546897688651324,1.0,-1.5192307692307692,-3.812902848269973,5.220392078894969,5.798969977957195,0.0013683608189564182,-1.5072051670743163,-0.4889713348308219,-1.6617751331781985,0.9882417686479521,1.2880053535950708,Banks—Regional,Financial Services,SMBK
2008Q3,2008,Q3,2008-11-07,2008-09-30,860216.0,4912447.0,4348169.0,0.52,4912447.0,1.0,457607152.0,37487451.0,1885722.0,246862.0,420119701.0,0.0,10935367.0,37281634.668975,99572733.668975,23.06782364375788,7.638769839019371,0.15777725432053563,1.9259778425585672,0.02580592307678275,23.06782364375788,0.022946772241196126,7.589218706883759,10.834963157211389,0.9945097272411241,0.8180189626791411,0.0,0.01887452109458017,0.010735074787467483,47.77820401681911,0.0018798132770442364,16.592586923218146,1.0,-0.1875,4.511097992962563,5.268880415679758,6.141131785987888,-0.02878216569777787,-0.19834938717084663,-0.11180034015008929,0.3218178803790264,1.166644558741111,1.3599330148091267,Banks—Regional,Financial Services,SMBK
2008Q2,2008,Q2,2008-08-08,2008-06-30,1073056.0,5058028.0,4895486.0,0.64,5058028.0,1.0,454200659.0,37099164.0,1795990.0,293401.0,417101495.0,0.0,10517531.0,46203740.593278006,99615182.593278,22.82889205998165,6.121281113561303,0.14630097663508673,1.7911454824157225,0.03034070861382827,22.82889205998165,0.028923994082454257,9.1347340491745,10.764522213490721,1.2454119072138121,0.4122599379715504,0.0,0.009574506183258242,0.01113610889763152,50.560659302456365,0.0023625152864430346,47.41768063522028,1.0,0.06666666666666674,5.751847602015092,5.95832434037298,6.241455084725726,0.014752550609951582,0.05734491195328612,-0.028816392507293568,1.2256747121739904,1.5944859717042121,1.4716901260341473,Banks—Regional,Financial Services,SMBK
2008Q1,2008,Q1,2008-05-09,2008-03-31,1014859.0,4984494.0,5040742.0,0.6,4984494.0,1.0,452731767.0,36754223.0,2075764.0,429546.0,415977544.0,0.0,9886855.0,57191445.666126005,106238947.66612601,22.555840309498077,4.8324603185689075,0.13495849960977005,1.6623940057173838,0.033279857982396854,22.555840309498077,0.027612037941871333,11.473871904776294,14.088520096418813,1.5560510057885324,0.43935364420082,0.0,0.007796305807742364,0.011009817210374813,32.891150191132034,0.0022416341727573095,-30.133717648104614,1.0,1.3370786516853932,6.765063075158565,6.254846115171455,6.296077952706737,-0.061783278358479216,1.3494516634316376,8.402274983406073,1.2960481972249212,1.7157221708814903,1.551123953988338,Banks—Regional,Financial Services,SMBK
2007Q4,2007,Q4,2008-03-17,2007-12-31,-2904147.0,5312732.0,-680972.0,-1.78,5312732.0,1.0,444421253.0,36327350.0,2407977.0,216086.0,408093903.0,0.0,9317878.0,69652154.053746,101818805.053746,22.29387097823412,11.143604861027553,0.10598053014354829,1.2965437886330822,-0.005036107812142101,22.29387097823412,-0.0799438164358259,13.110421164430278,-5.995921870840732,1.9173475096241812,-0.1120993530974844,0.0,0.0046739832302787375,0.01195427078281515,80.25196449561749,-0.0065346717340720875,12.657804972563671,1.0,-6.5625,-1.0018957702342688,-0.9984485836171225,-0.9981834382698697,-0.06873480022451056,-6.192133172189882,-1.1638697766466581,-8.693149729052106,2.0130150127898743,1.7835956776876691,Banks—Regional,Financial Services,SMBK
2007Q3,2007,Q3,2007-11-14,2007-09-30,559336.0,5704854.0,4155568.0,0.32,5704854.0,1.0,435301694.0,41273694.0,2433842.0,482371.0,394028000.0,0.0,12678465.0,81529711.621407,109877833.621407,24.617217149513397,5.0455810983661955,0.09648480715537947,1.0175973102867895,0.0753642526492874,24.617217149513397,0.013551876408251706,14.291288019186293,36.44040059168684,1.9753432203428896,0.5830770771057111,0.0,0.004000210395867112,0.013105517572371312,33.3471954159765,0.0012849387165490792,28.513312655509495,1.0,-0.6363636363636365,-0.9994530987992223,-0.9982897553597769,-0.9979612246167233,-0.001458031108397699,-0.642411041646555,-0.299912412566295,0.20612645210894553,1.833287474856255,2.363013769629622,Banks—Regional,Financial Services,SMBK
2007Q2,2007,Q2,2007-08-14,2007-06-30,1564187.0,5713184.0,5935783.0,0.88,5713184.0,1.0,424757784.0,40787448.0,2264379.0,268489.0,383970336.0,0.0,12445155.0,95324474.914228,129486918.914228,24.33043743840954,8.433786859051954,0.12477699525807866,1.2994193703906163,0.04013701540959547,24.33043743840954,0.038349714843645036,16.684999977985658,15.235466557743417,2.337103191997401,0.2085019246420025,0.0,0.003421324904159754,0.01345045156370813,78.59515659859436,0.0036825387524858167,115.61572905834124,1.0,-0.053763440860215096,-0.997667332824939,-0.9982393531615483,-0.9979722186581381,0.08037480026096083,-0.05302773921661338,0.025310160752953403,6.66580365058136,4.980224139104364,5.990089462663375,Banks—Regional,Financial Services,SMBK
2007Q1,2007,Q1,2007-05-15,2007-03-31,1651777.0,5288150.0,5789256.0,0.93,5288150.0,1.0,394722955.0,39578839.0,2241187.0,311732.0,355144116.0,0.0,11207054.0,96866082.212224,124746832.212224,23.634321887648287,7.18946723467594,0.0994368315873598,0.9916915450703342,0.04665330891197734,23.634321887648287,0.04173384166220742,18.31757461725254,14.660889789030845,2.447421012329947,0.19721306205377603,0.0,0.003362910861681281,0.013397117986208833,43.66069893369946,0.004184648952073234,47.047195394960355,1.0,0.08139534883720938,-0.9941979391033443,-0.9982774959930494,-0.9979232821009173,-0.05133958603843975,0.14162561235886717,0.1671174119806794,8.643415020809506,5.171539569542045,5.924925975399055,Banks—Regional,Financial Services,SMBK
