Quarters,Year,Quarter,FillingDate,Date,NetIncome,Revenue,OperatingIncome,EPSDiluted,GrossProfit,GrossProfitRatio,TotalAssets,CommonStockEquity,CurrentAssets,CurrentLiability,TotalLiability,Inventory,RetainedEarnings,MarketCap,EnterpriseValue,bookValuePerShare,currentRatio,debtToAssets,debtToEquity,roic,shareholdersEquityPerShare,roe,priceToSalesRatio,peRatio,pbRatio,payoutRatio,inventoryTurnover,dividendYield,assetTurnover,quickRatio,returnOnAssets,priceToFreeCashFlowsRatio,grossProfitMargin,epsdilutedGrowth,fiveYNetIncomeGrowthPerShare,fiveYRevenueGrowthPerShare,fiveYShareholdersEquityGrowthPerShare,grossProfitGrowth,netIncomeGrowth,operatingIncomeGrowth,threeYNetIncomeGrowthPerShare,threeYRevenueGrowthPerShare,threeYShareholdersEquityGrowthPerShare,Industry,Sector,Symbol
2023Q1,2023,Q1,2023-05-09,2023-03-31,-4790000.0,622444000.0,16233000.0,-0.0165,208546000.0,0.3350437951,3900933000.0,487094000.0,973117000.0,1250185000.0,2949483000.0,0.0,30324000.0,928976580.0,2380645580.0,3.890558231295777,0.7783783999968005,0.407645555563246,3.2646634941099664,0.013287332042005277,3.890558231295777,-0.009833830841685588,1.4924661174338576,-48.48520772442589,1.9071813243439664,0.0,0.0,0.0,0.15956285329689077,0.7160436255434196,-0.0012279113740225735,-9.749657126664777,0.3350437951044592,0.925,-16.867437584498223,-0.20203183109688871,1.9571913956540041,-0.27682107263484224,0.818841950001891,-0.7778948376592281,-3.7615839865287404,0.09822635263426117,2.325455826800708,Advertising Agencies,Communication Services,STGW
2022Q4,2022,Q4,2023-03-06,2022-12-31,-26441000.0,708185000.0,73087000.0,-0.22,288374000.0,0.4072015081,3993332000.0,482537000.0,1030955000.0,1349802000.0,3009587000.0,0.0,29445000.0,763376670.0,2097892670.0,3.9253947464755505,0.7637823917878326,0.389425422178772,3.2227684094691185,0.020571560256691726,3.9253947464755505,-0.05479579804242991,1.0779339720553245,-7.217736375326198,1.5820064989834977,0.0,0.0,0.0,0.17734187891214656,0.7108538881998989,-0.006621287686573518,2.860106292501077,0.4072015080805157,-1.7857142857142856,-1.1741034141254072,0.08464847628891396,2.285235077743918,0.16912960102490504,-1.754142779726762,-0.23397721436731614,-1.1741034141254072,0.08464847628891396,2.285235077743918,Advertising Agencies,Communication Services,STGW
2022Q3,2022,Q3,2022-11-07,2022-09-30,35061000.0,663791000.0,95411000.0,0.28,246657000.0,0.3715883463,3969348000.0,290417000.0,1019719000.0,1182769000.0,3078638000.0,0.0,6573000.0,871418800.0,2417122800.0,2.3162205704077077,0.8621455246121601,0.4310418234934302,5.89137343888271,0.03012092437179547,2.3162205704077077,0.1207264037573558,1.3127909236491606,6.213590599241322,3.000577789867673,0.0,0.0,0.0,0.16722922757087563,0.8019063739411499,0.008832936794657461,5.3921093991708435,0.3715883463319027,2.3573141486810556,12.478168225894981,0.11029247806562113,1.777466286814927,-0.006424923062049852,0.4189566554696669,0.9740751469006041,12.478168225894981,0.11029247806562113,1.777466286814927,Advertising Agencies,Communication Services,STGW
2022Q2,2022,Q2,2022-08-05,2022-06-30,24709000.0,672913000.0,48332000.0,0.0834,248252000.0,0.368921391,4025018000.0,344299000.0,993163000.0,1135388000.0,3117937000.0,0.0,10268000.0,686487750.0,2371107750.0,2.7233458572276055,0.8747344520111187,0.44174262077834187,5.164179971478279,0.015736206682830083,2.7233458572276055,0.07176611027043354,1.0201731130175817,6.945725747703266,1.9938708796714482,0.0,0.0,0.0,0.1671826063883441,0.8102181809214118,0.006138854534315126,-10.304065412845414,0.3689213910267746,-0.2418181818181818,2.2763434707052883,0.057026707914629444,1.9227927286644073,0.07499577799621535,-0.2418691703485518,-0.11577021587998536,2.2763434707052883,0.057026707914629444,1.9227927286644073,Advertising Agencies,Communication Services,STGW
2022Q1,2022,Q1,2022-05-10,2022-03-31,32592000.0,642903000.0,54660000.0,0.11,230933000.0,0.3592034879,4051833000.0,369480000.0,1022378000.0,1248399000.0,3109755000.0,0.0,6668000.0,885343400.0,2381755400.0,3.0214662468822833,0.8189513128414874,0.402673308598849,4.415841182202014,0.02065421044984193,3.0214662468822833,0.0882104579408899,1.3771026111248508,6.791109781541483,2.3961876150265238,0.0,0.0,0.0,0.15866966876472943,0.7636733127790074,0.008043766858110885,-16.06356527261181,0.35920348792897216,1.335456475583864,125.47021625167669,-0.15616330497562136,1.7433692858033583,-0.1250118403952608,5.652786282914881,0.7228228322879566,125.47021625167669,-0.15616330497562136,1.7433692858033583,Advertising Agencies,Communication Services,STGW
2021Q4,2021,Q4,2022-03-17,2021-12-31,4899000.0,611927000.0,31727000.0,0.0471,263927000.0,0.4313047145,4055580000.0,370753000.0,1005841000.0,1294182000.0,3176540000.0,0.0,-6982000.0,863664234.84,2286241234.84,3.7218497424470702,0.7772021245852593,0.3961421054448439,4.333305462127076,0.0034030241033707314,3.7218497424470702,0.013213648979239547,1.4113844214097433,44.073496368646666,2.3294868412123435,5.771381914676464,0.0,0.03273725929526069,0.15088520014399914,0.7294267730504674,0.0012079653218528546,5.028612721048035,0.4313047144512336,2.5700000000000003,-0.6632977959184746,-0.16972241569312274,1.3456758350993205,0.8605800411696698,3.365523901496861,2.6159213609045535,1.4970856274568707,0.15654716306563946,2.218591288781849,Advertising Agencies,Communication Services,STGW
2021Q3,2021,Q3,2021-11-09,2021-09-30,-2071000.0,466634000.0,-19634000.0,-0.03,141852000.0,0.3039898507181217,3943621000.0,385980000.0,901086000.0,1070577000.0,2902391000.0,0.0,-6153000.0,583731539.6899999,2136199539.69,5.071623509622597,0.8416825693060844,0.4229506334406881,4.321356028809783,-0.004850749196828863,5.071623509622597,-0.0053655629825379554,1.250940865196278,-70.46493719097055,1.5123362342349342,-80.98261709319169,0.0,0.28731529581058396,0.11832627932552342,0.7679989388899631,-0.0005251518845244003,-22.936406274656186,0.3039898507181217,-1.1341615573473578,0.9575994022716774,-0.0828076495212013,1.4579513166428342,0.6214251423084837,-1.119400403574517,-1.8036510990135484,-0.1169988110303705,0.2858986556842285,2.702349227239402,Advertising Agencies,Communication Services,STGW
2021Q2,2021,Q2,2021-08-05,2021-06-30,17345000.0,209560000.0,24431000.0,0.223611,87486000.0,0.41747470891391486,1587178000.0,-448067000.0,583226000.0,720466000.0,1994870000.0,0.0,-698635000.0,453770623.79999995,1553773623.8,-5.776469018750967,0.8095121768411001,0.7612775630710608,-2.6966569731758865,0.02004470099123364,-5.776469018750967,-0.03871072852943868,2.165349416873449,6.540366442778899,-1.0127293993978579,,0.0,,0.13203308009561623,0.766051416721955,0.010928200869719717,0.0,0.41747470891391486,2.973681872301104,8.59312729948288,-0.5966316307516132,0.5026020003719376,0.26346345478965383,2.9736540664375717,3.0616791354945967,2.748530166250765,-0.4634775695017606,-0.9573289208610116,Advertising Agencies,Communication Services,STGW
2021Q1,2021,Q1,2021-05-10,2021-03-31,4365000.0,181242000.0,6015000.0,0.056273,69243000.0,0.38204720760088723,1560713000.0,-445619000.0,545521000.0,715890000.0,1966296000.0,0.0,-704741000.0,242010999.36,1276124999.3600001,-5.744909461457298,0.762017907779128,0.5541377562690898,-1.9407834944201212,0.012516135340062209,-5.744909461457298,-0.009795363303629333,1.3352920369450791,13.860881979381443,-0.5430894987870805,5.932187857961054,0.0,0.10699513686765018,0.11612769291983856,0.7177555210996103,0.002796798642671651,98.37845502439025,0.38204720760088723,1.0176461290258463,1.1208009863899286,-0.6219467295740906,0.5259295676138215,-0.39545827585604776,-0.7715377368365959,-0.8451856999459502,27.280362859049298,-0.6249713231491593,-0.4134161676553887,Advertising Agencies,Communication Services,STGW
2020Q4,2020,Q4,2021-03-16,2020-12-31,19106000.0,313062000.0,38853000.0,-3.1889713555634147,114538000.0,0.36586363084628604,1013855000.0,358756000.0,365686000.0,336958000.0,615312000.0,0.0,0.0,183751123.69,362997123.69,4.9005281813632,1.0852569162922383,0.26749683140094,0.7559539073910959,0.05107081981513308,4.9005281813632,0.053256252160242615,0.5869480284735931,2.4043641223961054,0.5121896879494697,0.8848005862032869,0.0,0.09199943739402555,0.3087838004448368,0.9756497842461078,0.01884490385706043,4.607716434464255,0.36586363084628604,-14.890458034512651,1.4973259022617802,-0.4048077064085522,1.4325170638865643,0.4482715019093139,0.07288858939802335,0.46914467216214173,3.637928962157363,-0.19487438680047073,2.6045088774359835,Advertising Agencies,Communication Services,STGW
2020Q3,2020,Q3,2020-10-29,2020-09-30,17808000.0,228097000.0,26446000.0,0.22958,79086000.0,0.34672091259420335,1706132000.0,-210742000.0,530180000.0,688517000.0,1876481000.0,0.0,-476293000.0,124883881.08000001,1245375881.08,-2.7168808101235222,0.7700318220174666,0.5043115069642912,-4.0828216492203735,0.03627965942942691,-2.7168808101235222,-0.08450142828672025,0.5475033914518823,1.7531991391509434,-0.5925913253172125,0.0,0.0,0.0,0.13369246928139206,0.6718715732509146,0.010437644918447108,5.336233862325344,0.34672091259420335,5.339148349052146,2.3319021841074337,-0.5530549061767239,0.7431898094968729,-0.15907109286944687,30.929411764705883,268.85714285714283,10.42377792708499,-0.3832811529368081,0.08804745879894549,Advertising Agencies,Communication Services,STGW
2020Q2,2020,Q2,2020-08-10,2020-06-30,-595000.0,259677000.0,98000.0,-0.052909,94046000.0,0.3621653053601205,1705452000.0,-224761000.0,530533000.0,624149000.0,1890055000.0,0.0,-480368000.0,161340666.24,1304330666.24,-2.8976134219290555,0.8500101738527178,0.5409340163194274,-4.10452436143281,-0.00010046207042046118,-2.8976134219290555,0.00264725641904067,0.6213128857773311,-67.79019589915967,-0.7178321249682996,0.0,0.0,0.0,0.15226286052026092,0.7437566991215239,-0.00034888111773301154,-10.167674958406858,0.3621653053601205,-4.819030753588235,-1.0129383293452177,-0.5041191943900625,0.713318827486879,-0.10474159677864615,-1.5932203389830508,-0.9966768396066463,-1.1285889564092941,-0.33516637151893824,0.018157539873184473,Advertising Agencies,Communication Services,STGW
2020Q1,2020,Q1,2020-05-11,2020-03-31,1003000.0,327742000.0,29490000.0,0.013854038737522197,105049000.0,0.32052346052687786,1870856000.0,-212506000.0,695865000.0,720479000.0,2043613000.0,0.0,-468508000.0,104976608.45,1157410608.45,-2.9352605742331925,0.9658366170283936,0.5421368614153094,-4.772853472372545,0.004314544871941435,-2.9352605742331925,-0.004719866733174593,0.3203025808410274,26.16565514705882,-0.493993621121286,0.0,0.0,0.0,0.17518291092419727,0.9038098265181914,0.0005361182260954344,-4.882632951162791,0.32052346052687786,1.1399397852274968,1.0214797655753298,-0.2547227246563771,0.6973587433049087,-0.1336164948453608,1.1409697821503866,0.6783336178931193,7.469996086179968,-0.2734028217506668,0.27783983720950894,Advertising Agencies,Communication Services,STGW
2019Q4,2019,Q4,2020-03-05,2019-12-31,-7115000.0,381975000.0,17571000.0,-0.099,121250000.0,0.3174291511224557,1839492000.0,-219647000.0,623082000.0,819645000.0,2018881000.0,0.0,-469593000.0,199926012.95999998,1248445012.96,-3.054223164657262,0.7601852021301905,0.4825408319253359,-4.0411660528029065,-0.017529483908286347,-3.054223164657262,0.03239288494721075,0.5234007800510504,-7.024807201686577,-0.9102150858422833,0.0,0.0,0.0,0.20765243882550183,0.716735903958421,-0.0038679157071626297,2.2830683570669983,0.3174291511224557,-3.1250000000000004,0.8163056156002496,-0.07837791262085766,0.6560889133036114,0.006566549614391619,-3.0610730593607305,-0.4397895743663319,-1.6773525233552224,-0.2821065920856397,0.7163316049593038,Advertising Agencies,Communication Services,STGW
2019Q3,2019,Q3,2019-11-06,2019-09-30,-1752000.0,342907000.0,31365000.0,-0.024,120459000.0,0.3512876669184356,1751729000.0,-214251000.0,513676000.0,708887000.0,1926024000.0,0.0,-462483000.0,202802646.23999998,1348832646.24,-2.9791910076212424,0.7246232474287158,0.5111401364023773,-4.179112349533958,0.028176147237762777,-2.9791910076212424,0.00817732472660571,0.5914217156255194,-28.938733767123285,-0.9465656927622275,0.0,0.0,0.0,0.19575345273155836,0.6739254634377553,-0.0010001547042950136,7.107403316744935,0.3512876669184356,-1.4029353230769233,0.7543499178116083,-0.27606572842130495,0.6144971825225048,-0.007595916988655555,-1.4083916083916084,0.33798310724340924,0.9620406062122748,-0.28673045389353846,0.7309886189536642,Advertising Agencies,Communication Services,STGW
2019Q2,2019,Q2,2019-08-07,2019-06-30,4290000.0,362130000.0,23442000.0,0.05956290904636881,121381000.0,0.3351862590782316,1798649000.0,-212238000.0,547236000.0,731856000.0,1970626000.0,0.0,-460726000.0,184823688.23999998,1351114688.24,-2.9511999527447585,0.7477372597888109,0.5082103289746915,-4.306919590271299,0.025832075508015657,-2.9511999527447585,-0.020213156927600145,0.5103793892800927,10.770611202797202,-0.870832217793232,0.013053613053613054,0.0,0.0003029914646399765,0.20133444602031858,0.6865025360180145,0.0023851235010277157,5.043488736560606,0.3351862590782316,30.781454523184404,-0.8205479906374852,-0.21475360684320907,0.5978571798552573,0.3245705929854427,38.9646017699115,0.49483484249457976,1.5591703611866117,-0.24817985918351923,0.745879195710621,Advertising Agencies,Communication Services,STGW
2019Q1,2019,Q1,2019-05-09,2019-03-31,-113000.0,328791000.0,15682000.0,-0.002,91638000.0,0.27871200854037975,1833119000.0,-214496000.0,568233000.0,729013000.0,2007392000.0,0.0,-465016000.0,117682240.15,1303098240.15,-4.064556209928674,0.779455236052032,0.5013586133797097,-4.284695285692973,0.005286571109681587,-4.064556209928674,0.0005268163508876623,0.3579241528813137,-260.35893838495576,-0.5486453833637923,0.0,0.0,0.0,0.17936151444614343,0.7018846028808814,-6.164357033013133e-05,-1.3876640821404147,0.27871200854037975,0.0,0.9880570969256223,0.050678905566438316,0.44363037579486625,0.0,0.0,0.0,0.9954033744877182,0.008064966125968123,0.6645924652379074,Advertising Agencies,Communication Services,STGW
2016Q4,2016,Q4,2017-03-01,2016-12-31,7708000.0,390442000.0,45460000.0,0.14584796961291233,130249000.0,0.3335937219868764,1577378000.0,-568193000.0,489582000.0,802821000.0,2079938000.0,0.0,-574932000.0,345658597.75,1254173597.75,-10.76687857390349,0.6098270971985038,0.5936661979563554,-1.6480949254918664,1.4161724211067248,-10.76687857390349,-0.013565813024799672,0.885300755938142,11.211033917682927,-0.6083471597678958,0.04385054488842761,0.0,0.0009778434623068767,0.2475259576334905,0.5597499318029797,0.0048865902782972755,6.3268037806128055,0.3335937219868764,1.2278874525201755,1.1134161886441152,0.3427086686864785,-8.202606043910105,0.1466085655178485,1.2298836862511184,1.4078389830508475,1.0732049217998825,0.14164222128534362,-0.543774643881831,Advertising Agencies,Communication Services,STGW
2016Q3,2016,Q3,2016-11-08,2016-09-30,-33530000.0,349254000.0,18880000.0,-0.64,113595000.0,0.3252503908330327,1642312000.0,-578590000.0,540845000.0,859998000.0,2154193000.0,0.0,-582640000.0,560064459.6800001,1489776459.68,-11.074590956090784,0.6288909974209242,0.5793338902717632,-1.644423512331703,0.049809473898413364,-11.074590956090784,0.05795122625693496,1.6036021339197262,-4.175845956456905,-0.9679815753469643,-0.3297047420220698,0.0,0.01973879936305263,0.2126599574258728,0.5601233956358038,-0.0204163398915675,7.6404029805055735,0.3252503908330327,-28.664339914748506,-0.43406949239609527,0.22724705457776742,-29.122448749733532,0.04974494510775145,-29.584825234441603,-0.21552333070179083,-0.42905484413896067,0.09228137436463218,-1.3685062599789952,Advertising Agencies,Communication Services,STGW
2016Q2,2016,Q2,2016-08-03,2016-06-30,1173000.0,337047000.0,24067000.0,0.02313447571755728,108212000.0,0.3210590807810187,1616153000.0,-584417000.0,545712000.0,813865000.0,2138866000.0,0.0,-549110000.0,920403275.852757,1892083275.852757,-11.613374044669293,0.6705190664299362,0.6111686207927096,-1.690132217235296,0.022764309656881417,-11.613374044669293,-0.0020071284716221467,2.730786139181648,196.16438104278708,-1.5749084572364547,9.28303495311168,0.0,0.011830683664083335,0.20854894307655278,0.6008858963095846,0.0007257976194085584,-51.944425523605,0.3210590807810187,1.04922228876076,-0.23315376348862343,0.21224066676917117,-10.786771631498528,0.10877494979302431,1.0503584767956038,1.8155124005615348,-0.8881579507556856,0.09479571596615284,-1.919936383671305,Advertising Agencies,Communication Services,STGW
2016Q1,2016,Q1,2016-05-04,2016-03-31,-23293000.0,309042000.0,8548000.0,-0.47,97596000.0,0.31580173568641157,1571555000.0,-605944000.0,491933000.0,765974000.0,2096764000.0,0.0,-550283000.0,1180060227.2,2055329227.2,-12.11826148393386,0.6422319817643941,0.5708416186515903,-1.4805147010284778,0.027007860205743677,-12.11826148393386,0.03844084601877401,3.8184461244749905,-12.66539547503542,-1.9474740688908547,-0.4566178680290216,0.0,0.00901309929344596,0.1966472697423889,0.5702530373093604,-0.014821625714658412,-8.791591995589528,0.31580173568641157,0.09615384615384624,-1.2688485425599099,0.2019991276587066,-9.850826583358806,-0.23563826037922042,0.11170009915338265,8.213502109704642,0.4943042328691442,0.08444785832003975,-1.9946553460329048,Advertising Agencies,Communication Services,STGW
2015Q4,2015,Q4,2016-02-26,2015-12-31,-26222000.0,359013000.0,-1185000.0,-0.52,127683000.0,0.3556500739527538,1590250000.0,-566152000.0,508745000.0,912624000.0,2077323000.0,0.0,-526990000.0,1085308493.831835,1765358493.831835,-11.330253972704421,0.5574530146040428,0.46628391762301524,-1.3097330752165497,-0.009007593650250863,-11.330253972704421,0.04631618363972926,3.023033967660879,-10.347308498892486,-1.9169913624465427,-0.4050415681488826,0.0,0.009786157632012127,0.22575884294922183,0.5111787548870071,-0.01648923125294765,6.483944067723528,0.3556500739527538,-2.0588235294117645,-2.9354810832994147,0.42401836528855386,-9.114857924308028,0.10557624036713135,-2.0476522547652256,-1.0501735964095182,0.003188922632437009,0.14169752074553768,-2.698883777274554,Advertising Agencies,Communication Services,STGW
2015Q3,2015,Q3,2015-11-03,2015-09-30,-8604000.0,328415000.0,23618000.0,-0.17,115490000.0,0.3516587244796979,1617201000.0,-528076000.0,527330000.0,853868000.0,2065264000.0,0.0,-500768000.0,919948323.01,1731376323.01,-10.579334117547173,0.6175778926016667,0.5114923871553382,-1.566414682735061,0.06455711089270764,-10.579334117547173,0.016293109325172892,2.8011763257159386,-26.730251133484426,-1.7420756160287534,-1.2246629474662947,0.0,0.01145390424271197,0.2030761791515093,0.575262218516211,-0.005320303413119334,-10.557978297659899,0.3516587244796979,-1.288135593220339,0.3250684929429868,0.5748935917796377,-8.667820942285273,0.03519056326413538,-1.2910690121786197,-0.469043658108898,0.4461542639513475,0.14425136467426203,-4.042645702387777,Advertising Agencies,Communication Services,STGW
2015Q2,2015,Q2,2015-08-07,2015-06-30,29560000.0,336606000.0,44482000.0,0.59,111564000.0,0.33143794228266876,1848647000.0,-503950000.0,742413000.0,1137088000.0,2270831000.0,0.0,-492164000.0,982228259.8593,1689672259.8593001,-10.107442342752506,0.6529072508020487,0.40153420312260807,-1.4729536660382974,0.16213188508548498,-10.107442342752506,-0.0586566127592023,2.918035506970464,8.307072563086097,-1.949058953982141,0.35585250338294994,0.0,0.010709323310965215,0.18208235536584325,0.4356417445263691,0.015990072739684752,5.324278705445547,0.33143794228266876,1.9076923076923076,5.258993390484372,0.6561733591340169,-6.716501284742073,0.21525440345086763,1.9211305350409773,7.5624639076034645,2.364949346699955,0.140565418132469,-4.084914371483995,Advertising Agencies,Communication Services,STGW
2015Q1,2015,Q1,2015-04-30,2015-03-31,-32091000.0,302222000.0,5195000.0,-0.65,91803000.0,0.3037601498236396,1640125000.0,-482564000.0,565720000.0,849680000.0,2039044000.0,0.0,-521724000.0,1410553144.3500001,2155272144.3500004,-9.698811742611959,0.6658035966481499,0.4648005487386632,-1.5797510796495386,0.015863293464104294,-9.698811742611959,0.06650102369841099,4.667274865330784,-10.988697332195944,-2.923038486812112,-0.3314324888598049,0.0,0.007540304342734423,0.18426766252572213,0.6082619339045288,-0.019566191601249904,-11.239288173495245,0.3037601498236396,-0.20370370370370366,-1.6244919076652669,0.8487237757032117,-5.924356678360317,-0.04566717950850347,-0.1992600620352031,-0.8144576592021143,-0.10032545531968821,0.1540758553737063,-4.197953969198148,Advertising Agencies,Communication Services,STGW
2014Q4,2014,Q4,2015-03-02,2014-12-31,-26759000.0,286334000.0,27999000.0,-0.54,96196000.0,0.3359573085976517,1648890000.0,-441235000.0,552242000.0,821504000.0,1997470000.0,0.0,-489633000.0,1128817340.396136,1752177340.396136,-8.880851135088848,0.6722328801807417,0.4506831868711679,-1.6841977630967624,-0.09530020993573192,-8.880851135088848,0.06064568767210217,3.9423098213838945,-10.546146533840353,-2.5583132353420197,-0.36040210770208153,0.0,0.00854345486632552,0.1736525784012275,0.6272203178560299,-0.016228493107484428,13.072126508588422,0.3359573085976517,-4.4,-0.2088815056875909,0.5958851514691259,-5.075152461560314,-0.12854101553653124,-4.436611133685494,0.3934010152284264,0.5817904732447139,0.04589691935513031,-6.590591253524721,Advertising Agencies,Communication Services,STGW
2014Q3,2014,Q3,2014-11-06,2014-09-30,-4922000.0,326890000.0,20094000.0,-0.1,110385000.0,0.33768240080761114,1707328000.0,-383548000.0,568622000.0,825091000.0,1979972000.0,0.0,-462874000.0,952409958.710532,1647322958.710532,-7.728065457771035,0.6891627711367595,0.4356503261236271,-1.9392566249856602,0.05163514856501054,-7.728065457771035,0.012832813624370353,2.9135487739316956,-48.37515027989293,-2.4831571503710927,-1.9142624949207638,0.0,0.00989279869853151,0.1914629174944709,0.6515257104973876,-0.002882867263935225,-197.47251891157617,0.33768240080761114,-1.3030303030303032,-114.51586136645795,1.01601314348959,-4.284346999222714,-0.060848924168559686,-1.2988463873709775,-0.2886827852313356,0.7783985737115339,0.20916771583457283,-20.624392957938007,Advertising Agencies,Communication Services,STGW
2014Q2,2014,Q2,2014-08-11,2014-06-30,16470000.0,317719000.0,28249000.0,0.33,117537000.0,0.36994010430600627,1685018000.0,-363603000.0,590294000.0,819214000.0,1937037000.0,0.0,-457952000.0,1064744872.3799999,1736621872.3799999,-7.3386861704568975,0.7205614161867351,0.44166649851811673,-2.046781792229437,0.06265009621480225,-7.3386861704568975,-0.04529665596818508,3.351215609957226,16.161883308743167,-2.9283170721363683,0.5408621736490589,0.0,0.008366323455578754,0.1885552557895524,0.6818255059117642,0.009774376297463885,15.585813838542046,0.36994010430600627,2.8333333333333335,172.19414533203928,0.9568425768394382,-4.158837248147782,0.16516317062532218,2.861858467103776,1.4764618216884369,9.936016637757143,0.16063818533437726,-7.1844254175611875,Advertising Agencies,Communication Services,STGW
2014Q1,2014,Q1,2014-04-29,2014-03-31,-8846000.0,292569000.0,11407000.0,-0.18,100876000.0,0.344793877683555,1570272000.0,-360441000.0,486930000.0,705645000.0,1820311000.0,0.0,-474422000.0,1125900736.24,1805627736.24,-7.305496262013884,0.690049529154178,0.44401479488903833,-1.934363737754584,0.03241545986565739,-7.305496262013884,0.024542158078575967,3.8483254761782693,-31.819487232647525,-3.123675542571461,-1.0992539000678272,0.0,0.008636640590958105,0.18631740233539157,0.6411084893962261,-0.005633418923600498,-26.605088405680664,0.344793877683555,0.9095477386934674,-18.74326508727337,0.9030486276477664,-4.284306065959465,-0.07149957659879976,0.906213886621219,1.1589936580946407,0.12675778834639462,0.15324787000789125,-6.335722504930706,Advertising Agencies,Communication Services,STGW
2013Q4,2013,Q4,2014-03-10,2013-12-31,-94321000.0,306361000.0,-71745000.0,-1.99,108644000.0,0.35462738403386856,1425227000.0,-329700000.0,500507000.0,690322000.0,1701839000.0,0.0,-465576000.0,1205933872.8600001,1769054872.8600001,-6.974384905577997,0.7250341145146758,0.4666821495803826,-2.0173733697300578,-0.2233530468163139,-6.974384905577997,0.28608128601759175,3.9363165444034984,-3.1963557236988582,-3.6576702240218384,-0.08005640313397865,0.0,0.006261537361158953,0.2149559333355318,0.688155672280472,-0.06617963313914205,-23.359493905278452,0.35462738403386856,-3.389709110080228,-18.09578393398855,0.8793816468917737,-3.230470929065857,0.08984030174143327,-3.4491037735849055,-59.04611650485437,-8.358882695580569,0.28445608210128176,-5.995134509301292,Advertising Agencies,Communication Services,STGW
2013Q3,2013,Q3,2013-11-05,2013-09-30,-21200000.0,288907000.0,1236000.0,-0.453333,99688000.0,0.345052214034274,1365687000.0,-220723000.0,487564000.0,698659000.0,1544407000.0,0.0,-371255000.0,880543670.1504661,1368504670.150466,-4.675770186137907,0.6978568944220285,0.40365984299477115,-2.4975784127616967,0.0058763437461607,-4.675770186137907,0.096047987749351,3.0478447048720385,-10.38376969517059,-3.989360737895308,-0.2518867924528302,0.0,0.006064435167749838,0.21154700894128742,0.6654677031284217,-0.01552332269399943,18.76891548865962,0.345052214034274,-3.344829904879146,-6.563988255250002,0.7176084858758122,-2.5128620784741673,0.023049608998173272,-3.1597392013039935,-0.9533126841429327,-0.7584856372812188,0.46497414377146656,-4.388962684817245,Advertising Agencies,Communication Services,STGW
2013Q2,2013,Q2,2013-08-02,2013-06-30,9816000.0,288137000.0,26474000.0,0.193333,97442000.0,0.33817940771230354,1389443000.0,-187323000.0,495239000.0,699767000.0,1534540000.0,0.0,-350055000.0,587787932.16,1062389932.16,-3.977269542450621,0.7077198553232719,0.3972368783750035,-2.9464507828723647,0.0631486654796164,-3.977269542450621,-0.05240146698483368,2.039959922398026,14.970149046454768,-3.137831084063356,0.9113691931540342,0.0,0.015219774872078923,0.207375905308818,0.674487365080091,0.007064701466702844,7.316528276634676,0.33817940771230354,1.2101445652173914,2.8757294720516997,0.5556939232905155,-2.3118580774210233,0.10720738123103844,1.227443347699152,1.5504816955684009,2.497190914570537,0.5008008548859052,-3.2494381543998894,Advertising Agencies,Communication Services,STGW
2013Q1,2013,Q1,2013-05-08,2013-03-31,-43158000.0,267014000.0,10380000.0,-0.92,88007000.0,0.3295969499726606,1418509000.0,-189588000.0,521451000.0,687359000.0,1550086000.0,0.0,-359871000.0,495994231.163613,976515231.1636131,-4.046629773268308,0.7586297698873514,0.38905710150587697,-2.9109490052113003,0.021215232572098997,-4.046629773268308,0.2276409899360719,1.8575588964009866,-2.8731303070323753,-2.6161689092327203,-0.004865841790629779,0.0,0.00042339202112761574,0.18823567562842394,0.7242285326881586,-0.030424903895569223,-13.824852444842461,0.3295969499726606,-0.746834337446622,-9.78754774920024,0.5802571786193808,-2.2930523055923158,-0.12376789661283578,-0.7581065667264135,2.8236120871398454,-2.748368812174072,0.7345986402500455,-3.0545865697439543,Advertising Agencies,Communication Services,STGW
2012Q4,2012,Q4,2013-03-07,2012-12-31,-24548000.0,293442000.0,-5692000.0,-0.526667,100438000.0,0.3422754752216792,1344945000.0,-142832000.0,462151000.0,688833000.0,1429755000.0,0.0,-316713000.0,351272153.590317,722645153.590317,-3.0631549015721937,0.6709187858305279,0.3209818988880586,-3.0224529517195027,-0.023715658517873106,-3.0631549015721937,0.17186624845972892,1.1970752434563459,-3.577400944988563,-2.4593379186058937,-0.3544484275704742,0.0,0.024769967989400708,0.218181412622821,0.6463961511716192,-0.018252047481495524,6.449147271614838,0.3422754752216792,-0.6808539158020382,-1.5564158627129057,0.6403654572471454,-1.9516494614386721,0.1554026849497866,-0.6934326710816777,-5.292609351432881,-0.18164976997534207,0.742648488343591,-2.4055886139068337,Advertising Agencies,Communication Services,STGW
2012Q3,2012,Q3,2012-11-09,2012-09-30,-14496000.0,267817000.0,1326000.0,-0.313333,86929000.0,0.32458357759216183,1351741000.0,-97718000.0,456527000.0,610977000.0,1271587000.0,0.0,-292165000.0,381934196.2,780786196.2,-2.09797291777562,0.7472081600453044,0.34892113208077585,-4.826654249984649,0.00428225951924565,-2.09797291777562,0.14834523833889354,1.4261013908751123,-6.586889421219646,-3.9085347244110595,0.0,0.0,0.0,0.19812745193051035,0.632329858570781,-0.010723947856874949,21.686020679082443,0.32458357759216183,0.27692328994099236,-0.7202370670802342,0.5370083415468045,-1.650797791113904,0.020616862151151185,0.27930794471512377,1.4880382775119618,-357.23563317336357,0.7599652930249722,-1.891616549393755,Advertising Agencies,Communication Services,STGW
2012Q2,2012,Q2,2012-08-02,2012-06-30,-20114000.0,274102000.0,-2717000.0,-0.433333,85173000.0,0.3107346900059102,1393437000.0,-92048000.0,493293000.0,651130000.0,1305285000.0,0.0,-277669000.0,350089047.0,749788047.0,-1.9877310814582554,0.7575952574754657,0.33829660042039933,-5.121186772118895,-0.008435429101348136,-1.9877310814582554,0.2185164262124109,1.2772217896987252,-4.351310616983196,-3.803331381453155,-0.4305458884359153,0.0,0.024736563666329155,0.1967092878974794,0.6236404404650377,-0.014434811189885155,-14.885371274288874,0.3107346900059102,0.26136462422464535,-5.2002785753283245,0.624821147236075,-1.6069733276255265,0.4505432746346946,0.23465621551691335,0.7668811668811669,-227.30308137267005,0.8062477551915462,-1.8555917004174731,Advertising Agencies,Communication Services,STGW
2012Q1,2012,Q1,2012-05-10,2012-03-31,-26281000.0,235978000.0,-11655000.0,-0.586667,58718000.0,0.24882828060242904,1338610000.0,-83657000.0,426158000.0,627549000.0,1236261000.0,0.0,-257555000.0,332376028.895034,667585028.8950341,-1.8658902714577381,0.6790832269671372,0.27727717557765147,-4.436759625614115,-0.04270429475727463,-1.8658902714577381,0.3141518342756733,1.408504305041292,-3.1617521107932918,-3.973080900522777,-0.17765686237205586,0.0,0.014047342750684628,0.1762858487535578,0.5658697567839324,-0.01963305219593459,44.867174526867444,0.24882828060242904,0.5444552285250086,-1.4262635178512262,0.6033252678643597,-1.5741668250901892,-0.15590184437128934,0.5448389331485971,-2.031997918834547,-59.00918570943328,0.6891233728842915,-1.8388416771667846,Advertising Agencies,Communication Services,STGW
2011Q4,2011,Q4,2012-03-15,2011-12-31,-57740000.0,247050000.0,-3844000.0,-1.287836095891196,69563000.0,0.2815745800445254,1055745000.0,-52456000.0,298412000.0,426300000.0,961254000.0,0.0,-231274000.0,404111865.69503397,781189865.695034,-1.1699814729142464,0.7000046915317851,0.3648362057125537,-7.3428015860912,-0.04553747215847595,-1.1699814729142464,1.1007320420924203,1.6357493045741103,-1.749704995215769,-7.703825409772647,-0.06385521302390024,0.0,0.00912371131112102,0.2340053706150633,0.5786722965048088,-0.054691236993781644,77.52002027527988,0.2815745800445254,-1.883212988403433,-8.391736241063274,0.6136585916276093,-1.3424180039074443,0.10725029844807003,-1.9498314090119546,-0.0537280701754386,-12.034540491590192,0.5979500900216677,-1.3741705825260315,Advertising Agencies,Communication Services,STGW
2011Q3,2011,Q3,2011-11-03,2011-09-30,-19574000.0,238246000.0,-3648000.0,-0.446667,62825000.0,0.2636980264096774,1005427000.0,17224000.0,275957000.0,353743000.0,854245000.0,0.0,-173534000.0,420468477.873982,808168477.873982,0.3937989559389176,0.7801058960884032,0.3929126629780183,22.93572921504877,-0.008827403385286243,0.3937989559389176,-1.1364375290292614,1.7648501039848812,-5.370242130811051,24.411778789710986,-0.22386839685296822,0.0,0.010421708714424301,0.23696001798240945,0.6325976768444888,-0.01946834529011057,41.55237453048542,0.2636980264096774,-17.749803127460908,-0.24343319850830958,0.9320370148298434,-0.8912245514815548,-0.1952528564840908,-15.795162509448224,-1.2506355204397115,-6.5445321241804475,0.5287156327445908,-0.8725849468074912,Advertising Agencies,Communication Services,STGW
2011Q2,2011,Q2,2011-08-04,2011-06-30,1323000.0,240476000.0,14555000.0,0.026667,78068000.0,0.3246394650609624,952919000.0,51648000.0,254339000.0,303013000.0,779230000.0,0.0,-153960000.0,524035895.03999996,900418895.04,1.186639934183391,0.8393666278344494,0.40096482492216023,7.397905049566295,0.029017379310785265,1.186639934183391,0.025615706319702603,2.1791608935611038,99.02416761904762,10.14629598513011,6.324263038548753,0.0,0.015966463517468287,0.25235723078246947,0.6951153910888311,0.0013883656428300831,66.15779510667845,0.3246394650609624,1.1290336628489308,1.1035721923713802,0.9745562799296776,-0.7040079682017608,0.3377428972891463,1.1523316062176165,5.486185383244207,1.273569091160436,0.40497434978176805,-0.6086000292327032,Advertising Agencies,Communication Services,STGW
2011Q1,2011,Q1,2011-05-02,2011-03-31,-8685000.0,217502000.0,2244000.0,-0.206667,58358000.0,0.26831017645814753,974737000.0,57916000.0,276191000.0,347016000.0,884014000.0,0.0,-155420000.0,472915855.88,812135855.88,1.3691672037409972,0.7959027825806303,0.3551542621240396,5.977311969058636,0.005838046459259231,1.3691672037409972,-0.1499585606740797,2.1743057805445467,-13.613006789867589,8.165547618620069,0.0,0.0,0.0,0.22313916471827785,0.6075915807916638,-0.008910095748904577,-11.236358484128493,0.26831017645814753,-1.7622328369275437,-0.4269218776228576,0.5722904094807773,-0.6755503277634203,-0.1893483726680465,-1.7572586973580957,-0.9001335113484646,-1.4043990297992772,0.4257136078681437,-0.5624989414070385,Advertising Agencies,Communication Services,STGW
2010Q4,2010,Q4,2011-03-14,2010-12-31,11469000.0,213424000.0,22470000.0,0.2711336877495942,71989000.0,0.3373050828397931,914348000.0,59061000.0,250124000.0,352671000.0,822482000.0,0.0,-146735000.0,487015897.113278,762282897.1132779,1.3962356554345436,0.7092275803794471,0.3130274250066714,4.846108260950543,0.0713502842692753,1.3962356554345436,0.19418905876974654,2.281917202907255,10.615918936116444,8.245981224721525,0.3247885604673468,0.0,0.007648620963051602,0.23341659849422758,0.5848368592824473,0.012543364233311606,63.33106594450949,0.3373050828397931,2.070265965150984,7.2510397503211435,0.420984611907929,-0.6726958064683349,0.2923024449789969,2.0504671185198755,16.84749801429706,2.316604782293379,0.31515240344262974,-0.5662227499974707,Advertising Agencies,Communication Services,STGW
2010Q3,2010,Q3,2010-10-29,2010-09-30,-10918000.0,178597000.0,1259000.0,-0.253333,55706000.0,0.31190893464055947,862170000.0,58983000.0,278104000.0,348517000.0,739863000.0,0.0,-158069000.0,381618852.71681,626764852.71681,1.3797054205068815,0.7979639443700021,0.3318846631174826,4.851245274062018,0.0038016705671265654,1.3797054205068815,-0.1851041825610769,2.1367595912406703,-8.73829576655088,6.469980379377278,-0.295017402454662,0.0,0.008440358690534151,0.2071482422260111,0.6642430641833827,-0.012663395850006379,14.930315051518388,0.31190893464055947,-0.8095214285714282,-4.488300657512583,0.2496615657007375,-0.67917353993084,0.04665276290325611,-0.8807924203273041,-0.7927230819888047,-0.4116187415069757,0.11672553721124004,-0.5720110434000413,Advertising Agencies,Communication Services,STGW
2010Q2,2010,Q2,2010-07-30,2010-06-30,-5805000.0,169989000.0,6074000.0,-0.14,53223000.0,0.3130967297883981,791986000.0,73733000.0,249111000.0,296119000.0,673221000.0,0.0,-147151000.0,296914174.48,535602174.48,1.7681168671701875,0.841253009769721,0.36129679059983383,3.8807860795030718,0.020487808212928556,1.7681168671701875,-0.07873001234182794,1.7466669871579927,-12.787001484926787,4.026883138893033,0.0,0.0,0.0,0.21463636983482032,0.6544666164616252,-0.00732967501950792,53.72067567939208,0.3130967297883981,0.4473676939048603,-4.094769248834608,0.32575252931913845,-0.5913244554640888,0.35727947364394463,0.43010013744354997,5.878714859437751,-0.9871047956215844,0.1189739292490518,-0.4600880428403925,Advertising Agencies,Communication Services,STGW
2010Q1,2010,Q1,2010-05-07,2010-03-31,-10186000.0,136182000.0,-1245000.0,-0.253333,39213000.0,0.2879455434638939,633066000.0,81634000.0,187123000.0,239134000.0,530520000.0,0.0,-141348000.0,285990192.6,493257192.6,1.9695591477426069,0.782502697232514,0.36096394372782614,2.799250312369846,-0.004126963717796691,1.9695591477426069,-0.12477644118872039,2.1000586905758474,-7.019197737090123,3.5033220545361003,-0.27302179462006676,0.0,0.009724109679137297,0.2151150117049407,0.6406073582175684,-0.01608994954712463,-20.457095321888414,0.2879455434638939,0.4313815012789993,-1.163968350449847,0.18473337488547495,-0.5304446973678795,-0.28716596982366843,0.44839163868731724,-0.3517915309446254,-0.017217657333198102,0.0008845043651824718,-0.39393246216819394,Advertising Agencies,Communication Services,STGW
2009Q4,2009,Q4,2010-03-10,2009-12-31,-18466000.0,149678000.0,-921000.0,-0.44552366933158954,55010000.0,0.36752228116356445,604519000.0,90326000.0,202245000.0,242397000.0,510373000.0,0.0,-131160000.0,230450068.23999998,396470068.24,2.1792684369135253,0.8343543855740789,0.3605279569376645,2.4128822266014214,-0.004424518283008934,2.1792684369135253,-0.20443726058942055,1.5396388797284837,-3.1199240257771033,2.551314884307951,0.0,0.0,0.0,0.2475985039345331,0.701894000338288,-0.03054659985873066,17.676617951982816,0.36752228116356445,-539.5203247139835,-0.7097660140424532,0.3694907614742142,-0.49243994884158016,0.12038941729974134,-513.9444444444445,-1.0904359780047133,-2.2490476116197393,0.05754511740433693,-0.36219438903788576,Advertising Agencies,Communication Services,STGW
2009Q3,2009,Q3,2009-11-02,2009-09-30,36000.0,134625000.0,10184000.0,0.000827310778972389,49099000.0,0.3647093779015785,580238000.0,96959000.0,231282000.0,258875000.0,480046000.0,0.0,-112694000.0,204384542.56,317813542.56,2.352999077015915,0.8934118783196523,0.31774202999458845,1.901484132468363,0.023705698773374726,2.352999077015915,0.0003712909580338081,1.5181767321077067,1419.337101111111,2.1079481281778896,0.0,0.0,0.0,0.23201686204626376,0.7618271366489618,6.204350628535187e-05,9.591015605818864,0.3647093779015785,-0.5651247068981758,1.0102104255174478,0.31549390906585706,-0.4613028542260924,0.05263270731498156,-0.5443037974683544,0.14852825081763843,1.0024273838648359,0.15880037373462266,-0.3500527969769574,Advertising Agencies,Communication Services,STGW
2009Q2,2009,Q2,2009-07-31,2009-06-30,79000.0,134882000.0,8867000.0,0.001902409247192339,46644000.0,0.3458133776189558,544280000.0,95624000.0,203811000.0,233040000.0,447860000.0,0.0,-112732000.0,151194551.579985,278070551.579985,2.3232238934627016,0.8745751802265705,0.3395494965826413,1.932673805739145,0.012597857479956892,2.3232238934627016,0.0008261524303522129,1.1209394254235925,478.46377082273733,1.5811360284027545,0.0,0.0,0.0,0.24781729991915927,0.7555998970133883,0.00014514588079664879,7.708501661057663,0.3458133776189558,-0.8117326466685092,-0.9550654175813315,0.4084535366698797,-0.4973180807689988,0.14158447343302577,-0.8077858880778589,3.19441816461684,1.0065398701371278,0.17114449813313767,-0.42050175395330475,Advertising Agencies,Communication Services,STGW
2009Q1,2009,Q1,2009-05-01,2009-03-31,411000.0,126738000.0,2114000.0,0.010104828126216237,40859000.0,0.3223894964414777,536085000.0,90473000.0,191659000.0,186956000.0,445612000.0,0.0,-112807000.0,89481977.2,232869977.2,2.2243652434626804,1.0251556515971672,0.35374054487627893,2.0960397024526656,0.003630245332135001,2.2243652434626804,0.004542791772130912,0.7060390506399028,54.42942652068127,0.9890462038398197,0.0,0.0,0.0,0.23641400151095443,0.8690066111812405,0.0007666694647304066,-331.41473037037036,0.3223894964414777,-0.9134190014746155,1.2816836182130542,0.17722448984252603,-0.4173204488531319,-0.09288901716137912,-0.9134190014746155,-0.5841038756639779,1.0702265569580003,-0.04719168001042139,-0.47289522258201266,Advertising Agencies,Communication Services,STGW
2008Q4,2008,Q4,2009-03-09,2008-12-31,4747000.0,140255000.0,5083000.0,0.11670953555997196,45043000.0,0.3211507611136858,529239000.0,127181000.0,175744000.0,187835000.0,379436000.0,0.0,-112836000.0,82431895.584542,222598895.584542,3.1268665350859055,0.9356296749807012,0.3429414687882034,1.4270842342802776,0.020578430357829997,3.1268665350859055,0.037324757628891106,0.587728748241004,4.34126267034664,0.6481463078961638,0.0,0.0,0.0,0.2650125935541409,0.8796763116565071,0.008969482596709615,2.638833970950189,0.3211507611136858,0.47046787363719583,3.195382970045806,0.28656933198132717,-0.2556002133486624,-0.05532602084687821,0.4610649430594029,-0.3071155943293348,3.6907609750828385,-0.02883358983734154,-0.2670030123038758,Advertising Agencies,Communication Services,STGW
2008Q3,2008,Q3,2008-11-10,2008-09-30,3249000.0,143428000.0,7336000.0,0.07936898020851788,47681000.0,0.33243857545249184,528715000.0,124408000.0,188309000.0,201120000.0,378244000.0,0.0,-117585000.0,180331876.48000002,332097876.48,3.09067842513031,0.9363017104216388,0.320113860964792,1.360435020255932,0.01773612877806441,3.09067842513031,0.026115683878850236,1.2572989686811502,13.875952329947678,1.4495199382676356,0.0,0.0,0.0,0.27127658568415874,0.8924522673031027,0.006145087618092924,-66.71545559748428,0.33243857545249184,1.7003165910063076,-0.3338352301183455,0.4430182326631141,-0.2943013742515514,-0.1212981221089877,1.726520572450805,-0.09151702786377709,2.7345647468271483,0.06585516855027608,-0.28131657409710203,Advertising Agencies,Communication Services,STGW
2008Q2,2008,Q2,2008-07-31,2008-06-30,-4472000.0,158275000.0,8075000.0,-0.113333,54263000.0,0.3428399936818828,552671000.0,122023000.0,204359000.0,228636000.0,404755000.0,0.0,-120835000.0,192653428.77597597,342827428.77597594,3.0317834001293185,0.8938181213807099,0.3052159422151696,1.3823951222310549,0.000906367881520128,3.0317834001293185,-0.03664882849954517,1.217206942195394,-10.76998148345125,1.5788288173211278,0.0,0.0,0.0,0.28638195237311165,0.8562037474413479,-0.008091613274443566,6.6002065427378795,0.3428399936818828,-0.3076834319868002,-1.310086916939611,-0.28112268144117797,-0.20305323083029503,0.18599873232356348,-0.3176193282262817,44.88586956521739,-3.0666004052519846,0.2789730033532776,-0.29924556743481034,Advertising Agencies,Communication Services,STGW
2008Q1,2008,Q1,2008-05-02,2008-03-31,-3394000.0,143344000.0,-184000.0,-0.086667,45753000.0,0.3191832235740596,539690000.0,124385000.0,189710000.0,201885000.0,389365000.0,0.0,-116363000.0,192634385.835248,367066385.835248,3.1295174648133397,0.9396933898011244,0.33386017899164333,1.4485749889456123,0.0012837939888234405,3.1295174648133397,-0.027286248341841863,1.343860823161402,-14.18933307566647,1.5486946644309845,0.0,0.0,0.0,0.2656043284107543,0.8940684052802338,-0.006288795419592729,-13.12849354837102,0.3191832235740596,0.5791515705255956,-3.3840978206936825,-0.3596695533027874,-0.15066821076890186,-0.20917811770806327,0.5853390348197923,-1.0094869811807168,0.24808198638478013,0.3004445915130163,-0.2539033306173273,Advertising Agencies,Communication Services,STGW
2007Q4,2007,Q4,2008-03-10,2007-12-31,-8185000.0,152481000.0,19395000.0,-0.20593399887041994,57855000.0,0.3794243217187715,520698000.0,127933000.0,173438000.0,195802000.0,367846000.0,0.0,-112969000.0,258082351.12475199,412426351.124752,3.2187848842381714,0.885782576276034,0.31640989594736296,1.2878147155151525,0.018560852323009545,3.2187848842381714,-0.06397880140385984,1.692554161664417,-7.882784090554429,2.0173243113563504,0.0,0.0,0.0,0.29283961144463777,0.8430914903831421,-0.01571928449888419,11.303041699503,0.3794243217187715,-0.14407777150233303,-3.3456509888478876,-0.34994892733681054,-0.1576156492120976,0.17598634063052626,-0.208474826517053,8.37862669245648,0.20969641650521478,0.45488372407489985,-0.2503325460787637,Advertising Agencies,Communication Services,STGW
2007Q3,2007,Q3,2007-11-08,2007-09-30,-6773000.0,140050000.0,2068000.0,-0.18,49197000.0,0.35128168511245983,517088000.0,120684000.0,178994000.0,185837000.0,348311000.0,0.0,-104784000.0,272288538.161148,417100538.161148,3.223693974413672,0.9631774081587627,0.2937623770035274,1.2586672632660503,0.0028912542050095473,3.223693974413672,-0.05612177256305724,1.9442237640924527,-10.050514475164182,2.2562107500675155,0.0,0.0,0.0,0.27084364750293954,0.9114438997616191,-0.013098350764279967,-12.123265278768834,0.35128168511245983,-1.454556611620962,-2.324983427714685,-0.3184686611865495,-0.13454687942844953,0.037036256323777404,-1.6039984621299501,-0.6016181853207474,-1.1144279871559264,0.5063181900572364,-0.26196539563987103,Advertising Agencies,Communication Services,STGW
2007Q2,2007,Q2,2007-08-07,2007-06-30,-2601000.0,135257000.0,5191000.0,-0.073333,47440000.0,0.3507397029358924,517896000.0,121590000.0,185295000.0,214179000.0,348181000.0,0.0,-98011000.0,216584117.62376398,334544117.623764,3.2748244296569653,0.8651408401383889,0.24583893291317174,1.0471173616251337,0.03924728059325984,3.2748244296569653,-0.02139156180606958,1.601278437520897,-20.81738923719377,1.7812658740337526,0.0,0.0,0.0,0.26116633455365557,0.8065543307233669,-0.005022243848185736,15.926473830705492,0.3507397029358924,0.6944458333333334,-1.0210024724109104,-0.36565086891135967,-0.04942433523319084,0.1577508785630613,0.7043310219392975,2.426098901098901,-2.640060900166958,0.5657206599194617,-0.2914178293031742,Advertising Agencies,Communication Services,STGW
2007Q1,2007,Q1,2007-05-08,2007-03-31,-8797000.0,119531000.0,-3640000.0,-0.24,40976000.0,0.3428064686148363,504393000.0,118330000.0,182926000.0,287436000.0,338693000.0,0.0,-95411000.0,187644166.095935,306375166.095935,3.2497354251782955,0.6364060173395121,0.2448824626828683,1.0438350376066932,-0.009658198991978,3.2497354251782955,-0.074342939237725,1.569836829742368,-5.332618111172417,1.5857700168675315,0.0,0.0,0.0,0.23697989464564337,0.6022871178279686,-0.017440765434889066,-6.273206943565626,0.3428064686148363,-0.7502356899659522,-1.8042518311599598,-0.5112077945959543,0.2029449806130019,-0.25941188165338247,-0.761866613258562,-1.4544319600499376,-5.734733140074408,0.24022083402543917,-0.14872146808890954,Advertising Agencies,Communication Services,STGW
