Year,Date,FillingDate,NetIncome,Revenue,OperatingIncome,EPSDiluted,GrossProfit,GrossProfitRatio,TotalAssets,CommonStockEquity,CurrentAssets,CurrentLiability,TotalLiability,Inventory,RetainedEarnings,EnterpriseValue,bookValuePerShare,currentRatio,debtToAssets,debtToEquity,roic,shareholdersEquityPerShare,roe,priceToSalesRatio,peRatio,pbRatio,payoutRatio,inventoryTurnover,dividendYield,assetTurnover,quickRatio,returnOnAssets,priceToFreeCashFlowsRatio,grossProfitMargin,epsdilutedGrowth,fiveYNetIncomeGrowthPerShare,fiveYRevenueGrowthPerShare,fiveYShareholdersEquityGrowthPerShare,grossProfitGrowth,netIncomeGrowth,operatingIncomeGrowth,threeYNetIncomeGrowthPerShare,threeYRevenueGrowthPerShare,threeYShareholdersEquityGrowthPerShare,Industry,Sector,Price,MarketCap,AvgVolume,Symbol
2022,2022-12-31,2023-03-31,-26744609.0,16185682.0,-9848488.0,-0.95,14677274.0,0.9068060277,11081606.0,4651256.0,4207927.0,3713832.0,6430350.0,196119.0,-46519740.0,9033517.858,0.1645071473024364,1.1330418284941268,0.3750439241387936,0.8935412284337821,-1.1185427078914532,0.1645071473024364,-5.749975705486862,0.34849565548118394,-0.21090754618996302,1.2127132666961356,0.0,7.6912894722082,0.0,1.4605899181039284,0.9813179486848086,-2.41342355972591,-0.5308412840384534,0.9068060276978134,-1.0212765957446808,-118.81714284212462,4.275080562407903,0.5941811021362469,0.15047098902914666,-1.5014339613182586,0.010092177080186,-0.15370203117891307,-0.7065551891302558,-0.8726697606591952,Medical Care Facilities,Healthcare,0.1139,3766058,2281485,BACK
2021,2021-12-31,2021-12-31,-10691711.0,14385828.0,-9948894.0,-0.47,12757622.0,0.8868187497,27229193.0,17953061.0,9067506.0,4933861.0,9276132.0,191657.0,-28206934.0,24494529.86,0.7960846320270593,1.8378114016588631,0.21684715371476487,0.32888948575398924,-0.343160145984284,0.7960846320270593,-0.5955369393553556,1.7871016433673472,-2.4045671324262314,1.432008550519602,0.0,8.495416290560742,0.0,0.5283237002286479,1.6879910074483249,-0.39265618338376757,-3.0772900796800924,0.8868187496750274,-0.4687499999999999,-8.017670258940228,307.0237915078948,6.516660186628096,0.1379355588996324,-2.040294949567332,-0.5370988768815332,-0.12448944838961945,-0.31050471296029813,3.500112775245048,Medical Care Facilities,Healthcare,0.1139,3766058,2281485,BACK
2020,2020-12-31,2020-12-31,-3516669.0,12835198.0,-6472514.0,-0.32,11211199.0,0.8734730076,19746006.0,10432058.0,4757369.0,5950402.0,11932852.0,309375.0,-15045783.0,23420131.32,0.9440653443068253,0.799503798230775,0.4627448710387306,0.8758926570385249,-0.16955834266276287,0.9440653443068253,-0.3371021326760261,1.317215388496539,-4.8075950053872,1.6206505293586366,0.0,5.249289696969697,0.0,0.6500148941512527,0.6953538601257528,-0.17809520568362028,-2.656984678749727,0.8734730075843006,0.6097560975609756,-5.053268827551864,559.8714067964605,7.913899479578517,-0.10921153947459272,0.4468172560182572,-0.04637893854321411,-39.31175757201285,9.703312365315234,8.148606341758626,Medical Care Facilities,Healthcare,0.1139,3766058,2281485,BACK
2019,2019-12-31,2019-12-31,-6357156.0,15126026.0,-6185631.0,-0.82,12585703.0,0.8320561528,20418078.0,10017491.0,2577575.0,6065636.0,12480786.0,312258.0,-10042050.0,19638293.0,1.2919723402241166,0.42494719432554146,0.4104950034964114,0.8366884482351918,-0.24414984718433205,1.2919723402241166,-0.6346056113252311,0.7689040730195756,-1.829507251355795,1.1610155676705873,0.0,8.135333602341653,0.0,0.7408153695955124,0.26905900716759135,-0.31134938361975106,-2.207355001244079,0.8320561527528777,-0.9449161788563892,-14.594933596720427,940.9931892876837,11.198850048467277,1.1823036417899682,-1.0817586810677913,-0.7417463442544847,-14.594933596720427,940.9931892876837,11.198850048467277,Medical Care Facilities,Healthcare,0.1139,3766058,2281485,BACK
2018,2018-12-31,2018-12-31,-3053743.0,6701071.0,-3551396.0,-0.421612,5767164.0,0.860633173413623,11074787.0,-2306320.0,668109.0,13831173.0,15006947.0,0.0,-3544820.0,32293798.32,-0.31841948887646926,0.04830457980678862,0.5267628171991028,-2.529478129661105,-0.8446257020123681,-0.31841948887646926,1.3240760172048978,3.9776221323427254,-8.728412417154948,-11.557081549828299,0.0,0.0,0.0,0.6050744813421693,0.036001718726242526,-0.275738305395851,-7.866922239616168,0.860633173413623,-51.701499999999996,-7.0193462658581876,445.7380666666667,-4.006528449858168,6.9788215143973025,-52.40485475944807,-2.881022919633207,-7.0193462658581876,445.7380666666667,-4.006528449858168,Medical Care Facilities,Healthcare,0.1139,3766058,2281485,BACK
2017,2017-12-31,2017-12-31,-57181.0,786025.0,-915067.0,-0.008,722809.0,0.9195750771285901,1279081.0,747424.0,708463.0,473824.0,1107651.0,0.0,-491076.0,27286366.32,0.10319225781938593,1.4952028601337206,0.5940405650619468,1.0165929913944427,-0.5620832289102158,0.10319225781938593,-0.07650409941345207,33.91028061448427,-466.13959741872304,35.66159010146851,0.0,0.0,0.0,0.6145232397322765,1.298840919835213,-0.04470475286553393,-27.102991236936244,0.9195750771285901,0.8478335298816906,0.849838627930367,51.40166666666667,-0.025654930752544703,66.33827091485001,0.8498386279303671,-3.177491588563185,0.849838627930367,51.40166666666667,-0.025654930752544703,Medical Care Facilities,Healthcare,0.1139,3766058,2281485,BACK
2016,2016-12-31,2016-12-31,-380797.0,15000.0,-219047.0,-0.052574,10734.0,0.7156,1601551.0,767104.0,1601551.0,51090.0,551090.0,0.0,-433896.0,26278123.32,0.10590935498764052,31.347641417107067,0.31219736368058215,0.6518021024528616,-0.1728721557188676,0.10590935498764052,-0.49640857041548475,1776.9552213333334,-69.99616152438176,34.74669447688971,0.0,0.0,0.0,0.009365920910417463,31.29395184967704,-0.23776763899494927,-30.268750029809592,0.7156,0.0,0.0,0.0,0.0,0.0,0.0,0.0,0.0,0.0,0.0,Medical Care Facilities,Healthcare,0.1139,3766058,2281485,BACK
TTM,,,,,,,,,,,,,,,,5749743.0,0.030198710120644293,0.5102216333891026,0.4062759293489423,2.381039264560587,-2.394307397233791,0.030198710120644293,-3.6230271622611543,0.26182166395602685,-0.13264303914444697,3.7716842721085704,0.0,9.527774958312188,0.0,2.4618432943109467,0.4154090266984863,-4.851828061888136,-0.40144316916486394,0.9086373261286905,,,,,,,,,,,Medical Care Facilities,Healthcare,0.1139,3766058,2281485,BACK
