Quarters,Year,Quarter,FillingDate,Date,NetIncome,Revenue,OperatingIncome,EPSDiluted,GrossProfit,GrossProfitRatio,TotalAssets,CommonStockEquity,CurrentAssets,CurrentLiability,TotalLiability,Inventory,RetainedEarnings,MarketCap,EnterpriseValue,bookValuePerShare,currentRatio,debtToAssets,debtToEquity,roic,shareholdersEquityPerShare,roe,priceToSalesRatio,peRatio,pbRatio,payoutRatio,inventoryTurnover,dividendYield,assetTurnover,quickRatio,returnOnAssets,priceToFreeCashFlowsRatio,grossProfitMargin,epsdilutedGrowth,fiveYNetIncomeGrowthPerShare,fiveYRevenueGrowthPerShare,fiveYShareholdersEquityGrowthPerShare,grossProfitGrowth,netIncomeGrowth,operatingIncomeGrowth,threeYNetIncomeGrowthPerShare,threeYRevenueGrowthPerShare,threeYShareholdersEquityGrowthPerShare,Industry,Sector,Symbol
2023Q1,2023,Q1,2023-05-02,2023-03-31,18000000.0,2959000000.0,346000000.0,34.29,1043000000.0,0.3524839473,0.0,14895000000.0,0.0,3683000000.0,35455000000.0,0.0,14950000000.0,11345250.0,2138345250.0,28371.428571428572,0.0,0.0,0.14279959718026183,0.007361284466129581,28371.428571428572,0.0012084592145015106,0.0038341500506928017,0.15757291666666667,0.0007616817724068478,,0.0,,0.0,0.0,0.0,0.0,0.3524839472794863,1.1118140020217173,-0.961038961038961,0.0598137535816618,0.590666381888082,-0.6540630182421228,1.1118012422360248,-0.046831955922865015,-0.9294117647058824,0.1737405791352639,0.0,,,TVC
2022Q4,2022,Q4,2023-01-31,2022-12-31,-161000000.0,3015000000.0,363000000.0,-306.67,3015000000.0,1.0,51310000000.0,15642000000.0,3997000000.0,4867000000.0,35668000000.0,1207000000.0,14902000000.0,11634000.0,2755634000.0,29794.285714285714,0.8212451201972467,0.06322354316897291,0.20739035928909347,-0.029607222899940423,29794.285714285714,-0.010292801432041938,0.0038587064676616914,-0.018065217391304348,0.0007437667817414653,0.0,0.0,0.0,0.05876047554083025,0.4620916375590713,-0.0031377899045020464,0.026501138952164008,1.0,-2.352935986235497,-1.5590277777777777,0.18281679089839153,0.7602970965563808,-0.5490577325755309,-2.3529411764705883,-0.6889460154241646,-1.8385416666666667,0.169511249030256,0.0,,,TVC
2022Q3,2022,Q3,2022-11-15,2022-09-30,119000000.0,6686000000.0,1167000000.0,226.67,6686000000.0,1.0,51188000000.0,15505000000.0,3974000000.0,4645000000.0,35683000000.0,1072000000.0,14800000000.0,11361000.0,2318361000.0,29533.333333333332,0.8555435952637245,0.05483707118855982,0.18103837471783296,0.011379770896817527,29533.333333333332,0.007674943566591422,0.0016992222554591684,0.02386764705882353,0.0007327313769751693,0.0,0.0,0.0,0.130616550754083,0.10764262648008611,0.002324763616472611,0.0101983842010772,1.0,15.873359580052494,-0.14388489208633096,1.1743089430894311,0.8111201962387572,4.37459807073955,15.875,1.2442307692307693,-0.7976190476190477,1.06421735103427,0.3337634408602151,,,TVC
2022Q2,2022,Q2,2022-08-02,2022-06-30,-8000000.0,2970000000.0,520000000.0,-15.24,1244000000.0,0.4188552189,52675000000.0,14938000000.0,3922000000.0,5384000000.0,37737000000.0,1013000000.0,14167000000.0,12579000.0,2222579000.0,28453.333333333332,0.7284546805349182,0.05146654010441386,0.18148346498861964,-0.0008859931301455755,28453.333333333332,-0.0005355469272995046,0.004235353535353536,-0.39309375,0.0008420805998125586,0.0,1.7038499506416585,0.0,0.05638348362600854,0.41809063893016346,-0.00015187470336971997,0.033544,0.41885521885521887,0.8545246277205041,-1.0343347639484979,0.15519253208868145,0.7747415943923013,-0.5686546463245492,0.8545454545454545,0.09936575052854123,0.0,0.0,0.0,,,TVC
2022Q1,2022,Q1,2022-05-12,2022-03-31,-55000000.0,2884000000.0,473000000.0,-104.76,2884000000.0,1.0,52156000000.0,14689000000.0,3255000000.0,4793000000.0,37467000000.0,988000000.0,13910000000.0,12442500.0,1885442500.0,27979.04761904762,0.6791153765908616,0.04551729427103306,0.1616175369323984,-0.007005103506698536,27979.04761904762,-0.0037442984546259103,0.004314320388349515,-0.05655681818181818,0.0008470624276669616,0.0,0.0,0.0,0.05529565150701741,0.38681410390152304,-0.0010545287215277246,0.012880434782608696,1.0,0.0,-1.2606635071090047,0.13231252453867284,0.6743417303089022,0.0,0.0,0.0,0.0,0.0,0.0,,,TVC
2021Q4,2021,Q4,2022-02-01,2021-12-31,0.0,0.0,0.0,0.0,0.0,0.0,52279000000.0,14479000000.0,3254000000.0,4830000000.0,37800000000.0,1024000000.0,13701000000.0,13728750.0,559728750.0,27579.04761904762,0.6737060041407867,0.02014193079439163,0.07272601699012363,,27579.04761904762,0.0,0.0,0.0,0.0009481835762138269,0.0,0.0,0.0,0.0,0.391304347826087,0.0,0.027847363083164302,0.0,-1.0,-1.0,-1.0,0.8160040135457168,-1.0,-1.0,-1.0,0.0,0.0,0.0,,,TVC
2021Q3,2021,Q3,2021-11-15,2021-09-30,603000000.0,3100000000.0,955000000.0,1148.5714285714287,2573000000.0,0.83,52456000000.0,14465000000.0,3498000000.0,4979000000.0,37991000000.0,950000000.0,13689000000.0,14563500.0,589563500.0,27552.380952380954,0.7025507129945773,0.020474302272380663,0.07424818527480125,0.061458266297702555,27552.380952380954,0.041686830279986174,0.0046979032258064515,0.006037935323383084,0.0010068095402696162,0.0,0.5547368421052632,0.0,0.05909714808601495,0.4147419160473991,0.011495348482537747,-0.012819982394366197,0.83,1.241635687732342,-0.08774583963691368,-0.056603773584905724,0.8450255102040817,0.22582181991424488,1.241635687732342,0.6186440677966102,0.0,0.0,0.0,,,TVC
2021Q2,2021,Q2,2021-08-03,2021-06-30,269000000.0,2527000000.0,590000000.0,512.3809523809524,2099000000.0,0.8306292045904234,53019000000.0,13878000000.0,3285000000.0,4411000000.0,39141000000.0,1006000000.0,13085000000.0,13996500.0,587996500.0,26434.285714285714,0.7447290863749717,0.02025688903977819,0.07738867271941202,0.03945960406634564,26434.285714285714,0.019383196425997982,0.005538781163434903,0.013007899628252788,0.0010085386943363597,0.0,0.4254473161033797,0.0,0.04766215884871461,1.3457265926093855,0.005073652841434203,0.006284912438257746,0.8306292045904234,-0.41008771929824556,-0.07560137457044677,0.0193626462283179,0.940164965748637,-0.02779064381658175,-0.4100877192982456,-0.2484076433121019,0.0,0.0,0.0,,,TVC
2021Q1,2021,Q1,2021-05-04,2021-03-31,456000000.0,2572000000.0,785000000.0,868.5714285714286,2159000000.0,0.8394245723172629,39029000000.0,13639000000.0,3076000000.0,4174000000.0,38843000000.0,1014000000.0,12815000000.0,13849500.0,-357150500.0,25979.04761904762,0.736942980354576,0.003305234569166517,0.009458171420192096,0.05701626961069146,25979.04761904762,0.03343353618300462,0.005384720062208398,0.007592927631578947,0.0010154336828213212,0.0,0.4072978303747535,0.0,0.06589971559609521,1.3193579300431242,0.011683619872402573,0.008821337579617835,0.8394245723172629,1.4782608695652173,0.43396226415094347,0.00038895371450807086,0.9801103368176538,0.11576227390180878,1.4782608695652173,0.5242718446601942,-0.012987012987013005,-0.07879656160458456,0.45653566851772737,,,TVC
2020Q4,2020,Q4,2021-02-12,2020-12-31,184000000.0,2304000000.0,515000000.0,350.4761904761905,1935000000.0,0.83984375,38743000000.0,13167000000.0,3144000000.0,4614000000.0,39396000000.0,1064000000.0,12358000000.0,13413750.0,-235586250.0,25080.0,0.6814044213263979,0.0067108897091087425,0.01974633553580922,0.03835555224547554,25080.0,0.013974329763803448,0.005821940104166667,0.018225203804347827,0.0010187400318979268,0.0,0.3468045112781955,0.0,0.05946880726840978,1.1842219332466406,0.004749245024907725,0.022544117647058822,0.83984375,-0.8395815170008719,5.972972972972973,0.010526315789473594,1.0028901734104048,-0.7123104371097234,-0.8395815170008718,-0.7633272058823529,-0.3611111111111111,-0.09611612397018444,0.4817690749493585,,,TVC
2020Q3,2020,Q3,2020-11-17,2020-09-30,1147000000.0,7998000000.0,2176000000.0,2184.7619047619046,6726000000.0,0.840960240060015,38825000000.0,12932000000.0,3246000000.0,4711000000.0,39893000000.0,1003000000.0,12177000000.0,14154000.0,-246846000.0,24632.380952380954,0.6890256845680323,0.006155827430779137,0.018481286730590782,0.16521144939640117,24632.380952380954,0.08869471079492731,0.0017696924231057763,0.003085004359197908,0.001094494277760594,0.0,1.268195413758724,0.0,0.20600128783000643,1.109530885162386,0.0295428203477141,-0.04686754966887417,0.840960240060015,4.595121951219512,1.2848605577689243,1.5222327341532638,0.9555421140178436,2.468798349664776,4.595121951219512,3.067289719626168,7.2517985611510785,1.6009756097560977,0.5105711949538607,,,TVC
2020Q2,2020,Q2,2020-08-04,2020-06-30,205000000.0,2251000000.0,535000000.0,390.4761904761905,1939000000.0,0.8613949355841848,38497000000.0,12206000000.0,3463000000.0,5443000000.0,39204000000.0,1060000000.0,11476000000.0,13256250.0,-569743750.0,23249.52380952381,0.6362300202094433,0.005636802867755929,0.017778141897427494,0.043065282137969896,23249.52380952381,0.016795018843191872,0.005889049311417148,0.016166158536585366,0.0010860437489759135,0.0,0.2943396226415094,0.0,0.05847208873418708,0.9470880029395554,0.0053250902667740345,-0.37875,0.8613949355841848,-0.19607843137254902,5.40625,-0.12001563721657542,0.8144789653634605,-0.0731357552581262,-0.19607843137254902,-0.1186161449752883,-0.12017167381974245,-0.12446518864255147,0.45016038968753713,,,TVC
2020Q1,2020,Q1,2020-05-05,2020-03-31,255000000.0,2521000000.0,607000000.0,485.7142857142857,2092000000.0,0.8298294327647758,38422000000.0,0.0,3424000000.0,5901000000.0,39169000000.0,1071000000.0,11271000000.0,12967500.0,1188967500.0,0.0,0.580240637180139,0.05233980531986882,0.0,0.30183988065638984,0.0,0.0,0.00514379214597382,0.012713235294117647,0.0,0.0,0.4005602240896359,0.0,0.0656134506272448,0.7974919505168615,0.0066368226536879914,0.012565406976744187,0.8298294327647758,0.328125,-0.48588709677419356,-0.11945511701012927,-1.0,-0.02923433874709977,0.328125,0.14097744360902256,0.20853080568720375,-0.010208087946603963,-1.0,,,TVC
2019Q4,2019,Q4,2020-02-05,2019-12-31,192000000.0,2578000000.0,532000000.0,365.7142857142857,2155000000.0,0.8359193173002327,38100000000.0,0.0,3051000000.0,4133000000.0,38367000000.0,1052000000.0,11015000000.0,14028000.0,645028000.0,0.0,0.7382046939269296,0.024540682414698162,0.0,0.5689839572192513,0.0,0.0,0.005441427463149728,0.018265624999999997,0.0,0.0,0.40209125475285173,0.0,0.06766404199475065,1.1841277522380838,0.005039370078740157,0.016739856801909307,0.8359193173002327,-0.673469387755102,1.3703703703703705,0.06926586478639578,-1.0,-0.20244263508512214,-0.673469387755102,-0.43283582089552236,0.8823529411764707,0.012568735271013497,-1.0,,,TVC
2019Q3,2019,Q3,2019-11-15,2019-09-30,588000000.0,3239000000.0,938000000.0,1120.0,2702000000.0,0.8342080889163322,50467000000.0,11625000000.0,3278000000.0,4312000000.0,38842000000.0,999000000.0,-12000000.0,13371750.0,19920371750.0,22142.85714285714,0.7602040816326531,0.4003804466284899,1.7381505376344086,0.02946812855392542,22142.85714285714,0.05058064516129032,0.004128357517752393,0.005685267857142857,0.0011502580645161291,0.0,0.5375375375375375,0.0,0.06418055362910417,0.5802411873840445,0.011651177997503318,0.01605252100840336,0.8342080889163322,0.0,0.826086956521739,0.023057485786481247,1.1124840995820462,1.2147540983606557,2.5636363636363635,0.8178294573643411,-0.11043872919818457,-0.014303104077906359,0.4827806122448978,,,TVC
2019Q2,2019,Q2,2019-08-02,2019-06-30,165000000.0,2604000000.0,516000000.0,0.0,1220000000.0,0.4685099846,48275000000.0,11048000000.0,3172000000.0,4763000000.0,37227000000.0,1051000000.0,10234000000.0,0.0,22995000000.0,0.0,0.6659668276296452,0.4825479026411186,2.1085264301230993,0.015062983978377194,0.0,0.01493482983345402,0.0,0.0,0.0,0.0,1.3168411037107517,,0.053940963231486276,0.38862061725803065,0.0034179181771103054,0.0,0.4685099846390169,0.0,1.0,-1.0,-1.0,0.021775544388609715,2.5,-0.12837837837837837,-1.0,-1.0,-1.0,,,TVC
2019Q1,2019,Q1,2019-05-02,2019-03-31,-110000000.0,2750000000.0,592000000.0,0.0,1194000000.0,0.4341818182,48465000000.0,10919000000.0,3044000000.0,4852000000.0,37546000000.0,1016000000.0,10069000000.0,0.0,23239000000.0,0.0,0.6273701566364386,0.4856907046322088,2.155783496657203,-0.007721757748111565,0.0,-0.010074182617455811,0.0,0.0,0.0,0.0,1.531496062992126,,0.05674197874754978,0.3491343775762572,-0.002269679149901991,0.0,0.43418181818181817,0.0,-1.0,-1.0,-1.0,-0.03864734299516908,-2.3580246913580245,-0.2261437908496732,-1.0,-1.0,-1.0,,,TVC
2018Q4,2018,Q4,2019-01-31,2018-12-31,81000000.0,2725000000.0,765000000.0,0.0,1242000000.0,0.4557798165,48747000000.0,10670000000.0,3346000000.0,4525000000.0,38077000000.0,1018000000.0,9827000000.0,0.0,24016000000.0,0.0,0.7394475138121547,0.49884095431513736,2.2790065604498593,0.004119035027053416,0.0,0.007591377694470478,0.0,0.0,0.0,0.0,1.456777996070727,,0.05590087595134059,0.40707182320441987,0.0016616407163517755,0.0,0.4557798165137615,0.0,1.0,-1.0,-1.0,-0.21739130434782608,1.2098445595854923,3.157608695652174,1.0,-1.0,-1.0,,,TVC
2018Q3,2018,Q3,2018-11-15,2018-09-30,-386000000.0,3185000000.0,184000000.0,0.0,1587000000.0,0.4982731554,48667000000.0,9719000000.0,3430000000.0,4854000000.0,38384000000.0,961000000.0,9404000000.0,0.0,23819000000.0,0.0,0.7066337041615163,0.4955719481373415,2.4815310217100524,0.020492129641918617,0.0,-0.03971602016668382,0.0,0.0,0.0,0.0,1.6628511966701354,,0.06544475722769022,0.40296662546353523,-0.007931452524297779,0.0,0.4982731554160126,0.0,-1.0,-1.0,-1.0,0.2226502311248074,-3.2057142857142855,-0.7594771241830065,-1.0,-1.0,-1.0,,,TVC
2018Q2,2018,Q2,2018-08-03,2018-06-30,175000000.0,2707000000.0,765000000.0,0.0,1298000000.0,0.4794975988,49607000000.0,9813000000.0,3491000000.0,5346000000.0,39228000000.0,1050000000.0,9504000000.0,0.0,24517000000.0,0.0,0.6530115974560419,0.5002519805672586,2.528890247630694,0.008112800499342494,0.0,0.017833486191786405,0.0,0.0,0.0,0.0,1.341904761904762,,0.054568911645533895,0.3552188552188552,0.003527727941621142,0.0,0.47949759881787957,-1.0,1.0,-1.0,-1.0,-0.02185380557648832,-0.6212121212121212,0.0,-1.0,-1.0,-1.0,,,TVC
2018Q1,2018,Q1,2018-05-04,2018-03-31,462000000.0,2792000000.0,765000000.0,880.0,1327000000.0,0.4752865329512894,50507000000.0,9364000000.0,4143000000.0,6475000000.0,40575000000.0,1047000000.0,9033000000.0,12972750.0,24847972750.0,17836.190476190477,0.6398455598455598,0.5153345080879878,2.779581375480564,0.02132463622679378,17836.190476190477,0.04933788979068774,0.004646400429799427,0.0070198863636363636,0.0013853855190089706,0.0,1.399235912129895,0.0,0.05527946621260419,0.3894980694980695,0.009147246916269032,0.01811836592178771,0.4752865329512894,0.6041708441949066,7.555555555555555,0.018606348048157733,0.8133230054221533,0.1589519650655022,0.6041666666666666,0.2792642140468227,-0.06854838709677424,-0.02479916171847699,0.4003289965604906,,,TVC
2017Q4,2017,Q4,2018-02-02,2017-12-31,288000000.0,2549000000.0,598000000.0,548.57,1145000000.0,0.4491957630443311,49977000000.0,8886000000.0,3410000000.0,7210000000.0,40521000000.0,1047000000.0,8571000000.0,13177500.0,25518177500.0,16925.714285714286,0.47295423023578365,0.5163375152570182,2.9040063020481655,0.01698381141721102,16925.714285714286,0.03241053342336259,0.005169674382110631,0.011438802083333335,0.0014829507089804187,0.0,1.340974212034384,0.0,0.051003461592332475,0.24965325936199723,0.005762650819376914,-1.4641666666666666,0.4491957630443311,1.071951956488896,2.1755102040816325,-0.011632415664986377,0.7413286302175192,0.13142292490118576,1.0719424460431655,0.3259423503325942,2.555555555555556,0.0572376607216923,0.5842396149046177,,,TVC
2017Q3,2017,Q3,2017-11-15,2017-09-30,139000000.0,3075000000.0,451000000.0,264.76,1012000000.0,0.32910569105691057,50017000000.0,8561000000.0,3446000000.0,6401000000.0,40884000000.0,1065000000.0,8282000000.0,13371750.0,25487371750.0,16306.666666666666,0.5383533822840181,0.5153047963692344,3.010629599345871,0.012938948817994032,16306.666666666666,0.01623642097885761,0.004348536585365854,0.024049910071942446,0.001561937857726901,0.0,1.9370892018779342,0.0,0.06147909710698363,0.29198562724574284,0.002779055121258772,0.06652611940298507,0.32910569105691057,-0.4034384083278881,-0.6028571428571429,-0.05992051360440242,0.6073976717987232,-0.08746618575293057,-0.4034334763948498,-0.19607843137254902,-0.5683229813664596,-0.028742893240682348,0.5556968926040342,,,TVC
2017Q2,2017,Q2,2017-08-01,2017-06-30,233000000.0,2571000000.0,561000000.0,443.81,1109000000.0,0.43134966938934266,49991000000.0,8417000000.0,3413000000.0,6176000000.0,41000000000.0,1151000000.0,8143000000.0,13371750.0,25484371750.0,16032.380952380952,0.5526230569948186,0.5155327959032626,3.061898538671736,0.016129032258064516,16032.380952380952,0.027682071997148627,0.005200991831971995,0.014347371244635193,0.0015886598550552452,0.0,1.2701998262380538,0.0,0.05142925726630793,0.2854598445595855,0.004660838951011182,-0.106974,0.43134966938934266,0.10427967156008965,11.130434782608695,-0.0741807706157724,0.7045362494937221,0.007266121707538601,0.10426540284360189,0.05056179775280899,3.876543209876543,-0.030177291588079955,0.6346863468634686,,,TVC
2017Q1,2017,Q1,2017-05-02,2017-03-31,211000000.0,2547000000.0,534000000.0,401.9,1101000000.0,0.43227326266195526,49804000000.0,8773000000.0,3279000000.0,5169000000.0,41031000000.0,1148000000.0,7908000000.0,13308750.0,25310308750.0,16710.47619047619,0.6343586767266396,0.5139547024335395,2.9177020403510774,0.015265866209262435,16710.47619047619,0.024051065769976062,0.005225265017667844,0.01576866113744076,0.001517012424484213,0.0,1.259581881533101,0.0,0.05114047064492812,0.3114722383439737,0.00423660750140551,0.042931451612903224,0.43227326266195526,1.0685573112357816,3.24468085106383,-0.02188940092165896,0.7591738520152398,0.10653266331658291,1.0686274509803921,0.24475524475524477,-0.2847457627118644,-0.13308373042886315,0.6691400304414005,,,TVC
2016Q4,2016,Q4,2017-01-31,2016-12-31,102000000.0,2546000000.0,429000000.0,194.29,995000000.0,0.3908091123330715,49864000000.0,7973000000.0,3426000000.0,6225000000.0,41313000000.0,1120000000.0,7697000000.0,12999000.0,25587999000.0,15186.666666666666,0.5503614457831325,0.5189114391143912,3.2453279819390444,0.012438387938532908,15186.666666666666,0.01279317697228145,0.005105655930871956,0.03186029411764706,0.0016303775241439862,0.0,1.3848214285714286,0.0,0.05105888015401893,0.281285140562249,0.0020455639339002087,-0.12036111111111111,0.3908091123330715,-0.845685238870577,1.5895953757225436,-0.008566978193146514,0.5651747153513937,-0.3588917525773196,-0.8456883509833586,-0.8843354003774603,2.5223880597014925,0.06884970612930309,0.6051942822629351,,,TVC
2016Q3,2016,Q3,2016-11-15,2016-09-30,661000000.0,3286000000.0,3709000000.0,1259.05,1552000000.0,0.4723067559342666,50494000000.0,7840000000.0,3644000000.0,5862000000.0,42074000000.0,993000000.0,7594000000.0,13660500.0,25529660500.0,14933.333333333334,0.6216308427157966,0.5112686655840298,3.2928571428571427,0.10813411078717201,14933.333333333334,0.08431122448979592,0.004157181984175289,0.00516660363086233,0.0017424107142857141,0.0,1.7462235649546827,0.0,0.06507703885610172,0.34919822586148075,0.013090664237335129,0.0352984496124031,0.4723067559342666,1.2714643958938463,2.3553299492385786,-0.030106257378984574,0.49933065595716203,0.36379613356766255,1.2714776632302405,7.553003533568905,0.3945147679324894,0.08305866842452209,0.3883477952895342,,,TVC
2016Q2,2016,Q2,2016-08-02,2016-06-30,291000000.0,2479000000.0,-566000000.0,554.29,1138000000.0,0.4590560709963695,49980000000.0,7153000000.0,3535000000.0,4776000000.0,42244000000.0,1058000000.0,6932000000.0,13466250.0,25740466250.0,13624.761904761905,0.7401591289782244,0.5207683073229292,3.63875297078149,-0.016695672694020825,13624.761904761905,0.04068223123165106,0.005432129891085115,0.01156894329896907,0.001882601705578079,0.0,1.2674858223062382,0.0,0.04959983993597439,0.37479061976549416,0.005822328931572629,-0.192375,0.4590560709963695,-0.08489211008568469,2.2125000000000004,-0.06699284907790747,0.3992566510172144,-0.03640982218458933,-0.08490566037735849,-1.9609507640067911,25.250000000000004,-0.04727132974634904,0.3878540939076446,,,TVC
2016Q1,2016,Q1,2016-05-03,2016-03-31,318000000.0,2571000000.0,589000000.0,605.71,1181000000.0,0.45935433683391674,49116000000.0,6888000000.0,3247000000.0,4619000000.0,41643000000.0,1081000000.0,6640000000.0,13387500.0,25531387500.0,13120.0,0.7029660099588656,0.5256739148139099,3.748403019744483,0.017705765646606145,13120.0,0.046167247386759584,0.005207117852975496,0.010524764150943397,0.0019435975609756097,0.0,1.2858464384828863,0.0,0.052345467871976546,0.3321065165620264,0.006474468604935255,0.08064759036144578,0.45935433683391674,9.594533841854958,0.2569169960474307,-0.13376010781671158,0.282442748091603,0.45264452644526443,9.594594594594595,1.5833333333333333,4.8888888888888875,-0.06202116016052537,0.3338497288923314,,,TVC
2015Q4,2015,Q4,2016-02-03,2015-12-31,-37000000.0,2280000000.0,228000000.0,-70.47619,813000000.0,0.35657894736842105,48742000000.0,6574000000.0,3284000000.0,4610000000.0,41581000000.0,1146000000.0,6321000000.0,13131405.0,25713131405.0,12521.904761904761,0.7123644251626898,0.5336465471256822,3.9566473988439306,0.006867263034245956,12521.904761904761,-0.0056282324307879526,0.005759388157894737,-0.08872570945945946,0.0019974756616975967,0.0,1.280104712041885,0.0,0.04677690697960691,0.3362255965292842,-0.0007590989290550244,-0.02911619733924612,0.35657894736842105,-1.0737052154906452,0.22916666666666663,-0.19377652050919378,0.27948618139353837,-0.45872170439414117,-1.0737051792828685,-0.7035110533159948,0.8489795918367347,-0.11593640946103134,0.28826180678032526,,,TVC
2015Q3,2015,Q3,2015-11-20,2015-09-30,502000000.0,3171000000.0,769000000.0,956.19,1502000000.0,0.47366761274046043,48825000000.0,6613000000.0,3506000000.0,3935000000.0,41622000000.0,1031000000.0,6357000000.0,12941250.0,25357941250.0,12596.190476190477,0.8909783989834815,0.5252432155657962,3.8779676394979585,0.023392346535255824,12596.190476190477,0.07591108422803569,0.004081125827814569,0.006444845617529881,0.0019569408740359893,0.0,1.6188166828322017,0.0,0.06494623655913978,0.48284625158831,0.010281618023553507,0.031183734939759036,0.47366761274046043,14.688105004101722,1.601036269430052,-0.04372738238841978,0.28732723379404335,0.5516528925619835,14.6875,1.5130718954248366,0.4342857142857143,-0.030571690614491037,0.2416447615471274,,,TVC
2015Q2,2015,Q2,2015-08-04,2015-06-30,32000000.0,2558000000.0,306000000.0,60.95,968000000.0,0.3784206411258796,47320000000.0,6727000000.0,3831000000.0,5265000000.0,40593000000.0,1126000000.0,5852000000.0,12568500.0,25783568500.0,12813.333333333334,0.7276353276353277,0.5551775147928995,3.9053069719042663,0.009103078982597055,12813.333333333334,0.00475694960606511,0.004913408913213448,0.09819140625000002,0.001868366285119667,0.0,1.4120781527531083,0.0,0.054057480980557904,0.39411206077872746,0.000676246830092984,-0.02916125290023202,0.3784206411258796,-0.9354862610610102,-0.8391959798994975,-0.01120989563200622,0.3508032128514056,-0.2887582659808964,-0.9354838709677419,-0.6056701030927835,2.391304347826087,-0.07886208138278714,0.3622924260834346,,,TVC
2015Q1,2015,Q1,2015-05-01,2015-03-31,496000000.0,2863000000.0,776000000.0,944.76,1361000000.0,0.47537548026545584,46394000000.0,6687000000.0,3792000000.0,4610000000.0,39707000000.0,1135000000.0,5819000000.0,13067250.0,25237067250.0,12737.142857142857,0.8225596529284165,0.5545113592274863,3.8471661432630477,0.023479576399394856,12737.142857142857,0.07417377000149544,0.004564180929095355,0.0065863155241935485,0.0019541274113952446,0.0,1.3233480176211454,0.0,0.061710566021468294,0.4195227765726681,0.010691037634176833,0.04568968531468531,0.47537548026545584,5.1232743534901815,0.15348837209302335,0.0919145690312737,0.37791057078096035,0.4478723404255319,5.1234567901234565,1.1318681318681318,6.276595744680852,0.09946236559139779,0.34088630439141776,,,TVC
2014Q4,2014,Q4,2015-02-04,2014-12-31,81000000.0,2411000000.0,364000000.0,154.29,940000000.0,0.38987971795935294,45933000000.0,5609000000.0,3622000000.0,4512000000.0,39726000000.0,1130000000.0,5323000000.0,12552750.0,25572552750.0,10683.809523809523,0.8027482269503546,0.5673263231228093,4.645926190051703,0.011248802496986928,10683.809523809523,0.014441076840791585,0.0052064496059726255,0.03874305555555556,0.0022379657692993406,0.0,1.3017699115044248,0.0,0.05248949556963403,0.4142287234042553,0.001763438051074391,-0.025257042253521128,0.38987971795935294,-0.7484388502111425,-0.46,0.02639421030225617,0.2695789950203711,-0.23452768729641693,-0.7484472049689441,-0.39028475711892796,1.4682080924855492,-0.061137071651090384,0.10109933254809568,,,TVC
2014Q3,2014,Q3,2014-11-17,2014-09-30,322000000.0,3166000000.0,597000000.0,613.33,1228000000.0,0.38787113076437146,45596000000.0,5503000000.0,3788000000.0,4449000000.0,39492000000.0,1056000000.0,5240000000.0,12552750.0,25090552750.0,10481.904761904761,0.8514272870307934,0.560970260549171,4.648010176267491,0.01879012967392673,10481.904761904761,0.05851353807014356,0.0039648610233733415,0.009745923913043478,0.002281073959658368,0.0,1.8352272727272727,0.0,0.06943591543117818,0.48909867385929423,0.0070620229844723225,0.05041265060240964,0.38787113076437146,4.97528714746168,-0.6976525821596244,0.18178424785367675,0.30464675201517294,0.5465994962216625,4.9753086419753085,2.015151515151515,0.634517766497462,-0.06552538370720179,0.05240007649646199,,,TVC
2014Q2,2014,Q2,2014-08-05,2014-06-30,-81000000.0,2651000000.0,198000000.0,-154.28571,794000000.0,0.2995096190116937,44695000000.0,5149000000.0,3754000000.0,5294000000.0,38943000000.0,1063000000.0,4917000000.0,12521250.0,25328521250.0,9807.619047619048,0.7091046467699282,0.577715628146325,5.014760147601476,0.0062535531552018195,9807.619047619048,-0.015731209943678385,0.004723217653715579,-0.03864583333333334,0.0024317828704602837,0.0,1.746942615239887,0.0,0.05931312227318492,0.3881752927842841,-0.0018122832531603087,-0.50085,0.2995096190116937,-1.2745785904965297,-1.4070351758793969,0.024739080015461837,0.033935742971887506,-0.32078699743370404,-1.2745762711864406,-0.65625,0.6625000000000001,-0.0022581859239744328,0.007237871674491429,,,TVC
2014Q1,2014,Q1,2014-05-06,2014-03-31,295000000.0,2938000000.0,576000000.0,561.9,1169000000.0,0.39788972089857044,45023000000.0,5256000000.0,3717000000.0,4123000000.0,39162000000.0,1047000000.0,4997000000.0,12153750.0,25281153750.0,10011.42857142857,0.9015280135823429,0.5724851742442751,4.9039193302891935,0.01814573291749362,10011.42857142857,0.056126331811263315,0.004136742682096664,0.01029978813559322,0.002312357305936073,0.0,1.6895893027698186,0.0,0.06525553605934745,0.47416929420325005,0.006552206649934478,0.03574632352941177,0.39788972089857044,5.4029476790494835,1.2180451127819547,0.0017047391749061773,0.6137549892539145,0.4967989756722151,5.402985074626866,1.6422018348623852,0.1660079051383399,-0.01010781671159025,-0.021411282815118338,,,TVC
2013Q4,2013,Q4,2014-02-04,2013-12-31,-67000000.0,2382000000.0,218000000.0,-127.61905,781000000.0,0.32787573467674225,45032000000.0,4967000000.0,3932000000.0,4436000000.0,39458000000.0,1153000000.0,4700000000.0,10988250.0,25609988250.0,9460.952380952382,0.8863841298467088,0.5838070705276248,5.2929333601771695,0.006808882781022582,9460.952380952382,-0.013489027582041473,0.004613035264483627,-0.041000932835820895,0.0022122508556472716,0.0,1.388551604509974,0.0,0.05289571860010659,0.47137060414788096,-0.001487830875821638,-0.037375,0.32787573467674225,-1.1413497662982077,0.7803278688524591,-0.22586935326616836,0.6142346441338968,-0.6282722513089005,-1.141350210970464,-0.7127799736495388,-0.3958333333333333,-0.1577086280056578,-0.03328143246399364,,,TVC
2013Q3,2013,Q3,2013-11-18,2013-09-30,474000000.0,3034000000.0,759000000.0,902.86,2101000000.0,0.6924851680949242,46106000000.0,5647000000.0,4906000000.0,4982000000.0,40459000000.0,1091000000.0,4767000000.0,11670750.0,25290670750.0,10756.190476190477,0.9847450822962666,0.5830260703596061,4.760226669027802,,10756.190476190477,0.08393837435806623,0.003846654581410679,0.006155458860759494,0.002066716840800425,0.0,0.8551787351054079,0.0,0.0658048843968247,0.6360899237254115,0.010280657615060947,0.022061909262759926,0.6924851680949242,40.50012993751624,-0.17421602787456436,0.02777777777777777,0.5849003648610722,0.24540604623592174,40.5,1.7302158273381294,1.4559585492227982,-0.08504221954161637,0.09927973525403944,,,TVC
2013Q2,2013,Q2,2013-08-05,2013-06-30,-12000000.0,2602000000.0,278000000.0,-22.85714,1687000000.0,0.648347425057648,46480000000.0,5154000000.0,4267000000.0,6136000000.0,41326000000.0,1164000000.0,4292000000.0,12915000.0,25728915000.0,9817.142857142857,0.6954041720990873,0.574354561101549,5.179666278618549,0.008430117961003123,9817.142857142857,-0.002328288707799767,0.004963489623366641,-0.2690625,0.0025058207217695,0.0,0.7860824742268041,0.0,0.05598106712564544,0.4028683181225554,-0.00025817555938037863,-0.06179425837320574,0.648347425057648,-1.222216021777173,-1.12,0.01959247648902825,0.7359380262714718,-0.052779337450870295,-1.2222222222222223,-0.2299168975069252,-1.0603015075376885,0.005798221878623862,0.03493975903614449,,,TVC
2013Q1,2013,Q1,2013-05-03,2013-03-31,54000000.0,2741000000.0,361000000.0,102.86,1781000000.0,0.6497628602699744,46492000000.0,5164000000.0,4119000000.0,6228000000.0,41328000000.0,1178000000.0,4302000000.0,14096250.0,25479096250.0,9836.190476190477,0.6613680154142582,0.5674954830938657,5.109217660728118,0.011040430607376597,9836.190476190477,0.010457010069713401,0.00514273987595768,0.06526041666666667,0.002729715336948102,0.0,0.8149405772495756,0.0,0.058956379592187906,0.36608863198458574,0.0011614901488428116,0.0424585843373494,0.6497628602699744,1.220414284139898,-0.26027397260273966,0.11695191524042366,0.73989218328841,0.1564935064935065,1.220408163265306,5.446428571428571,-0.8744186046511627,0.04538520213577409,0.06408407170822192,,,TVC
2012Q4,2012,Q4,2013-02-05,2012-12-31,-245000000.0,2579000000.0,56000000.0,-466.66667,1540000000.0,0.5971306708026367,46933000000.0,5103000000.0,4193000000.0,6057000000.0,41830000000.0,1094000000.0,4249000000.0,13970250.525,25840970250.525,9720.0,0.6922568928512465,0.5697270577205804,5.239858906525574,0.0016948639569020307,9720.0,-0.04801097393689986,0.005416925368359829,-0.014255357678571428,0.002737654423868313,0.0,0.9497257769652651,0.0,0.054950674365584984,0.3859996698035331,-0.005220207529883025,-0.03554771125954199,0.5971306708026367,-1.6999965050174748,-13.411764705882355,0.09744680851063829,0.7304170905391659,-0.29162833486660533,-1.7,-0.9123630672926447,-2.6333333333333333,0.09791400595998286,0.15504753282028064,,,TVC
2012Q3,2012,Q3,2012-11-16,2012-09-30,350000000.0,3271000000.0,639000000.0,666.67,2174000000.0,0.664628553959034,47334000000.0,5326000000.0,4506000000.0,6988000000.0,42008000000.0,1097000000.0,4492000000.0,14075249.475000001,25937075249.475,10144.761904761905,0.6448196908986834,0.5659990704356277,5.030229064964326,,10144.761904761905,0.06571535861809989,0.004303041722714767,0.010053749625,0.002642743048253849,0.0,1.0,0.0,0.06910466049773947,0.362621637092158,0.007394262052647146,0.019467841597510374,0.664628553959034,16.217468714562497,28.166666666666664,0.27425009738994954,0.787248322147651,0.1964777105118327,16.217391304347824,1.2985611510791366,-0.6713615023474179,0.2209779768570362,0.2626837363679468,,,TVC
2012Q2,2012,Q2,2012-08-03,2012-06-30,-23000000.0,2777000000.0,278000000.0,-43.80952,1817000000.0,0.6543032048973713,46825000000.0,4938000000.0,4052000000.0,6898000000.0,41887000000.0,1145000000.0,4141000000.0,14043750.0,26626043750.0,9405.714285714286,0.587416642505074,0.5736038441003737,5.439246658566221,,9405.714285714286,-0.004657756176589712,0.005057166006481815,-0.15264945652173914,0.0028440157958687724,0.0,0.8384279475982532,0.0,0.059305926321409505,0.27297767468831546,-0.0004911906033101976,-0.109716796875,0.6543032048973713,0.7553191715142598,-1.1185567010309279,0.24194991055456158,0.6581598388179988,0.03769274700171331,0.7553191489361702,0.13008130081300814,-1.1155778894472361,0.0734441437959025,-0.008433734939759036,,,TVC
2012Q1,2012,Q1,2012-05-04,2012-03-31,-94000000.0,2604000000.0,246000000.0,-179.04762,1751000000.0,0.6724270353302612,46261000000.0,4987000000.0,3915000000.0,5900000000.0,41274000000.0,1171000000.0,4164000000.0,14117249.475,26353117249.475,9499.047619047618,0.6635593220338983,0.5773761916084823,5.355925406055745,,9499.047619047618,-0.018849007419290156,0.005421370766129032,-0.037545876263297875,0.002830810001002607,0.0,0.7284372331340735,0.0,0.056289314973735974,0.2767796610169492,-0.002031949158038088,0.2076066099264706,0.6724270353302612,0.4566473967389489,-1.746031746031746,0.14361001317523064,0.7690670450514366,0.08825357364822871,0.45664739884393063,0.7956204379562044,-1.7067669172932332,-0.1121718377088306,0.5311636475284003,,,TVC
2011Q4,2011,Q4,2012-02-03,2011-12-31,-173000000.0,2568000000.0,137000000.0,-329.52381,1609000000.0,0.6265576323987538,46209000000.0,5094000000.0,3748000000.0,4955000000.0,41115000000.0,1177000000.0,4257000000.0,13718249.475000001,26374718249.475,9702.857142857143,0.7564076690211907,0.5750827760825813,5.216725559481743,,9702.857142857143,-0.03396152336081665,0.0053419974591121504,-0.0198240599349711,0.0026930210983510013,0.0,0.8147833474936279,0.0,0.055573589560475235,0.3277497477295661,-0.00374385942132485,-0.024109401537785593,0.6265576323987538,-1.878168132395267,-4.3921568627450975,0.22053231939163498,0.8693577981651376,-0.2453095684803002,-1.8781725888324874,-0.7355212355212355,0.43278688524590164,-0.165420864478388,0.655508612284693,,,TVC
2011Q3,2011,Q3,2011-11-18,2011-09-30,197000000.0,3388000000.0,518000000.0,375.24,2132000000.0,0.6292798110979929,46393000000.0,5229000000.0,4043000000.0,4909000000.0,41164000000.0,1028000000.0,4429000000.0,13833750.0,23937833750.0,9960.0,0.8235893257282543,0.5266096178302762,4.672212660164467,,9960.0,0.03767450755402563,0.004083161157024793,0.017555520304568528,0.0026455823293172693,0.0,1.2217898832684826,0.0,0.0730282585734917,0.45752699124057855,0.004246330265341754,-0.37388513513513516,0.6292798110979929,3.473000357611158,-0.04368932038834957,0.19379844961240314,0.9373842163764358,0.26453143534994067,1.8208333333333333,5.317073170731708,-0.6567944250871081,0.14769647696476954,0.46758349705304514,,,TVC
2011Q2,2011,Q2,2011-08-11,2011-06-30,-240000000.0,2657000000.0,82000000.0,83.89,1686000000.0,0.6345502446368084,43620000000.0,5112000000.0,4126000000.0,4066000000.0,38508000000.0,1060000000.0,4230000000.0,13251000.0,25358251000.0,9737.142857142857,1.014756517461879,0.5934662998624484,5.063967136150235,,9737.142857142857,-0.046948356807511735,0.004987203613097478,-0.013803124999999998,0.002592136150234742,0.0,0.9160377358490566,0.0,0.06091242549289317,0.514018691588785,-0.005502063273727648,-0.06134722222222222,0.6345502446368084,-0.8259182402988172,-2.481481481481482,0.18510258697591422,0.0,-0.1309278350515464,-1.948616600790514,-0.855379188712522,-3.4000000000000004,0.04114420062695925,0.7217918491074435,,,TVC
2011Q1,2011,Q1,2011-05-03,2011-03-31,253000000.0,2968000000.0,567000000.0,481.9,1940000000.0,0.6536388140161725,43521000000.0,5371000000.0,4206000000.0,2400000000.0,38150000000.0,1136000000.0,4470000000.0,13214250.0,25157214250.0,10230.47619047619,1.7525,0.5950920245398773,4.822007075032582,,10230.47619047619,0.0471048221932601,0.0044522405660377355,0.01305755928853755,0.0024602960342580524,0.0,0.9049295774647887,0.0,0.06819696238597459,0.8991666666666667,0.005813285540313871,0.04949157303370787,0.6536388140161725,6.270781332355959,17.07142857142857,0.44921875,0.0,0.12138728323699421,6.270833333333333,1.1,2.4657534246575348,0.20945395273023618,0.8096361185983829,,,TVC
2010Q4,2010,Q4,2011-02-02,2010-12-31,-48000000.0,2828000000.0,270000000.0,-91.42857,1730000000.0,0.6117397454031117,42629000000.0,5138000000.0,3760000000.0,3681000000.0,37491000000.0,1144000000.0,4217000000.0,13167000.0,25416167000.0,9786.666666666666,1.0214615593588698,0.601585774941941,4.991241728298949,,9786.666666666666,-0.009342156481121059,0.004655940594059406,-0.06857812499999999,0.0025626702997275205,0.0,0.9597902097902098,0.0,0.06633981561847568,0.44797609345286604,-0.0011259940416148632,-0.0627,0.6117397454031117,-1.248704015015505,0.09433962264150939,0.3781676413255362,0.0,2.522887323943662,-1.2487046632124352,-0.47058823529411764,-1.823529411764706,0.20340425531914902,0.742285520515429,,,TVC
2010Q3,2010,Q3,2010-11-19,2010-09-30,193000000.0,3316000000.0,510000000.0,367.62,-1136000000.0,-0.3425814234016888,42753000000.0,5137000000.0,3848000000.0,3602000000.0,37616000000.0,0.0,0.0,14091000.0,24463091000.0,9784.761904761905,1.0682953914491948,0.5795382780155779,4.823243138018299,,9784.761904761905,0.037570566478489394,0.004249396863691194,0.018252590673575132,0.0027430406852248395,0.0,0.0,0.0,0.07756180852805651,0.5460855080510827,0.004514303089841649,0.2935625,-0.3425814234016888,-0.030154333201424632,-0.06310679611650499,0.16842847075405223,0.9032975175991108,-1.6307606885063854,-0.03015075376884422,-0.007782101167315175,15.083333333333332,0.2917802882742502,0.7238255033557047,,,TVC
2010Q2,2010,Q2,2010-08-02,2010-06-30,199000000.0,2587000000.0,514000000.0,379.05,1801000000.0,0.6961731735601082,40711000000.0,4980000000.0,2696000000.0,4141000000.0,35731000000.0,1053000000.0,4071000000.0,14096250.0,25154096250.0,9485.714285714286,0.6510504709007486,0.6223870698337058,5.087951807228916,,9485.714285714286,0.03995983935742972,0.005448879010436799,0.017708856783919598,0.0028305722891566265,0.0,0.7464387464387464,0.0,0.06354547910884037,0.3817918377203574,0.004888113777603105,-0.0559375,0.6961731735601082,-0.5372077406751724,0.2283950617283951,0.1538804638715432,0.0,0.4282315622521808,-0.5372093023255814,-0.3119143239625167,0.025773195876288645,0.15697674418604649,0.6722632639355273,,,TVC
2010Q1,2010,Q1,2010-04-30,2010-03-31,430000000.0,2622000000.0,747000000.0,819.05,1261000000.0,0.48093058733791,39909000000.0,4853000000.0,2399000000.0,4548000000.0,35056000000.0,993000000.0,3871000000.0,13980749.475000001,25037980749.475,9243.809523809523,0.5274846086191732,0.6320880002004561,5.198021842159489,,9243.809523809523,0.08860498660622296,0.005332093621281465,0.008128342718023256,0.002880846790644962,0.0,1.3705941591137967,0.0,0.0656994662858002,0.297273526824978,0.010774512014833747,-0.15196466820652177,0.48093058733791,1.8667180007700115,29.714285714285715,0.28027343750000017,0.0,-0.27570361860999426,1.8666666666666667,0.5859872611464968,2.4126984126984126,0.15151515151515169,0.7215324583185526,,,TVC
2009Q4,2009,Q4,2010-02-03,2009-12-31,150000000.0,2349000000.0,471000000.0,285.71,1741000000.0,0.741166453810132,39785000000.0,4418000000.0,2372000000.0,4096000000.0,35367000000.0,1020000000.0,3442000000.0,13686750.0,25006686750.0,8415.238095238095,0.5791015625,0.6344853588035692,5.713671344499773,,8415.238095238095,0.033952014486192846,0.005826628352490422,0.022811249999999998,0.0030979515617926665,0.0,0.596078431372549,0.0,0.0590423526454694,0.327880859375,0.0037702651753173306,-0.062496575342465756,0.741166453810132,-0.7933919558017442,3.8301886792452833,0.1447368421052633,0.0,0.0935929648241206,-0.8591549295774648,-0.6554498902706657,1.9411764705882355,0.11644486692015217,0.6212844036697247,,,TVC
2009Q3,2009,Q3,2009-11-25,2009-09-30,1065000000.0,2679000000.0,1367000000.0,1382.86,1592000000.0,0.5942515864128406,40017000000.0,4218000000.0,2465000000.0,4277000000.0,35799000000.0,961000000.0,3291000000.0,14185500.0,23856185500.0,8034.285714285715,0.5763385550619593,0.6008196516480496,5.700094831673779,,8034.285714285715,0.2524893314366999,0.005295072788353864,0.0033299295774647884,0.0033630867709815077,0.0,1.1311134235171696,0.0,0.06694654771722018,0.3516483516483517,0.026613689182097607,-0.016649647887323944,0.5942515864128406,3.2209266833526637,4.1699029126213585,-0.056025369978858236,0.5628010374212673,0.04530531845042679,7.377245508982036,8.695035460992909,4.1699029126213585,-0.056025369978858236,0.5628010374212673,,,TVC
2009Q2,2009,Q2,2009-07-31,2009-03-31,-167000000.0,2566000000.0,141000000.0,327.62,1523000000.0,0.5935307872174591,37093000000.0,3174000000.0,2479000000.0,4535000000.0,33919000000.0,1032000000.0,2227000000.0,13466250.0,23028466250.0,6203.809523809524,0.5053941908713693,0.6148836470494798,7.131102241326374,,6203.809523809524,0.04083512434755911,0.004591288782816229,0.025312499999999998,0.004134556340190359,0.0,1.201951219512195,0.0,0.07764805548937072,0.29273858921161827,0.003521033542477431,0.020749229583975348,0.5799522673031027,0.4360655696721311,8.5,0.43212890625000017,0.0,0.004132231404958678,1.4360655737704917,11.285714285714286,8.5,0.43212890625000017,0.0,,,TVC
2009Q1,2009,Q1,2009-05-01,2009-03-31,133000000.0,2933000000.0,430000000.0,-327.61905,1701000000.0,0.5799522673031027,37773000000.0,3257000000.0,2436000000.0,4820000000.0,34516000000.0,1025000000.0,2396000000.0,13466250.0,23028466250.0,6203.809523809524,0.5053941908713693,0.6148836470494798,7.131102241326374,,6203.809523809524,0.04083512434755911,0.004591288782816229,0.025312499999999998,0.004134556340190359,0.0,1.201951219512195,0.0,0.07764805548937072,0.29273858921161827,0.003521033542477431,0.020749229583975348,0.5799522673031027,0.4360655696721311,8.5,0.43212890625000017,0.0,0.004132231404958678,1.4360655737704917,11.285714285714286,8.5,0.43212890625000017,0.0,,,TVC
2008Q4,2008,Q4,2009-02-12,2008-12-31,-305000000.0,3077000000.0,35000000.0,-580.952380952381,1694000000.0,0.5505362365940851,38023000000.0,3077000000.0,2422000000.0,5633000000.0,38023000000.0,876000000.0,2264000000.0,13324499.475000001,23884324499.475,5860.952380952381,0.4299662701935026,0.6318281040422902,7.807604809879753,,5860.952380952381,-0.09912252193695158,0.004330354070523237,-0.010921720881147541,0.004330354070523237,0.0,1.5787671232876712,0.0,0.080924703468953,0.2744541097106338,-0.008021460694842596,0.07402499708333334,0.5505362365940851,-1.489565237978866,-4.754716981132075,0.49951267056530213,0.0,0.0059382422802850355,-1.5313588850174216,-0.9618736383442266,-4.754716981132075,0.49951267056530213,0.0,,,TVC
2008Q3,2008,Q3,2008-12-15,2008-09-30,574000000.0,2952000000.0,918000000.0,1186.67,1684000000.0,0.5704607046070461,37137000000.0,3563000000.0,2503000000.0,4252000000.0,37137000000.0,779000000.0,2571000000.0,13235249.475,23772235249.475,6786.666666666667,0.5886641580432738,0.6455017906669898,6.728038170081392,,6786.666666666667,0.16110019646365423,0.004483485594512195,0.0057644814786585365,0.003714636394891945,0.0,1.6277278562259307,0.0,0.0794894579529849,0.3805268109125118,0.015456283490858173,0.24064089954545453,0.5704607046070461,5.229892902141958,1.786407766990291,0.04016913319238913,0.32011856243052994,0.09421702404158544,4.74,1.0816326530612246,1.786407766990291,0.04016913319238913,0.32011856243052994,,,TVC
2008Q2,2008,Q2,2008-12-15,2008-06-30,100000000.0,2552000000.0,441000000.0,190.48,1539000000.0,0.6030564263322884,35538000000.0,2969000000.0,2649000000.0,4235000000.0,35538000000.0,844000000.0,1999000000.0,13193249.475000001,23911193249.475,5655.238095238095,0.6255017709563164,0.6809049468174911,8.1502189289323,,5655.238095238095,0.033681374200067365,0.005169768603056427,0.032983123687500004,0.004443667724823173,0.0,1.2002369668246446,0.0,0.07181045641285384,0.3974025974025974,0.0028138893578704485,-0.027951799735169494,0.6030564263322884,0.7856941970563419,-0.382716049382716,0.13826940231935758,0.0,0.037761294672960216,0.3698630136986301,0.09158415841584158,-0.382716049382716,0.13826940231935758,0.0,,,TVC
2008Q1,2008,Q1,2008-05-12,2008-03-31,73000000.0,2454000000.0,404000000.0,106.67,1483000000.0,0.604319478402608,34773000000.0,2968000000.0,2914000000.0,4790000000.0,34773000000.0,771000000.0,1989000000.0,13067249.475,23390067249.475,5653.333333333333,0.6083507306889353,0.6941305035516061,8.132412398921833,,5653.333333333333,0.024595687331536387,0.005324877536674816,0.04475085436643836,0.004402712087264151,0.0,1.2594033722438391,0.0,0.07057199551376067,0.42860125260960336,0.0020993299398958964,0.04700449451438849,0.604319478402608,4.2942205882352935,4.2142857142857135,0.19824218750000017,0.0,0.0480565371024735,5.294117647058823,0.2948717948717949,4.2142857142857135,0.19824218750000017,0.0,,,TVC
2007Q4,2007,Q4,2008-02-12,2007-12-31,-17000000.0,2350000000.0,312000000.0,-32.38095238095238,1415000000.0,0.6021276595744681,33787000000.0,2949000000.0,2398000000.0,5194000000.0,33787000000.0,768000000.0,1919000000.0,12390000.0,23685390000.0,5617.142857142857,0.46168656141701964,0.7053304525409181,8.08104442183791,,5617.142857142857,-0.005764665988470668,0.005272340425531915,-0.1822058823529412,0.004201424211597152,0.0,1.2174479166666667,0.0,0.06955337851836506,0.28937235271467077,-0.0005031520999200876,-0.06195,0.6021276595744681,-2.4164896054659835,0.6792452830188679,0.14522417153996103,0.0,-0.0733464309102816,-2.4166666666666665,-0.21804511278195488,0.6792452830188679,0.14522417153996103,0.0,,,TVC
2007Q3,2007,Q3,2007-12-12,2007-09-30,12000000.0,2567000000.0,399000000.0,22.86,1527000000.0,0.5948578106739385,33902000000.0,2980000000.0,2431000000.0,3423000000.0,33902000000.0,663000000.0,1939000000.0,11943750.0,23529943750.0,5676.190476190476,0.710195734735612,0.6985723556132382,7.9473154362416105,,5676.190476190476,0.004026845637583893,0.004652804830541488,0.24882812499999998,0.004007969798657718,0.0,1.5686274509803921,0.0,0.0757182467111085,0.4726847794332457,0.00035396141820541563,0.04702263779527559,0.5948578106739385,-0.9381359601645377,-0.941747572815534,-0.09548978153629316,0.10411263430900337,0.04804392587508579,-0.9381443298969072,0.10833333333333334,-0.941747572815534,-0.09548978153629316,0.10411263430900337,,,TVC
2007Q2,2007,Q2,2007-08-14,2007-06-30,194000000.0,2236000000.0,360000000.0,369.52,1457000000.0,0.6516100178890877,33847000000.0,2978000000.0,2298000000.0,4255000000.0,33847000000.0,719000000.0,1929000000.0,11996250.0,23731996250.0,5672.380952380952,0.5400705052878966,0.704848287883712,8.011081262592343,,5672.380952380952,0.0651443922095366,0.005365049194991056,0.015459085051546393,0.004028290799194091,0.0,1.0834492350486786,0.0,0.06606198481401601,0.32784958871915393,0.005731674889945933,-0.0568542654028436,0.6516100178890877,0.5396666666666666,0.1975308641975309,-0.0026761819803746956,0.0,0.0027529249827942187,0.5396825396825397,-0.06735751295336788,0.1975308641975309,-0.0026761819803746956,0.0,,,TVC
2007Q1,2007,Q1,2007-05-15,2007-03-31,126000000.0,2277000000.0,386000000.0,240.0,1453000000.0,0.6381203337725077,34167000000.0,2819000000.0,2437000000.0,4419000000.0,34167000000.0,690000000.0,1736000000.0,12563250.0,23499563250.0,5369.523809523809,0.5514822357999547,0.6985980624579272,8.467186945725434,,5369.523809523809,0.044696700957786446,0.005517457180500659,0.024927083333333332,0.004456633557999291,0.0,1.1942028985507247,0.0,0.06664325226095355,0.35143697669155916,0.0036877688998156115,0.06543359375,0.6381203337725077,1.4706609017912293,8.0,0.11181640625,0.0,0.06446886446886448,1.4705882352941178,0.22151898734177214,8.0,0.11181640625,0.0,,,TVC
