Year,Date,FillingDate,NetIncome,Revenue,OperatingIncome,EPSDiluted,GrossProfit,GrossProfitRatio,TotalAssets,CommonStockEquity,CurrentAssets,CurrentLiability,TotalLiability,Inventory,RetainedEarnings,EnterpriseValue,bookValuePerShare,currentRatio,debtToAssets,debtToEquity,roic,shareholdersEquityPerShare,roe,priceToSalesRatio,peRatio,pbRatio,payoutRatio,inventoryTurnover,dividendYield,assetTurnover,quickRatio,returnOnAssets,priceToFreeCashFlowsRatio,grossProfitMargin,epsdilutedGrowth,fiveYNetIncomeGrowthPerShare,fiveYRevenueGrowthPerShare,fiveYShareholdersEquityGrowthPerShare,grossProfitGrowth,netIncomeGrowth,operatingIncomeGrowth,threeYNetIncomeGrowthPerShare,threeYRevenueGrowthPerShare,threeYShareholdersEquityGrowthPerShare,Industry,Sector,Price,MarketCap,AvgVolume,Symbol
2022,2022-12-31,2022-12-31,7660000000.0,37884000000.0,10809000000.0,13.41,15424000000.0,0.4071375779,54586000000.0,25818000000.0,16342000000.0,14280000000.0,28723000000.0,7632000000.0,11928000000.0,52629561920.0,45.32145264577014,1.1443977591036414,0.2185175686073352,0.46200325354403904,0.20819993249502547,45.32145264577014,0.29669223022697344,1.098156528349699,5.431143853785901,1.6113781826632583,0.13459530026109662,2.942872117400419,0.02478212764835421,0.6940241087458323,0.49684873949579833,0.14032902209357712,7.334725303244006,0.40713757786928517,1.4293478260869568,28.340627220493243,3.914645743231259,0.8342093516659487,0.6392815389520672,1.429432286711069,1.260824095377536,6.892634496656319,0.9338891394293262,0.15393226247758668,Agricultural Inputs,Basic Materials,59.84,29686803460,2796629,NTR
2021,2021-12-31,2021-12-31,3153000000.0,27712000000.0,4781000000.0,5.52,9409000000.0,0.3395280023,49954000000.0,23652000000.0,13846000000.0,12443000000.0,26255000000.0,6328000000.0,8192000000.0,53185732800.0,41.51921132457027,1.11275415896488,0.21711975017015656,0.45856587180788094,0.10209263860358907,41.51921132457027,0.13330796549974633,1.5458549653579676,13.586658039961941,1.8112097412480976,0.33143038376149697,2.892383059418458,0.024393812134424292,0.5547503703407135,0.4713493530499076,0.06311806862313328,20.370296148359486,0.33952800230946883,5.814814814814813,4.75025831097699,2.6634358756212615,0.6993110827222386,0.7959534262263791,5.869281045751634,1.9622057001239157,112.57169387455558,0.5481270412371353,0.062245861073652486,Agricultural Inputs,Basic Materials,59.84,29686803460,2796629,NTR
2020,2020-12-31,2020-12-31,459000000.0,20908000000.0,1614000000.0,0.81,5239000000.0,0.250573943,47192000000.0,22365000000.0,11470000000.0,8480000000.0,24827000000.0,4930000000.0,6606000000.0,37340681120.0,39.260467263634084,1.3525943396226414,0.24071876589252417,0.5079365079365079,0.05562412386444949,39.260467263634084,0.020523138832997986,1.312161905490721,59.77054710239651,1.2266792363067291,2.24400871459695,3.178296146044625,0.0375437205008782,0.443041193422614,0.59375,0.009726224783861672,15.46487098083427,0.2505739429883298,-0.5235294117647058,-0.7883126112122809,0.9503296788175234,0.5628139071226436,-0.03712552839551553,-0.5372983870967742,-0.13319011815252416,0.7581610159624648,1.7124030162569568,0.5889145647773796,Agricultural Inputs,Basic Materials,59.84,29686803460,2796629,NTR
2019,2019-12-31,2019-12-31,992000000.0,20023000000.0,1862000000.0,1.7,5441000000.0,0.2717375019,46799000000.0,22869000000.0,10665000000.0,9129000000.0,23930000000.0,4975000000.0,7101000000.0,38329507790.0,39.275661249353824,1.1682550115018073,0.237270027137332,0.4855481219117583,0.040294442201869764,39.275661249353824,0.043377497922952465,1.3932231828397341,28.12147962701613,1.219839424111242,1.030241935483871,2.9310552763819095,0.03663540998369531,0.4278510224577448,0.4614963303757257,0.02119703412466078,15.725201685456593,0.27173750187284623,35.274193548387096,-0.6281625417118205,0.6202682588379954,0.49758739621222414,0.00908753709198813,33.0,-0.15936794582392777,0.7699873475117122,1.5896732886725593,0.6074863734893476,Agricultural Inputs,Basic Materials,59.84,29686803460,2796629,NTR
2018,2018-12-31,2019-02-07,-31000000.0,19636000000.0,2215000000.0,-0.0496,5392000000.0,0.2745976777,45502000000.0,24425000000.0,11662000000.0,8335000000.0,21077000000.0,4917000000.0,7745000000.0,36279300000.0,39.0862538006081,1.3991601679664067,0.20269438705990944,0.37760491299897647,0.01645714455539705,39.0862538006081,-0.0012691914022517911,1.495737421063353,-947.4290322580645,1.2024687819856703,-30.70967741935484,2.896888346552776,0.03241369682979064,0.43154147070458443,0.6785842831433714,-0.0006812887345611181,45.39459041731067,0.2745976777347729,-1.1078260869565217,-1.0096113891612013,0.487631931559426,0.40398083469009394,6.988148148148148,-1.2012987012987013,6.408026755852843,-1.0130330754023007,0.6697500892450485,0.5558791138865683,Agricultural Inputs,Basic Materials,59.84,29686803460,2796629,NTR
2017,2017-12-31,2018-02-06,154000000.0,4547000000.0,299000000.0,0.46,675000000.0,0.1484495272,16998000000.0,8303000000.0,3323000000.0,1602000000.0,8695000000.0,788000000.0,6242000000.0,22722730100.0,24.70898570253512,2.0742821473158553,0.26126603129779974,0.5348669155726846,-0.12459142368552072,24.70898570253512,0.018547512947127545,4.046124939520563,119.46577987012986,2.2157930988799226,2.142857142857143,4.913705583756345,0.01793699539053462,0.26750205906577246,0.3645443196004994,0.009059889398752794,32.10773141361256,0.14844952716076534,-0.54,-0.9241664794047368,-0.4127661479778054,-0.1424316747091047,-0.18674698795180722,-0.5232198142414861,-0.48625429553264604,-0.8999756505414968,-0.36243233949376835,-0.057842328194704945,Agricultural Inputs,Basic Materials,59.84,29686803460,2796629,NTR
2016,2016-12-31,2016-12-31,323000000.0,4456000000.0,582000000.0,1.0,830000000.0,0.1862657092,17255000000.0,8199000000.0,1394000000.0,1697000000.0,9056000000.0,768000000.0,6204000000.0,22931523200.0,24.43296683386417,0.8214496169711255,0.266067806432918,0.5599463349188926,0.04015816660044348,24.43296683386417,0.039395048176606905,4.123097666068222,56.88087678018576,2.240824881083059,2.5046439628482973,4.721354166666667,0.04403314619300631,0.2582439872500724,0.3241013553329405,0.0187192118226601,50.33568,0.1862657091561939,-0.7368421052631579,-0.893070879924763,-0.4784896166535247,0.06571824959859265,-0.6342000881445571,-0.7456692913385827,-0.6957658128593832,-0.8135111657235128,-0.371343378498629,-0.12236620720018165,Agricultural Inputs,Basic Materials,59.84,29686803460,2796629,NTR
2015,2015-12-31,2015-12-31,1270000000.0,6279000000.0,1913000000.0,3.8,2269000000.0,0.3613632744,17469000000.0,8382000000.0,1553000000.0,1747000000.0,9087000000.0,749000000.0,6455000000.0,22403687900.0,25.12165209478973,0.8889524899828277,0.24197149235789112,0.5042949176807444,0.11195852699037319,25.12165209478973,0.15151515151515152,2.909330769230769,14.38400622047244,2.1793948818897637,0.9480314960629921,5.353805073431242,0.06590872400442094,0.35943671646917397,0.38923869490555235,0.07270021180376668,17.33177220113852,0.36136327440675264,-0.16483516483516483,-0.2528394154507918,0.020426628303302184,0.30902112747484595,-0.14280317340385343,-0.17317708333333334,-0.18526405451448041,-0.37016777250023186,-0.18330993535466839,-0.128109369812821,Agricultural Inputs,Basic Materials,59.84,29686803460,2796629,NTR
2014,2014-12-31,2014-12-31,1536000000.0,7115000000.0,2348000000.0,4.55,2647000000.0,0.3720309206,17724000000.0,8792000000.0,1938000000.0,2198000000.0,8932000000.0,646000000.0,6423000000.0,22385411900.0,26.22595606018845,0.8817106460418562,0.23956217558113294,0.48293903548680617,0.127826552216626,26.22595606018845,0.17470427661510465,2.5796784118060434,11.9494869140625,2.087626467242948,0.7428385416666666,6.91640866873065,0.06216489017553322,0.4014330850823742,0.5118289353958144,0.08666215301286391,12.623391953232462,0.3720309205903022,-0.10784313725490194,0.6474146586733039,0.8955393621366171,0.43287494008770305,-0.05125448028673835,-0.13949579831932774,-0.10244648318042814,-0.4910055848460315,-0.16647042725732406,0.14392493455913713,Agricultural Inputs,Basic Materials,59.84,29686803460,2796629,NTR
2013,2013-12-31,2013-12-31,1785000000.0,7305000000.0,2616000000.0,5.1,2790000000.0,0.3819301848,17958000000.0,9628000000.0,2189000000.0,2113000000.0,8330000000.0,728000000.0,7136000000.0,22243652400.0,27.83959213320441,1.0359678182678655,0.21923376768014255,0.408911508101371,0.13925400534642624,27.83959213320441,0.1853967594515995,2.5920126488706368,10.607648403361345,1.9666236393851269,0.5585434173669468,6.201923076923077,0.052654782297455856,0.40678249248245907,0.5991481306199716,0.09939859672569329,11.923584634760704,0.38193018480492813,-0.13996627318718383,-0.4551322618586368,-0.17496153540724993,1.2384757451548805,-0.18181818181818182,-0.1414141414141414,-0.13348790990394171,0.013152216889285365,0.14534880404951786,0.4506456082243628,Agricultural Inputs,Basic Materials,59.84,29686803460,2796629,NTR
2012,2012-12-31,2012-12-31,2079000000.0,7927000000.0,3019000000.0,5.93,3410000000.0,0.4301753501,18206000000.0,9912000000.0,2496000000.0,1854000000.0,8294000000.0,762000000.0,6671000000.0,22353722700.0,28.812847879093013,1.3462783171521036,0.22415687136108975,0.4117231638418079,0.15440474109688232,28.812847879093013,0.2097457627118644,2.3760215339977293,9.059510678210678,1.9001939769975786,0.22462722462722462,5.927821522309712,0.024794631035369583,0.43540591013951446,0.8096008629989212,0.11419312314621553,18.447328795298727,0.4301753500693831,-0.3246013667425968,1.0741604416894668,0.6674702518227305,0.8132519216584573,-0.2043863742417172,-0.3252190847127556,-0.29888527635856943,1.1729385399587027,1.0580124806381919,0.5742117306900895,Agricultural Inputs,Basic Materials,59.84,29686803460,2796629,NTR
2011,2011-12-31,2011-12-31,3081000000.0,8715000000.0,4306000000.0,8.78,4286000000.0,0.4917957544,16257000000.0,7847000000.0,2408000000.0,2194000000.0,8410000000.0,731000000.0,5257000000.0,22846326300.0,22.926291112183687,1.097538742023701,0.2790797810174079,0.5781827449980884,0.2583275619061505,22.926291112183687,0.39263412769211165,2.150238244406196,6.082222103213242,2.388087969924812,0.06751054852320675,6.0588235294117645,0.011099651965609884,0.5360767669311681,0.7406563354603464,0.189518361321277,15.149010751818917,0.49179575444635687,0.7737373737373735,4.332256083649425,1.5299112195306328,2.0861065375971726,0.6327619047619047,0.7057911637692393,0.6898865821592559,-0.04972799505547741,-0.00545432972717773,0.8434158925688267,Agricultural Inputs,Basic Materials,59.84,29686803460,2796629,NTR
2010,2010-12-31,2010-12-31,1806200000.0,6538600000.0,2548100000.0,4.95,2625000000.0,0.4014620867,15619300000.0,6804200000.0,2139900000.0,3191800000.0,8815100000.0,569900000.0,2968900000.0,24578124900.0,19.19117389896556,0.670436744156902,0.35715428988495,0.819861262161606,0.15176728654441338,19.19117389896556,0.26545369036771405,2.9687585874652065,10.747162495847634,2.852873945504247,0.06571808216144391,6.867169678891034,0.006114924026396298,0.4186231137118821,0.4560436117551225,0.11563898510176512,19.81576653736219,0.40146208668522315,0.826568265682657,2.6675395400230446,0.8735652144966556,2.5173601520780373,1.5584795321637428,0.8285077951002228,1.1373091763126992,0.7484502236816559,0.33454611040442434,0.20774014069019311,Agricultural Inputs,Basic Materials,59.84,29686803460,2796629,NTR
2009,2009-12-31,2009-12-31,987800000.0,3976700000.0,1192200000.0,2.71,1026000000.0,0.2580028667,12922200000.0,6500700000.0,2271700000.0,1559900000.0,6421500000.0,623500000.0,3272100000.0,23108293635.0,18.303032125457662,1.4563113020065388,0.3132670907430623,0.6227175534942391,0.10420869949259678,18.303032125457662,0.1519528666143646,4.889881971232429,19.685759905851388,2.9913076491762425,0.11834379429034217,4.732477947072975,0.006011644704412234,0.30774171580690596,0.9765369574972754,0.07644209190385538,-21.751223305369127,0.25800286669851885,-0.7047930283224401,2.620225899203469,0.34135857247034923,1.9820776702554639,-0.8858630356427714,-0.7173838406958114,-0.7427887208474466,0.6474835600491984,0.11248326466579935,1.4637699496979761,Agricultural Inputs,Basic Materials,59.84,29686803460,2796629,NTR
2008,2008-12-31,2008-12-31,3495200000.0,9446500000.0,4635100000.0,9.18,8989200000.0,0.9515905362,10248800000.0,4588900000.0,2267200000.0,2615800000.0,5659900000.0,714900000.0,2402300000.0,23096336000.0,12.436852261393694,0.8667329306521905,0.30947037701974867,0.6911678179955981,0.4565634305112973,12.436852261393694,0.7616640153413672,2.1385101360292174,5.779765392538338,4.4022393166118245,0.0350766765850309,0.6396698838998461,0.006068875499741701,0.9217176645070643,0.5631546754339016,0.3410350480056202,11.424213086014817,0.9515905361774202,2.243816254416961,29.204803927536602,2.90451849626027,1.3695171314270278,3.7784392940676166,2.167089525190286,1.917909977966635,5.819592270554692,1.60095228262086,1.279427448878765,Agricultural Inputs,Basic Materials,59.84,29686803460,2796629,NTR
TTM,,,,,,,,,,,,,,,,43467803460.0,50.40355165361401,1.1806785137318254,0.26954339836019225,0.6038557460116385,0.17023212281299388,50.40355165361401,0.2645128917708816,0.8170529933395718,4.37623113964687,1.1872179248644155,0.148839924120823,2.2588306942752743,0.033756684491978606,0.6420342097823014,0.48348949919224554,0.12109485439638111,6.214528670713837,0.38751582539769913,,,,,,,,,,,Agricultural Inputs,Basic Materials,59.84,29686803460,2796629,NTR
