Quarters,Year,Quarter,FillingDate,Date,NetIncome,Revenue,OperatingIncome,EPSDiluted,GrossProfit,GrossProfitRatio,TotalAssets,CommonStockEquity,CurrentAssets,CurrentLiability,TotalLiability,Inventory,RetainedEarnings,MarketCap,EnterpriseValue,bookValuePerShare,currentRatio,debtToAssets,debtToEquity,roic,shareholdersEquityPerShare,roe,priceToSalesRatio,peRatio,pbRatio,payoutRatio,inventoryTurnover,dividendYield,assetTurnover,quickRatio,returnOnAssets,priceToFreeCashFlowsRatio,grossProfitMargin,epsdilutedGrowth,fiveYNetIncomeGrowthPerShare,fiveYRevenueGrowthPerShare,fiveYShareholdersEquityGrowthPerShare,grossProfitGrowth,netIncomeGrowth,operatingIncomeGrowth,threeYNetIncomeGrowthPerShare,threeYRevenueGrowthPerShare,threeYShareholdersEquityGrowthPerShare,Industry,Sector,Symbol
2023Q1,2023,Q1,2023-02-15,2023-03-31,571000000.0,6107000000.0,939000000.0,1.14,1913000000.0,0.3132470935,56592000000.0,25261000000.0,18271000000.0,15475000000.0,31287000000.0,9852000000.0,11660000000.0,37011773750.0,50792773750.0,50.40355165361401,1.1806785137318254,0.26954339836019225,0.6038557460116385,0.01686612312079034,50.40355165361401,0.022604014092870432,6.060549164892746,16.204804619089316,1.465174527928427,0.4308231173380035,0.42570036540803896,0.006646533658765814,0.10791277919140514,0.48348949919224554,0.010089765337856941,-28.296463111620795,0.31324709349926316,-0.46976744186046515,733.231236594004,1.1194619329285245,0.38252138672106145,-0.3417068134893324,-0.48651079136690645,-0.42321867321867324,19.59270303358536,0.6626589130450272,0.3043174968689475,Agricultural Inputs,Basic Materials,NTR
2022Q4,2022,Q4,2022-12-31,2022-12-31,1112000000.0,7533000000.0,1628000000.0,2.15,2906000000.0,0.3857692818,54586000000.0,25818000000.0,16342000000.0,14280000000.0,28723000000.0,7632000000.0,11928000000.0,37742634300.0,48769634300.0,49.95646369071806,1.1443977591036414,0.2185175686073352,0.46200325354403904,0.03176699022348197,49.95646369071806,0.04307072585018205,5.010305894066109,8.485304473920865,1.4618728910062746,0.22571942446043167,0.6062631027253669,0.00665030421578178,0.1380024182024695,0.49684873949579833,0.020371523833950096,10.032598165869219,0.3857692818266295,-0.2687074829931973,3.9041480400812243,3.531641906056404,1.0220918059656694,-0.10913549969343961,-0.29486366518706403,-0.1458551941238195,26.681689595789553,1.3583164662067502,0.25151328662518807,Agricultural Inputs,Basic Materials,NTR
2022Q3,2022,Q3,2022-09-30,2022-09-30,1577000000.0,8188000000.0,1906000000.0,2.94,3262000000.0,0.3983878847,53824000000.0,25984000000.0,16696000000.0,14533000000.0,27792000000.0,6545000000.0,11787000000.0,44594875820.0,57448875820.0,48.58284455696013,1.1488336888460744,0.25410597502972654,0.5263623768472906,0.03568310749312639,48.58284455696013,0.06069119458128079,5.446369787493894,7.069574480025364,1.7162436814963054,0.16423589093214966,0.7526355996944232,0.0058078421620773564,0.1521254458977408,0.6477671506227207,0.029299197384066587,184.27634636363635,0.39838788470933073,-0.5483870967741935,17.695748560129203,3.169171008771712,0.9178313298508546,-0.456242707117853,-0.5610910102978013,-0.6145601617795753,10.980045841063673,1.1215499479968205,0.2061223812490561,Agricultural Inputs,Basic Materials,NTR
2022Q2,2022,Q2,2022-06-30,2022-06-30,3593000000.0,14506000000.0,4945000000.0,6.51,5999000000.0,0.4135530125,55235000000.0,26569000000.0,18657000000.0,15416000000.0,28622000000.0,7160000000.0,11563000000.0,43833325120.0,54825325120.0,48.30305718773634,1.21023611831863,0.21187652756404454,0.44047574240656406,0.09365435728939984,48.30305718773634,0.13523279009371825,3.021737565145457,3.0499112941831337,1.649792055402913,0.07347620372947397,1.1881284916201118,0.006022814816746442,0.26262333665248483,0.7058899844317592,0.06504933466099394,21.06358727534839,0.4135530125465325,1.6039999999999999,9.920206909486541,6.912238282581053,0.909977228577538,0.841879029782008,1.5942238267148015,1.4737368684342171,3.426587125314327,0.7712478773335386,0.2079046686093976,Agricultural Inputs,Basic Materials,NTR
2022Q1,2022,Q1,2022-03-31,2022-03-31,1385000000.0,7657000000.0,1999000000.0,2.5,3257000000.0,0.4253624135,53268000000.0,24488000000.0,17025000000.0,14890000000.0,28737000000.0,9068000000.0,8931000000.0,57468617640.0,69216617640.0,44.31126455750259,1.1433848220282068,0.23137718705414131,0.5033077425677883,0.038513886193654825,44.31126455750259,0.05655831427638027,7.505369941230247,10.373396685920577,2.34680731950343,0.1855595667870036,0.48522276135862374,0.004472005949576204,0.14374483742584665,0.4710543989254533,0.02600060073590148,-112.243393828125,0.4253624134778634,0.17924528301886786,4.650899622461059,3.1860840862844864,0.7918882294538544,0.015907673112913287,0.14747307373653687,0.09414340448823208,35.81417654349822,1.260808492417638,0.1259933361456839,Agricultural Inputs,Basic Materials,NTR
2021Q4,2021,Q4,2021-12-31,2021-12-31,1207000000.0,7267000000.0,1827000000.0,2.12,3206000000.0,0.4411724233,49954000000.0,23652000000.0,13846000000.0,12443000000.0,26255000000.0,6328000000.0,8192000000.0,42715630400.0,53062630400.0,41.638865758141776,1.11275415896488,0.21711975017015656,0.45856587180788094,0.03905051939114461,41.638865758141776,0.05103162523253847,5.878028127150131,8.847479370339684,1.8060050059191612,0.2203811101905551,0.6417509481668774,0.0062272287101725644,0.14547383592905472,0.4713493530499076,0.024162229250910838,13.91841981101336,0.4411724232833356,0.6960000000000001,14.515846146627599,3.061584739294073,0.7058192459223109,0.4808314087759815,0.6834030683403068,0.7284768211920529,3.394456226838095,1.0817374386008958,0.043573114133561866,Agricultural Inputs,Basic Materials,NTR
2021Q3,2021,Q3,2021-11-02,2021-09-30,717000000.0,6024000000.0,1057000000.0,1.25,2165000000.0,0.3593957503,48316000000.0,23578000000.0,12682000000.0,8512000000.0,24695000000.0,4674000000.0,7735000000.0,36993748410.0,49122748410.0,41.31946087374064,1.4898966165413534,0.26020365924331484,0.5332089235728221,0.021987553560819405,41.31946087374064,0.030409703961319874,6.141060493027888,12.8987965167364,1.5689943341250319,0.36401673640167365,0.8256311510483526,0.007055246121786554,0.12467919529762397,0.8639567669172933,0.014839804619587714,-18.14308406571849,0.3593957503320053,-0.35567010309278346,4.209532152708694,2.120837945568992,0.7241838849784508,-0.24878556557945872,-0.3528880866425993,-0.3471278567016677,1.7241728273417074,0.609298320760349,0.15313830108040874,Agricultural Inputs,Basic Materials,NTR
2021Q2,2021,Q2,2021-08-10,2021-06-30,1108000000.0,9763000000.0,1619000000.0,1.94,2882000000.0,0.2951961487,49356000000.0,23218000000.0,13877000000.0,9885000000.0,26102000000.0,4876000000.0,7315000000.0,34569034720.0,44222034720.0,40.708194237944284,1.4038442083965605,0.23192722262744145,0.4930226548367646,0.033652032308245844,40.708194237944284,0.047721595313980535,3.540820927993445,7.799872454873646,1.4888894271685762,0.23736462093862815,1.411197703035275,0.007607964819678367,0.19780776400032418,0.8575619625695499,0.022449144987438205,21.837671964624132,0.29519614872477723,7.818181818181818,4.389902063090168,4.457344903229784,0.7031793021432237,1.4930795847750864,7.724409448818897,4.952205882352941,0.6530909036944093,0.3251571506451735,0.0830578253311094,Agricultural Inputs,Basic Materials,NTR
2021Q1,2021,Q1,2021-05-04,2021-03-31,127000000.0,4658000000.0,272000000.0,0.22,1156000000.0,0.2481751825,47893000000.0,22297000000.0,12475000000.0,9268000000.0,25554000000.0,6714000000.0,6471000000.0,30698869620.0,41428869620.0,39.141028476735165,1.3460293482952093,0.2389075647798217,0.5131632058124411,0.006565219363912709,39.141028476735165,0.005695833520204512,6.590568832116788,60.430845708661415,1.3768161465668027,2.0078740157480315,0.5215966636878165,0.008306494771842352,0.09725847201052346,0.5332326283987915,0.0026517445138120395,-60.193862,0.24817518248175183,-0.6000000000000001,-0.004652045028186519,1.2646737921585682,0.5817359148630261,-0.047775947281713346,-0.5981012658227848,-0.3250620347394541,144.28181119197836,0.4222383440747447,0.07360110928739387,Agricultural Inputs,Basic Materials,NTR
2020Q4,2020,Q4,2021-02-18,2020-12-31,316000000.0,4101000000.0,403000000.0,0.55,1214000000.0,0.2960253597,47192000000.0,22365000000.0,11470000000.0,8480000000.0,24827000000.0,4930000000.0,6606000000.0,27411708799.999996,37317708800.0,39.29336940862293,1.3525943396226414,0.24071876589252417,0.5079365079365079,0.01286127780594365,39.29336940862293,0.01412921976302258,6.684152353084612,21.68647848101266,1.2256520813771519,0.819620253164557,0.5855983772819473,0.009448517124185998,0.08690032208848958,0.59375,0.006696050177996271,12.221002585822557,0.29602535966837357,1.5339805825242718,-0.07653954829667682,0.7790918932172398,0.5672869656917435,0.2176529588766299,1.5383304940374787,1.5581717451523547,1.7493458792476908,1.2400549047644014,0.5904808795487515,Agricultural Inputs,Basic Materials,NTR
2020Q3,2020,Q3,2020-11-03,2020-09-30,-587000000.0,4205000000.0,-722000000.0,-1.03,997000000.0,0.237098692,45271000000.0,22020000000.0,9881000000.0,7113000000.0,23251000000.0,3829000000.0,6477000000.0,22327597580.0,34624597580.0,38.68954538905658,1.3891466329256292,0.2819023215745179,0.5795640326975476,-0.013888251245436453,38.68954538905658,-0.026657584014532245,5.309773502972652,-9.5091982879046,1.013969009082652,-0.43781942078364566,0.83781666231392,0.011510418847310666,0.09288506991230588,0.7761844510052017,-0.012966358154226768,-23.018141835051548,0.2370986920332937,-1.7686567164179103,-2.2213320327907984,0.6136274366268685,0.5042480832718077,-0.5373549883990719,-1.7673202614379084,-1.6338893766461808,-7.539561775739606,1.012042988619174,0.5272885513697089,Agricultural Inputs,Basic Materials,NTR
2020Q2,2020,Q2,2020-08-11,2020-06-30,765000000.0,8416000000.0,1139000000.0,1.34,2155000000.0,0.2560598859,47801000000.0,22787000000.0,11770000000.0,8781000000.0,25014000000.0,4199000000.0,7320000000.0,18269586600.0,29202586600.0,40.037178509556426,1.3403940325703223,0.25832095562854335,0.5418879185500505,0.024067368246602584,40.037178509556426,0.03357177337955852,2.1708158982889736,5.970453137254903,0.8017547987887831,0.33725490196078434,1.4910693022148132,0.014121830211527612,0.1760632622748478,0.811638765516456,0.016003849291855818,12.847810548523206,0.25605988593155893,22.859706362153343,0.07586385832596795,1.8512847888046513,0.4709372932390874,1.4684994272623138,22.857142857142858,12.890243902439025,1.2470461242507822,3.4364369473863348,0.5831316629201211,Agricultural Inputs,Basic Materials,NTR
2020Q1,2020,Q1,2020-05-07,2020-03-31,-35000000.0,4186000000.0,82000000.0,-0.0613,873000000.0,0.2085523172,49868000000.0,22072000000.0,14025000000.0,13081000000.0,27796000000.0,6290000000.0,6815000000.0,19385441920.0,31314441920.0,38.643621491400076,1.0721657365644828,0.3030199727280019,0.6846230518303733,0.0014711520914964334,38.643621491400076,-0.0015857194635737586,4.631018136645963,-138.46744228571427,0.8782820732149329,-7.314285714285714,0.5267090620031797,0.013205786128397944,0.08394160583941605,0.5365797721886706,-0.0007018528916339135,-21.048253984799132,0.2085523172479694,0.26849642004773266,-1.055076614936411,0.46381403253216813,0.4392617525696095,-0.1390532544378698,0.2708333333333333,-0.344,-1.1381691762853259,1.2142356016861675,0.5626963298249074,Agricultural Inputs,Basic Materials,NTR
2019Q4,2019,Q4,2020-02-18,2019-12-31,-48000000.0,3541000000.0,125000000.0,-0.0838,1014000000.0,0.2863597854,46799000000.0,22869000000.0,10665000000.0,9129000000.0,23930000000.0,4975000000.0,7101000000.0,27448405559.999996,37881405560.0,39.91684644869405,1.1682550115018073,0.237270027137332,0.4855481219117583,0.0021949174491547375,39.91684644869405,-0.0020989111898202808,7.751597164642755,-142.96044562499998,1.200245116096025,-5.375,0.5079396984924623,0.009399453073368244,0.07566400991474177,0.4614963303757257,-0.0010256629415158443,16.098771589442812,0.28635978537136403,-1.3491666666666666,-1.0683415879277052,0.07883158167680705,0.5072931740685367,-0.11052631578947368,-1.3404255319148937,-0.6189024390243902,-1.6117689914023363,0.9622047088366601,0.635273287803089,Agricultural Inputs,Basic Materials,NTR
2019Q3,2019,Q3,2019-11-05,2019-09-30,141000000.0,4134000000.0,328000000.0,0.24,1140000000.0,0.2757619739,45429000000.0,23076000000.0,9724000000.0,7622000000.0,22353000000.0,3873000000.0,7399000000.0,28575603560.0,40362603560.0,40.280194872636315,1.275780635003936,0.2719628431178322,0.5354047495233143,0.007011327611741518,40.280194872636315,0.006110244409776391,6.912337581035317,50.66596375886525,1.2383256872941584,1.7304964539007093,0.7730441518202944,0.008538752278238844,0.09099914151753286,0.7099186565205983,0.003103744304299016,402.4732895774648,0.2757619738751814,-0.8367346938775511,-0.7423854393491719,0.45905763313571973,0.5256923894073543,-0.5069204152249135,-0.8356643356643356,-0.7467181467181467,0.020427207252881434,1.133241759423736,0.680817256919447,Agricultural Inputs,Basic Materials,NTR
2019Q2,2019,Q2,2019-07-30,2019-06-30,858000000.0,8657000000.0,1295000000.0,1.47,2312000000.0,0.2670671133,45706000000.0,23251000000.0,10545000000.0,7803000000.0,22455000000.0,4346000000.0,7511000000.0,31286909730.0,42318909730.0,39.98913030392152,1.3514033064206075,0.2548461908720956,0.500967700313965,0.027637044280160845,39.98913030392152,0.03690163863919831,3.614059111701513,9.116232438811188,1.3456156608317922,0.29836829836829837,1.4599631845375058,0.008182335750293994,0.18940620487463353,0.745354350890683,0.01877215245263204,38.962527683686176,0.26706711331870164,19.999999999999996,0.050900680892244414,1.6452253112088457,0.5023827310990508,1.3712820512820514,19.926829268292682,6.357954545454546,3.094224879814965,3.7468862180112947,0.6730945776234681,Agricultural Inputs,Basic Materials,NTR
2019Q1,2019,Q1,2019-05-10,2019-03-31,41000000.0,3691000000.0,176000000.0,0.07,975000000.0,0.2641560553,46266000000.0,23701000000.0,11067000000.0,9451000000.0,22565000000.0,6560000000.0,7405000000.0,32154981740.0,42547981740.0,39.35304333965391,1.1709871971219976,0.23269787749103013,0.4542424370279735,0.003950182591935081,39.35304333965391,0.0017298848149867095,8.711726290978055,196.0669618292683,1.35669303995612,6.439024390243903,0.4140243902439024,0.008210236352633052,0.07977780659663684,0.40408422389165166,0.0008861799161371201,-39.94407669565217,0.26415605526957464,-0.8541666666666666,-0.9316899861132301,0.24455529656014996,0.43271618278579754,-0.2255758538522637,-0.8614864864864865,-0.6430020283975659,-0.6960648572779027,0.697368231839347,0.5903036898095293,Agricultural Inputs,Basic Materials,NTR
2018Q4,2018,Q4,2019-02-07,2018-12-31,296000000.0,3762000000.0,493000000.0,0.48,1259000000.0,0.3346624136,45502000000.0,24425000000.0,11662000000.0,8335000000.0,21077000000.0,4917000000.0,7745000000.0,28771097000.0,35680097000.0,39.90028604053575,1.3991601679664067,0.20269438705990944,0.37760491299897647,0.010788307629706909,39.90028604053575,0.012118730808597749,7.647819510898458,24.299913006756757,1.1779364176049132,0.8243243243243243,0.5090502338824486,0.008480733285908424,0.08267768449738473,0.6785842831433714,0.006505208562260999,19.492613143631438,0.33466241360978205,1.2758620689655171,-0.2756718209552304,0.3740029293900884,0.42780861136604464,0.09004329004329005,1.2774133083411434,0.39660056657223797,-0.1957075397559658,0.5174642583612356,0.5914949310755863,Agricultural Inputs,Basic Materials,NTR
2018Q3,2018,Q3,2018-11-06,2018-09-30,-1067000000.0,4034000000.0,353000000.0,-1.74,1155000000.0,0.2863163114,45227000000.0,22035000000.0,11676000000.0,10551000000.0,23192000000.0,3910000000.0,5144000000.0,35906930500.0,47370930500.0,35.832181478168955,1.1066249644583452,0.29553143034028345,0.6065804402087588,0.00708831326087308,35.832181478168955,-0.048422963467211255,8.901073500247893,-8.413057755388941,1.6295407533469481,-0.232427366447985,0.7363171355498721,0.006906744646413037,0.0891945077055741,0.605819353615771,-0.02359210206292701,-67.87699527410209,0.2863163113534953,-2.4871794871794877,-2.688521741513652,0.49514922993311405,0.2496291135773689,-0.45800093852651336,-2.4399460188933872,-0.7108927108927109,-3.0546788385609394,0.4327058871200906,0.3931538808731798,Agricultural Inputs,Basic Materials,NTR
2018Q2,2018,Q2,2018-08-02,2018-06-30,741000000.0,8145000000.0,1221000000.0,1.17,2131000000.0,0.2616329036,47070000000.0,23700000000.0,12059000000.0,10428000000.0,23370000000.0,4089000000.0,6625000000.0,34289200240.0,44396200240.0,37.58635345762733,1.1564058304564633,0.2562778840025494,0.5089873417721519,0.024851473905898838,37.58635345762733,0.031265822784810125,4.209846561080417,11.568556086369771,1.4468016978902956,0.3441295546558704,1.470775250672536,0.007436743878981762,0.17304015296367112,0.642692750287687,0.01574251115360102,123.34244690647482,0.2616329036218539,732.25,-0.36691437503555996,1.0869955593116396,0.2619732021759873,1.5159386068476977,742.0,15.06578947368421,-0.05936826539326784,1.490757773802522,0.38089573431088636,Agricultural Inputs,Basic Materials,NTR
2018Q1,2018,Q1,2018-05-08,2018-03-31,-1000000.0,3695000000.0,76000000.0,-0.0016,847000000.0,0.2292286874,46038000000.0,23431000000.0,11301000000.0,9571000000.0,22607000000.0,5915000000.0,5842000000.0,29454482700.0,39700482700.0,36.4577012245406,1.180754362135618,0.23254702636952082,0.4569160513849174,5.177496149237248e-05,36.4577012245406,-4.267850283812044e-05,7.971443220568336,-7363.620675,1.2570732235073194,-205.0,0.48148774302620456,0.006959891371645105,0.08025978539467396,0.38553965102915055,-2.1721186845649247e-05,-50.95931262975778,0.22922868741542626,0.9978378378378377,-1.000968340017805,-0.05267757172420377,0.20811925648328652,11.85897435897436,0.9959839357429718,1.219020172910663,-1.0013984969425385,0.14832137837319195,0.357848279586552,Agricultural Inputs,Basic Materials,NTR
2017Q4,2017,Q4,2018-02-06,2017-12-31,-249000000.0,1081000000.0,-347000000.0,-0.74,-78000000.0,-0.0721554117,16998000000.0,8303000000.0,3323000000.0,1602000000.0,8695000000.0,788000000.0,6242000000.0,18400445700.0,22725445700.0,24.705339066868365,2.0742821473158553,0.26126603129779974,0.5348669155726846,-0.016740484992211296,24.705339066868365,-0.029989160544381548,17.021688899167437,-18.47434307228916,2.21612016138745,-0.3293172690763052,1.4708121827411167,0.004456413792194175,0.06359571714319331,0.3645443196004994,-0.014648782209671725,114.28848260869565,-0.07215541165587419,-5.933333333333334,-1.6073254980798484,-0.3239842647040364,-0.1398424448218664,-1.3391304347826087,-5.69811320754717,-3.5703703703703704,-1.6043519212586688,-0.43856413722099175,-0.06710594018486775,Agricultural Inputs,Basic Materials,NTR
2017Q3,2017,Q3,2017-09-30,2017-09-30,53000000.0,1234000000.0,135000000.0,0.15,230000000.0,0.1863857374,17351000000.0,8513000000.0,1522000000.0,1535000000.0,8838000000.0,753000000.0,6355000000.0,18399000300.0,22796000300.0,25.332177966212654,0.9915309446254071,0.25900524465448677,0.5278985081639845,0.007334512185746137,25.332177966212654,0.006225772348173382,14.91004886547812,86.78773726415093,2.16128277927875,1.5849056603773586,1.3333333333333333,0.0045654654399891505,0.07111982018327474,0.46514657980456026,0.0030545789868019133,149.58536829268292,0.18638573743922204,-0.75,-0.915928497560563,-0.4108503250017957,-0.09044042560771465,-0.09803921568627451,-0.736318407960199,-0.325,-0.8349232053481859,-0.25753497777117784,-0.0404934421898998,Agricultural Inputs,Basic Materials,NTR
2017Q2,2017,Q2,2017-06-30,2017-06-30,201000000.0,1120000000.0,200000000.0,0.6,255000000.0,0.2276785714,17319000000.0,8498000000.0,1506000000.0,1530000000.0,8821000000.0,845000000.0,6387000000.0,18397314000.0,22832314000.0,25.289860248077517,0.984313725490196,0.2616779259772504,0.5333019534008002,0.0221955973210687,25.289860248077517,0.023652624146858085,16.426173214285715,22.882231343283582,2.164899270416569,0.4079601990049751,1.0236686390532543,0.004457172389404236,0.06466886078872915,0.3895424836601307,0.011605750909405854,92.91572727272727,0.22767857142857142,0.33333333333333326,-0.6062665200980444,-0.5220218986663525,-0.01042311924493295,-0.048507462686567165,0.348993288590604,-0.09502262443438914,-0.5740095895087397,-0.4078351093315142,-0.049865575473792015,Agricultural Inputs,Basic Materials,NTR
2017Q1,2017,Q1,2017-03-31,2017-03-31,149000000.0,1112000000.0,221000000.0,0.45,268000000.0,0.2410071942,17311000000.0,8308000000.0,1470000000.0,1652000000.0,9003000000.0,824000000.0,6269000000.0,18394050900.0,22944050900.0,24.72881055254664,0.8898305084745762,0.2664201952515741,0.555127587867116,0.015732618583495776,24.72881055254664,0.017934520943668753,16.541412679856116,30.862501510067112,2.2140167188252287,0.5503355704697986,1.0242718446601942,0.004457963090664276,0.06423661255848882,0.3583535108958838,0.008607243948934204,204.37834333333333,0.24100719424460432,1.5000000000000002,-0.6897173624260999,-0.3488017180045325,0.01611510798088149,0.6441717791411042,2.239130434782609,1.569767441860465,-0.5549776002177261,-0.3278440839338363,-0.09970451957453726,Agricultural Inputs,Basic Materials,NTR
2016Q4,2016,Q4,2016-12-31,2016-12-31,46000000.0,1058000000.0,86000000.0,0.18,163000000.0,0.1540642722,17255000000.0,8199000000.0,1394000000.0,1697000000.0,9056000000.0,768000000.0,6204000000.0,18389889900.0,22948889900.0,24.409893285984275,0.8214496169711255,0.266067806432918,0.5599463349188926,0.009977553027819113,24.409893285984275,0.0056104402975972675,17.381748487712667,99.94505380434782,2.2429430296377606,1.7826086956521738,1.1653645833333333,0.0044589717744857186,0.06131556070704144,0.3241013553329405,0.0026658939437844103,158.53353362068967,0.15406427221172023,-0.28,-0.9313426494827747,-0.4216952711661702,0.06514110719790143,-0.14210526315789473,-0.43209876543209874,-0.37681159420289856,-0.7948530523828748,-0.2957642096725553,-0.12650611574947565,Agricultural Inputs,Basic Materials,NTR
2016Q3,2016,Q3,2016-09-30,2016-09-30,81000000.0,1136000000.0,138000000.0,0.25,190000000.0,0.1672535211,17351000000.0,8048000000.0,1510000000.0,1811000000.0,9303000000.0,720000000.0,6123000000.0,18386583000.0,22983583000.0,23.96464857010136,0.8337934842628382,0.2737594374963979,0.5902087475149106,0.010523105078542018,23.96464857010136,0.010064612326043738,16.18537235915493,56.74871296296297,2.28461518389662,2.567901234567901,1.3138888888888889,0.011312596799524958,0.06547173073598063,0.40198785201546106,0.004668318828885943,178.5105145631068,0.16725352112676056,-0.28571428571428564,-0.9000154293211494,-0.5009647708655275,0.098929497697887,-0.21810699588477367,-0.3305785123966942,-0.3065326633165829,-0.7652799660821559,-0.22900798215627916,-0.16424506367008868,Agricultural Inputs,Basic Materials,NTR
2016Q2,2016,Q2,2016-06-30,2016-06-30,121000000.0,1053000000.0,199000000.0,0.35,243000000.0,0.2307692308,17326000000.0,8024000000.0,1550000000.0,1802000000.0,9302000000.0,805000000.0,6127000000.0,18380341500.0,22871341500.0,23.90129693727399,0.8601553829078802,0.26745930970795334,0.577517447657029,0.013119139592788534,23.90129693727399,0.01507976071784646,17.4552150997151,37.975912190082646,2.2906706754735793,1.7024793388429753,1.0062111801242235,0.011207626365375202,0.060775712801569896,0.37569367369589346,0.006983723883181346,90.09971323529412,0.23076923076923078,0.5217391304347825,-0.8532557091537951,-0.5386181102309243,0.04063843042538249,0.038461538461538464,0.6133333333333333,0.25157232704402516,-0.8058317060981265,-0.4932339557373774,-0.1975067156728956,Agricultural Inputs,Basic Materials,NTR
2016Q1,2016,Q1,2016-03-31,2016-03-31,75000000.0,1209000000.0,159000000.0,0.23,234000000.0,0.1935483871,17510000000.0,8286000000.0,1604000000.0,1845000000.0,9224000000.0,751000000.0,6320000000.0,18332884200.0,22822884200.0,24.745615313492245,0.8693766937669377,0.2606510565391205,0.5508085928071446,0.008673042656096586,24.745615313492245,0.009051412020275163,15.163675930521093,61.109614,2.2125131788559016,4.173333333333333,1.2982689747003995,0.017073145533750767,0.06904625928041119,0.42005420054200543,0.004283266704740148,-316.08421034482757,0.1935483870967742,-0.6166666666666667,-0.8954706730143887,-0.4403678159083956,0.17735777621324358,-0.39378238341968913,-0.6268656716417911,-0.49363057324840764,-0.8606060213337982,-0.40507180929945696,-0.17999069141435173,Agricultural Inputs,Basic Materials,NTR
2015Q4,2015,Q4,2015-12-31,2015-12-31,201000000.0,1354000000.0,314000000.0,0.6,386000000.0,0.2850812408,17469000000.0,8382000000.0,1553000000.0,1747000000.0,9087000000.0,749000000.0,6455000000.0,18304633200.0,22440633200.0,25.07094761123102,0.8889524899828277,0.24197149235789112,0.5042949176807444,0.018538786228531647,25.07094761123102,0.023979957050823193,13.518931462333827,22.766956716417912,2.183802576950608,1.5174129353233832,1.2923898531375166,0.01666244806260308,0.07750872974984258,0.38923869490555235,0.011506096513824489,87.58197703349282,0.28508124076809455,-0.29411764705882354,-0.5557809532633369,-0.203600610207874,0.3130732870382799,-0.23564356435643563,-0.2872340425531915,-0.25415676959619954,-0.5071831625179405,-0.14882847292996562,-0.12711317400230665,Agricultural Inputs,Basic Materials,NTR
2015Q3,2015,Q3,2015-09-30,2015-09-30,282000000.0,1529000000.0,421000000.0,0.85,505000000.0,0.3302812296,17465000000.0,8589000000.0,1692000000.0,1495000000.0,8876000000.0,725000000.0,6535000000.0,18283215000.0,22333215000.0,25.72018925555489,1.131772575250836,0.23607214428857715,0.4800325998370008,0.025105818226110965,25.72018925555489,0.032832692979392245,11.95762916939176,16.208523936170213,2.1286779601816277,1.1099290780141844,1.4124137931034482,0.017119527391654038,0.08754652161465788,0.5986622073578596,0.016146578872029773,731.3286,0.3302812295618051,-0.32,-0.2527011338494807,0.03598572654910909,0.16754097039598362,-0.28973277074542897,-0.3237410071942446,-0.3198707592891761,-0.5498433112200911,-0.26538527672449963,-0.0765087619479915,Agricultural Inputs,Basic Materials,NTR
2015Q2,2015,Q2,2015-06-30,2015-06-30,417000000.0,1731000000.0,619000000.0,1.25,711000000.0,0.410745234,18053000000.0,9085000000.0,2013000000.0,1670000000.0,8968000000.0,709000000.0,6575000000.0,18274257900.0,22030257900.0,27.218820743467784,1.2053892215568862,0.23292527557746634,0.4628508530544854,0.034134178611242245,27.218820743467784,0.04589983489268024,10.557052512998267,10.95579010791367,2.011475828288387,0.7482014388489209,1.4386459802538787,0.017073196717881496,0.09588434055281671,0.7508982035928143,0.023098653963330194,34.350108834586464,0.41074523396880414,0.13636363636363627,-0.058624896127050956,0.2828244854957986,0.47358261306367655,0.06596701649175413,0.12702702702702703,0.1073345259391771,-0.17764939945273023,-0.2562932622078933,0.0650559340753857,Agricultural Inputs,Basic Materials,NTR
2015Q1,2015,Q1,2015-03-31,2015-03-31,370000000.0,1665000000.0,559000000.0,1.1,667000000.0,0.4006006006,17766000000.0,8929000000.0,1830000000.0,1559000000.0,8837000000.0,715000000.0,6480000000.0,18207441000.0,22194441000.0,26.84961329821143,1.173829377806286,0.23663176854666215,0.47082540038078174,0.03088015073538743,26.84961329821143,0.04143801097547318,10.9354,12.302325,2.039135513495352,0.7405405405405405,1.3958041958041958,0.015048792414046542,0.09371833839918946,0.6760744066709429,0.020826297422042103,63.22028125,0.4006006006006006,-0.10569105691056901,-0.11987428771160587,0.038215519852800896,0.37232524032387615,-0.10589812332439678,-0.09090909090909091,-0.0851063829787234,-0.2216025531212923,-0.01496611748081068,0.10325960311695677,Agricultural Inputs,Basic Materials,NTR
2014Q4,2014,Q4,2014-12-31,2014-12-31,407000000.0,1902000000.0,611000000.0,1.23,746000000.0,0.3922187171,17724000000.0,8792000000.0,1938000000.0,2198000000.0,8932000000.0,646000000.0,6423000000.0,18176627700.0,22207627700.0,26.482470122882035,0.8817106460418562,0.23956217558113294,0.48293903548680617,0.03352064574795697,26.482470122882035,0.046292083712465876,9.556586593059937,11.16500472972973,2.0674053343949046,0.6977886977886978,1.7894736842105263,0.015624460416274025,0.10731211916046039,0.5118289353958144,0.02296321372150756,62.462638144329894,0.3922187171398528,0.2947368421052632,0.7858761977491745,0.8497265425112648,0.4456454007492358,0.266553480475382,0.28391167192429023,0.175,-0.38540441696040734,0.05183448587640083,0.1555793062077087,Agricultural Inputs,Basic Materials,NTR
2014Q3,2014,Q3,2014-09-30,2014-09-30,317000000.0,1641000000.0,520000000.0,0.95,589000000.0,0.3589274832,17361000000.0,8760000000.0,1720000000.0,1977000000.0,8601000000.0,690000000.0,6416000000.0,18166181400.0,22206181400.0,26.401255687119804,0.8700050581689428,0.24146074534877024,0.4785388127853881,0.026906959768186193,26.401255687119804,0.036187214611872145,11.070189762340037,14.326641482649842,2.073765,0.886435331230284,1.5246376811594202,0.015468303096433905,0.09452220494211162,0.49165402124430957,0.0182593168596279,67.53227286245354,0.35892748324192564,-0.3214285714285714,0.36267652808939876,0.5968174219674489,0.6004248171610703,-0.21151271753681392,-0.3283898305084746,-0.24198250728862974,-0.6039549318623892,-0.27037646352231165,0.2106632219525736,Agricultural Inputs,Basic Materials,NTR
2014Q2,2014,Q2,2014-06-30,2014-06-30,472000000.0,1892000000.0,686000000.0,1.4,747000000.0,0.394820296,17491000000.0,8947000000.0,1720000000.0,1446000000.0,8544000000.0,708000000.0,6385000000.0,18403489800.0,22437489800.0,26.617139212368297,1.1894882434301521,0.23675032874049512,0.46283670504079577,0.03877681630400625,26.617139212368297,0.05275511344584777,9.727003065539112,9.747611122881356,2.056945322454454,0.5995762711864406,1.6172316384180792,0.015377518235698972,0.10816991595677777,0.6604426002766252,0.026985306729175006,31.675541824440618,0.39482029598308666,0.3999999999999999,1.660768561560721,1.3312360841870858,0.716091755148061,0.32212389380530976,0.38823529411764707,0.2919020715630885,-0.42829599649394445,-0.17204507135765992,0.15888347168210085,Agricultural Inputs,Basic Materials,NTR
2014Q1,2014,Q1,2014-03-31,2014-03-31,340000000.0,1680000000.0,531000000.0,1.0,565000000.0,0.3363095238,17976000000.0,9371000000.0,2214000000.0,1589000000.0,8605000000.0,716000000.0,6800000000.0,18678926100.0,22350926100.0,27.46743829132661,1.3933291378225299,0.23392300845571873,0.4487247892434105,0.027476173315086908,27.46743829132661,0.03628214704940775,11.118408392857143,13.734504485294117,1.9932692455447658,0.861764705882353,1.5572625698324023,0.015686126623735613,0.09345794392523364,0.9049716803020768,0.018914107699154428,59.67708019169329,0.33630952380952384,0.5384615384615384,0.1452024977587063,0.8911231069636069,0.9823019128029995,0.22826086956521738,0.4782608695652174,0.44686648501362397,-0.534912465854883,-0.23675396873291976,0.30685786775802437,Agricultural Inputs,Basic Materials,NTR
2013Q4,2013,Q4,2013-12-31,2013-12-31,230000000.0,1541000000.0,367000000.0,0.65,460000000.0,0.2985074627,17958000000.0,9628000000.0,2189000000.0,2113000000.0,8330000000.0,728000000.0,7136000000.0,18863148900.0,22172148900.0,27.945122142358745,1.0359678182678655,0.21923376768014255,0.408911508101371,0.018856459918015392,27.945122142358745,0.023888658080598254,12.240849383517197,20.503422717391302,1.9591970191109265,1.291304347826087,1.48489010989011,0.015744985186434062,0.08581133756543045,0.5991481306199716,0.012807662323198575,75.4525956,0.29850746268656714,-0.3627450980392157,-0.6909344036290146,-0.12769019426908215,1.2216545660232678,-0.049586776859504134,-0.3539325842696629,-0.2732673267326733,-0.506740120951435,-0.12044757435364548,0.4636061610896361,Agricultural Inputs,Basic Materials,NTR
2013Q3,2013,Q3,2013-09-30,2013-09-30,356000000.0,1520000000.0,505000000.0,1.02,484000000.0,0.3184210526,17853000000.0,9934000000.0,2217000000.0,1760000000.0,7919000000.0,724000000.0,7425000000.0,18967765200.0,21990765200.0,28.67425309545692,1.259659090909091,0.20041449616310983,0.3601771693174955,0.028189004626145247,28.67425309545692,0.035836521038856456,12.478792894736841,13.320059831460673,1.9093784175558686,0.8146067415730337,1.430939226519337,0.01528909689371313,0.08513975242256204,0.8,0.019940626225284266,74.0928328125,0.31842105263157894,-0.4426229508196721,-0.6967202137538743,-0.4776526683112274,0.967601941839866,-0.5056179775280899,-0.4463452566096423,-0.4552319309600863,-0.0906488624874827,-0.007281133090847458,0.3016375949574071,Agricultural Inputs,Basic Materials,NTR
2013Q2,2013,Q2,2013-06-30,2013-06-30,643000000.0,2144000000.0,927000000.0,1.83,979000000.0,0.4566231343,18025000000.0,10317000000.0,2366000000.0,1606000000.0,7708000000.0,720000000.0,7476000000.0,18965202900.0,21798202900.0,29.7837968292973,1.473225404732254,0.19212205270457697,0.3356595909663662,0.04871116581022241,29.7837968292973,0.06232431908500533,8.845710307835821,7.373718079315707,1.8382478336725794,0.36236391912908245,1.6180555555555556,0.012285658172420609,0.11894590846047157,0.9831880448318805,0.03567267683772538,22.49727508896797,0.4566231343283582,0.1582278481012658,-0.23557000837916833,-0.11980059660966867,0.6792022749281728,0.12918108419838523,0.1564748201438849,0.1346389228886169,0.39868488866943064,0.5310071195008988,0.6124462397661519,Agricultural Inputs,Basic Materials,NTR
2013Q1,2013,Q1,2013-03-31,2013-03-31,556000000.0,2100000000.0,817000000.0,1.58,867000000.0,0.4128571429,18663000000.0,10442000000.0,2506000000.0,1733000000.0,8221000000.0,715000000.0,6985000000.0,18944726400.0,22407726400.0,30.177237080605185,1.4460473167916907,0.21689974816481808,0.3876651982378855,0.040088675671907076,30.177237080605185,0.053246504501053435,9.021298285714286,8.518312230215829,1.8142814020302624,0.3183453237410072,1.7244755244755245,0.00934296945032682,0.11252210255585919,0.9838430467397576,0.02979156620050367,79.93555443037975,0.41285714285714287,0.31666666666666676,0.07536945421634253,0.21595912728548813,0.8305072162963141,0.47952218430034127,0.32066508313539194,0.5621414913957935,0.27109599423006586,0.25849978974499577,0.5424052357473169,Agricultural Inputs,Basic Materials,NTR
2012Q4,2012,Q4,2012-12-31,2012-12-31,421000000.0,1642000000.0,523000000.0,1.2,586000000.0,0.3568818514,18206000000.0,9912000000.0,2496000000.0,1854000000.0,8294000000.0,762000000.0,6671000000.0,18894378300.0,22413378300.0,28.721876495931067,1.3462783171521036,0.22415687136108975,0.4117231638418079,0.029466713024784198,28.721876495931067,0.04247376916868442,11.506929537149817,11.21993960807601,1.9062125,0.41330166270783847,1.3858267716535433,0.009209088398531746,0.09019004723717455,0.8096008629989212,0.023124244754476546,89.97323,0.3568818514007308,-0.3513513513513514,0.2265865513082835,0.25932880385052715,0.8079465783054971,-0.36785329018338725,-0.34728682170542635,-0.35591133004926107,0.7771322209461043,0.5362110126702616,0.5678918342799817,Agricultural Inputs,Basic Materials,NTR
2012Q3,2012,Q3,2012-09-30,2012-09-30,645000000.0,2143000000.0,812000000.0,1.85,927000000.0,0.4325711619,17691000000.0,9576000000.0,2571000000.0,1760000000.0,8115000000.0,681000000.0,6408000000.0,18824648700.0,22401648700.0,27.85103766637621,1.4607954545454545,0.22825165338307615,0.4216791979949875,0.04303209388677073,27.85103766637621,0.06735588972431078,8.78425044330378,7.296375465116279,1.9658154448621554,0.17984496124031008,1.7856093979441998,0.006162133586057305,0.12113504041603075,1.034659090909091,0.036459216550788535,99.07709842105263,0.43257116192253847,0.2333333333333334,1.92352948956586,0.8234133315752848,1.0566347451259483,-0.2268557130942452,0.23563218390804597,-0.289588801399825,1.675654257116512,1.012359733033963,0.6883095407731682,Agricultural Inputs,Basic Materials,NTR
2012Q2,2012,Q2,2012-06-30,2012-06-30,522000000.0,2396000000.0,1143000000.0,1.5,1199000000.0,0.5004173623,16824000000.0,8781000000.0,2532000000.0,1738000000.0,8043000000.0,721000000.0,5945000000.0,18811837200.0,22474837200.0,25.55623594276055,1.4568469505178365,0.2469091773656681,0.4730668488782599,0.05584319436631846,25.55623594276055,0.05944653228561667,7.8513510851419035,9.009500574712643,2.1423342671677483,0.2260536398467433,1.6601941747572815,0.006272646246375128,0.14241559676652402,1.0040276179516685,0.031027104136947217,25.45580135317997,0.5004173622704507,0.0714285714285715,1.0033797003376086,0.9416007269895431,1.062163565743179,0.7177650429799427,0.06313645621181263,0.6686131386861314,1.8787541563489536,1.888157756732558,0.6476919418000704,Agricultural Inputs,Basic Materials,NTR
2012Q1,2012,Q1,2012-03-31,2012-03-31,491000000.0,1746000000.0,685000000.0,1.4,698000000.0,0.3997709049,16642000000.0,8360000000.0,2425000000.0,2303000000.0,8282000000.0,728000000.0,5617000000.0,18807457200.0,23097457200.0,24.336623241125867,1.0529743812418584,0.2828386011296719,0.5630382775119617,0.03953804432478857,24.336623241125867,0.05873205741626794,10.771739518900343,9.576098370672097,2.249695837320574,0.12016293279022404,1.4395604395604396,0.0031370535300221233,0.1049152746064175,0.7099435518888406,0.029503665424828747,-152.90615609756097,0.3997709049255441,-0.29648241206030157,1.7225522913799403,0.6601028746031252,1.2418014798717234,-0.2157303370786517,-0.28111273792093705,-0.2594594594594595,0.6425049360612464,0.9519854697096087,0.7563536246218957,Agricultural Inputs,Basic Materials,NTR
2011Q4,2011,Q4,2011-12-31,2011-12-31,683000000.0,1865000000.0,925000000.0,1.99,890000000.0,0.4772117962,16257000000.0,7847000000.0,2408000000.0,2194000000.0,8410000000.0,731000000.0,5257000000.0,18746881800.0,22853881800.0,22.917051197282312,1.097538742023701,0.2790797810174079,0.5781827449980884,0.05485529368453224,22.917051197282312,0.08703963298075698,10.051947345844503,6.861962591508053,2.3890508219701796,0.08784773060029283,1.3337893296853625,0.003200532261317186,0.11471981300362921,0.7406563354603464,0.04201267146459987,123.33474868421052,0.4772117962466488,-0.15319148936170215,3.004090859446934,0.9881164642047724,2.0775715404796093,-0.2137809187279152,-0.17312348668280872,-0.10454985479186835,-0.07651747072490327,0.062263119805491304,0.821919803136484,Agricultural Inputs,Basic Materials,NTR
2011Q3,2011,Q3,2011-09-30,2011-09-30,826000000.0,2321000000.0,1033000000.0,2.35,1132000000.0,0.48772081,15822000000.0,7467000000.0,2340000000.0,2165000000.0,8355000000.0,581000000.0,4645000000.0,18746881800.0,22938881800.0,21.80726663567058,1.0808314087759816,0.28984957653899635,0.6141690103120396,0.06406531033936465,21.80726663567058,0.11062006160439267,8.07707100387764,5.673995702179178,2.510631016472479,0.07263922518159806,2.0464716006884682,0.003200532261317186,0.14669447604601188,0.794919168591224,0.0522057894071546,70.2130404494382,0.4877208099956915,-0.02083333333333326,5.203111609392097,1.6543036690261101,2.162023419939552,-0.030821917808219176,-0.016666666666666666,-0.07187780772686433,-0.2880317309864206,-0.19299159706119734,0.49639539121468523,Agricultural Inputs,Basic Materials,NTR
2011Q2,2011,Q2,2011-06-30,2011-06-30,840000000.0,2325000000.0,1113000000.0,2.4,1168000000.0,0.5023655914,16217000000.0,7855000000.0,2316000000.0,2462000000.0,8362000000.0,597000000.0,4004000000.0,18724434300.0,23137434300.0,22.96791684649186,0.9406986190089358,0.29728063143614725,0.6137492043284533,0.059614958985543316,22.96791684649186,0.10693825588796944,8.053520129032258,5.572748303571428,2.383759936346276,0.07142857142857142,1.9380234505862646,0.0032043691701810185,0.14336807054325706,0.6807473598700243,0.05179749645433804,32.90761739894552,0.5023655913978494,0.14285714285714277,4.232033308866761,1.7303911769773859,2.5159226309519345,0.06569343065693431,0.14754098360655737,0.08585365853658537,0.011474221072082793,-0.033219162456307384,0.294924835810471,Agricultural Inputs,Basic Materials,NTR
2011Q1,2011,Q1,2011-03-31,2011-03-31,732000000.0,2204000000.0,1025000000.0,2.1,1096000000.0,0.497277677,15965000000.0,7180000000.0,2381000000.0,3016000000.0,8785000000.0,597000000.0,3224000000.0,18703322700.0,23631322700.0,21.017923195005345,0.7894562334217506,0.3383025367992484,0.7522284122562675,0.06116671659951209,21.017923195005345,0.10194986072423398,8.48608107985481,6.387746823770492,2.6049195961002787,0.03825136612021858,1.8559463986599665,0.001497060198827666,0.13805198872533667,0.5732758620689655,0.04585029752583777,75.11374578313253,0.49727767695099817,0.5555555555555555,5.375196394974016,1.7959674611642003,2.4919682048783613,0.436435124508519,0.5177275554634045,0.5122455001475361,0.43404756427784114,0.29264967978209483,0.2749165862088063,Agricultural Inputs,Basic Materials,NTR
2010Q4,2010,Q4,2010-12-31,2010-12-31,482300000.0,1812200000.0,677800000.0,1.35,763000000.0,0.4210352058,15619300000.0,6804200000.0,2139900000.0,3191800000.0,8815100000.0,569900000.0,2968900000.0,19510994700.0,24677594700.0,19.093334590470675,0.670436744156902,0.35715428988495,0.819861262161606,0.040715565302802736,19.093334590470675,0.07088269010317157,10.766468767244234,10.113515809662035,2.8674928279592016,0.06157992950445781,1.8410247411826637,0.0015222186493649144,0.11602312523608613,0.4560436117551225,0.030878464463836408,96.44584626791894,0.4210352058271714,0.22727272727272727,3.5178389971289996,1.136289626363664,2.499922387533405,0.3545180188176815,0.1976657561460144,0.25704747774480713,0.36077574690784603,0.3459387774474798,0.20186189597235205,Agricultural Inputs,Basic Materials,NTR
2010Q3,2010,Q3,2010-09-30,2010-09-30,402700000.0,1575000000.0,539200000.0,1.1,563300000.0,0.3576507937,14532000000.0,7850500000.0,1975000000.0,2200200000.0,6681500000.0,507800000.0,4445900000.0,19510994700.0,22866194700.0,22.02936762624409,0.897645668575584,0.2556427195155519,0.4732182663524616,0.03591820295508393,22.02936762624409,0.051296095790077066,12.387933142857143,12.112611559473553,2.4853187312910006,0.0740004966476285,1.9923198109491926,0.001527343964682641,0.10838150289017341,0.6067175711298973,0.027711257913570052,-6503.6649,0.35765079365079366,-0.1472868217054263,2.3900616558519188,0.841823893855257,2.7103191887193825,-0.03478409869773818,-0.1468220338983051,-0.19402092675635277,0.7610709907169985,0.29297754367134043,0.6267387741887782,Agricultural Inputs,Basic Materials,NTR
2010Q2,2010,Q2,2010-06-30,2010-06-30,472000000.0,1437800000.0,669000000.0,1.29,583600000.0,0.4058978996,13063800000.0,6569300000.0,1967200000.0,2035100000.0,6494500000.0,661900000.0,4073100000.0,19471903200.0,22901503200.0,18.471187500562348,0.9666355461648076,0.29059691667049403,0.5778850105795138,0.04713456623105137,18.471187500562348,0.07184935990135935,13.54284545833913,10.313508050847458,2.964075807163625,0.0625,1.2905272699803596,0.001515003422983327,0.11005986007134218,0.5670974399292418,0.0361303755415729,42.31182790091265,0.40589789956878564,0.04878048780487809,2.1851431964801464,0.5068164860947403,2.0111382353857903,-0.18389036498391834,0.05075690115761353,0.01042138649750793,0.7500786805587659,0.1256267393478164,0.49046244388194477,Agricultural Inputs,Basic Materials,NTR
2010Q1,2010,Q1,2010-03-31,2010-03-31,449200000.0,1713600000.0,662100000.0,1.23,715100000.0,0.4173085901,13604000000.0,6952300000.0,2062500000.0,1674400000.0,6651700000.0,576500000.0,3630700000.0,19455018300.0,23326918300.0,19.565050987384577,1.2317845198279982,0.30657894736842106,0.5999021906419458,0.04233497200427462,19.565050987384577,0.06461171123225408,11.353301995798319,10.827592553428318,2.79835713361046,0.06611754229741763,1.7320034692107547,0.0015265984098303315,0.12596295207291974,0.8073339703774486,0.03301970008820935,60.77793908153702,0.41730859010270777,0.7826086956521741,2.8566721411781977,1.0965196863049311,2.1986348732558088,1.55758226037196,0.8440065681444991,1.0087985436893203,1.4078693793569181,0.575065628168833,0.802261547245589,Agricultural Inputs,Basic Materials,NTR
2009Q4,2009,Q4,2009-12-31,2009-12-31,243600000.0,1099100000.0,329600000.0,0.69,279600000.0,0.2543899554,12922200000.0,6500700000.0,2271700000.0,1559900000.0,6421500000.0,623500000.0,3272100000.0,19428869700.0,23091569700.0,18.318786964740415,1.4563113020065388,0.3132670907430623,0.6227175534942391,0.02629134841553571,18.318786964740415,0.037472887535188515,17.677071876990265,19.93931619458128,2.9887350131524295,0.11904761904761904,1.314354450681636,0.0014926241437503696,0.08505517636315797,0.9765369574972754,0.018851279193945303,-826.7604127659574,0.2543899554180693,0.014705882352941025,1.6906118143913904,0.40225294738605083,2.012800234981992,-0.1923743500866551,-0.02090032154340836,-0.08035714285714286,0.3779771293255817,0.1305289787052399,1.4600624632491825,Agricultural Inputs,Basic Materials,NTR
2009Q3,2009,Q3,2009-09-30,2009-09-30,248800000.0,1099100000.0,358400000.0,0.68,346200000.0,0.3149849877,12003600000.0,5854000000.0,2331000000.0,1252200000.0,6149600000.0,639900000.0,3057800000.0,19428869700.0,23084869700.0,16.496404832031995,1.8615237182558697,0.3371655170115632,0.6913563375469765,0.027515951706125693,16.496404832031995,0.042500854116843186,17.677071876990265,19.522578074758844,3.318904970960027,0.11736334405144695,1.1765900922019066,0.001502918103362441,0.09156419740744444,1.221609966459032,0.0207271151987737,-150.26194663573085,0.31498498771722316,0.30769230769230776,2.6579719742427335,0.48975408140830157,1.8931780307825528,1.0293083235638922,0.3297701763762694,0.2540237928621414,0.8028576183457412,0.21281394055331926,1.391955823494482,Agricultural Inputs,Basic Materials,NTR
2009Q2,2009,Q2,2009-06-30,2009-06-30,187100000.0,856000000.0,285800000.0,0.52,170600000.0,0.1992990654,11264500000.0,5498900000.0,2220900000.0,1411100000.0,5765600000.0,658400000.0,2838500000.0,19410605100.0,22941805100.0,15.510324044457532,1.5738785344766495,0.34644236317635047,0.7096873920238593,0.02193516796256953,15.510324044457532,0.03402498681554493,22.675940537383177,25.93613722608231,3.5299069086544583,0.1549973276322822,1.0410085054678007,0.0014940286431359112,0.07599094500421678,0.9712989866061937,0.016609703049402992,-41.95980350194552,0.19929906542056075,-0.388235294117647,1.7939100811039619,0.11311291339402992,1.8158512410137766,-0.2569686411149826,-0.39312358092766786,0.3086080586080586,0.12417683836494055,-0.03028232643015053,1.3743162989392137,Agricultural Inputs,Basic Materials,NTR
2009Q1,2009,Q1,2009-03-31,2009-03-31,308300000.0,922500000.0,218400000.0,0.85,229600000.0,0.2488888889,10495600000.0,4909000000.0,2106300000.0,1528100000.0,5586600000.0,659100000.0,2681000000.0,19396742400.0,22587742400.0,13.856334453356457,1.3783783783783783,0.32833758908494987,0.7019963332654309,0.04128522855678018,13.856334453356457,0.06280301487064575,21.026279024390245,15.728788842036979,3.951261438174781,0.09633473889069089,1.0512820512820513,0.0015311849478394889,0.08789397461793513,0.8613310647208953,0.029374213956324554,-69.62219095477387,0.24888888888888888,-0.6064814814814815,5.5953483933668435,0.3736263525397479,1.6181810501448168,-0.9536620315243496,-0.608756345177665,-0.750514050719671,1.5890830458649898,0.12843582759233743,1.3021246627630487,Agricultural Inputs,Basic Materials,NTR
2008Q4,2008,Q4,2008-12-31,2008-12-31,788000000.0,1870600000.0,875400000.0,2.16,4954900000.0,2.6488292526,10248800000.0,4588900000.0,2267200000.0,2615800000.0,5659900000.0,714900000.0,2402300000.0,19973916900.0,22868816900.0,12.578518087256086,0.8667329306521905,0.30947037701974867,0.6911678179955981,0.1039855388938891,12.578518087256086,0.1717187125454902,10.67781294771731,6.336902569796954,4.352659003246965,0.038451776649746194,-4.314309693663449,0.0015169783749325602,0.18251892904535166,0.5631546754339016,0.0768870501912419,62.01153958398013,2.64882925264621,-0.34146341463414626,29.55940532372166,1.9851050409907811,1.3892962657807746,1.8460080413555429,-0.3625111236954939,-0.48947337726716045,6.210342216834154,1.1540268267154103,1.3057175710707638,Agricultural Inputs,Basic Materials,NTR
2008Q3,2008,Q3,2008-09-30,2008-09-30,1236100000.0,3064300000.0,1714700000.0,3.28,1741000000.0,0.5681558594,11227500000.0,5316600000.0,2690200000.0,3144800000.0,5910900000.0,743900000.0,2065200000.0,19973916900.0,22490316900.0,14.573198209310663,0.8554439074026965,0.26861723446893787,0.5672610314862883,0.14968242758134825,14.573198209310663,0.23249821314373847,6.518264171262605,4.039704898470998,3.7568966820900576,0.024108081870398836,1.7788681274364835,0.0014919457284815279,0.2729280783789802,0.5954273721699314,0.11009574704965487,36.73701839249586,0.5681558594132429,0.3957446808510637,7.83343034433451,4.333956721110585,1.8665060372021027,0.2112989633340291,0.36570544691194345,0.32307098765432096,9.164727630362776,2.5003784226155625,1.4545060881638754,Agricultural Inputs,Basic Materials,NTR
2008Q2,2008,Q2,2008-06-30,2008-06-30,905100000.0,2621000000.0,1296000000.0,2.35,1437300000.0,0.5483784815,11979700000.0,6611100000.0,2119100000.0,2409100000.0,5368600000.0,605000000.0,1706200000.0,20407077000.0,22408877000.0,17.736872605518172,0.8796230957619028,0.18962912259906342,0.3436190649059914,0.10314304226771501,17.736872605518172,0.13690611244724782,7.785988935520794,5.636691249585681,3.0867899441847806,0.03391890398850956,1.9565289256198346,0.0015043800736381796,0.21878678097114285,0.5649412643725873,0.0755528101705385,31.075189584285063,0.5483784814956124,0.6206896551724139,29.67308983291482,3.0423489566511654,2.189210538263578,0.679088785046729,0.5991166077738516,0.7303070761014686,4.827887060944593,1.6209365276851262,1.891431602706462,Agricultural Inputs,Basic Materials,NTR
2008Q1,2008,Q1,2008-03-31,2008-03-31,566000000.0,1890600000.0,749000000.0,1.45,856000000.0,0.4527663176,10228000000.0,6244700000.0,1816400000.0,1256300000.0,3983300000.0,534400000.0,2313000000.0,20738993400.0,21817593400.0,16.485724181772486,1.4458330016715752,0.14110285490809543,0.23110797956667253,0.07473978984645109,16.485724181772486,0.09063686005732861,10.969529990479213,9.16033277385159,3.32105519880859,0.05618374558303887,1.936002994011976,0.0015333434649726057,0.1848455220962065,0.9331369895725543,0.055338287055142744,84.37344751830757,0.45276631757114144,0.46464646464646464,178.30571307284373,2.3366672356026097,2.038843167147002,0.6,0.5021231422505308,0.658180208102723,3.5586198217641343,1.1698670006294785,1.6952044394208428,Agricultural Inputs,Basic Materials,NTR
2007Q4,2007,Q4,2007-12-31,2007-12-31,376800000.0,1431400000.0,451700000.0,0.99,535000000.0,0.3737599553,9716600000.0,6018700000.0,1811300000.0,1001900000.0,3697900000.0,428100000.0,2279600000.0,20742428579.25,21452528579.25,15.886463040766793,1.8078650563928536,0.14712965440586212,0.23752637612773522,0.05157582291729151,15.886463040766793,0.06260488145280542,14.491007810011178,13.762227029757165,3.4463303668981675,0.08227176220806794,2.093903293622985,0.0014945212361011245,0.14731490439042463,1.3132049106697274,0.03877899676841694,67.7857143112745,0.37375995528852873,0.5714285714285714,25.521870276575466,1.855403992685886,1.915365260527813,0.12607872026941697,0.5499794323323736,0.1120137863121615,2.898276028147503,0.710559159559624,1.612767956436201,Agricultural Inputs,Basic Materials,NTR
2007Q3,2007,Q3,2007-09-30,2007-09-30,243100000.0,1295000000.0,406200000.0,0.63,475100000.0,0.3668725869,8624300000.0,5130500000.0,1650900000.0,773400000.0,3493800000.0,433300000.0,1934400000.0,20742428579.25,21730128579.25,13.542043735466802,2.134600465477114,0.16583374882599167,0.2787642529967839,0.03824986986446905,13.542043735466802,0.047383295975051164,16.017319366216217,21.331168839212257,4.0429643464087315,0.12875359934183464,1.892222478652204,0.0015089843448375868,0.1501571142005728,1.4692267907938972,0.02818779495147432,124.57915062612612,0.3668725868725869,-0.13698630136986298,15.50000000010012,1.7998483089498634,1.4154457221523151,-0.05245313123254886,-0.14910745537276865,-0.038124556002841585,2.3478260849521613,0.6441259223212435,1.3750352774606942,Agricultural Inputs,Basic Materials,NTR
2007Q2,2007,Q2,2007-06-30,2007-06-30,285700000.0,1353100000.0,422300000.0,0.73,501400000.0,0.3705564999,8005600000.0,4669000000.0,1484300000.0,760800000.0,3336600000.0,469000000.0,1723000000.0,20626912101.75,21601412101.75,12.392923804543308,1.9509726603575184,0.17790046967123013,0.30503319768687087,0.04931741886654123,12.392923804543308,0.061190833154851146,15.24418897476166,18.04945056155933,4.417843671396445,0.05460273013650683,1.8159914712153518,0.0007562935219313068,0.16901918656940143,1.2235804416403786,0.03568751873688418,51.748399653161066,0.37055649988914346,0.4313725490196078,22.73913041054479,1.7332460248791084,1.2107137513589854,0.356234784960779,0.44292929292929295,0.3697697048329549,3.0147058778163087,0.6557707515503305,1.2498968928558543,Agricultural Inputs,Basic Materials,NTR
2007Q1,2007,Q1,2007-03-31,2007-03-31,198000000.0,1154700000.0,308300000.0,0.51,369700000.0,0.3201697411,7710200000.0,4094200000.0,1561000000.0,1106700000.0,3616000000.0,498400000.0,1468900000.0,20648571420.75,22027671420.75,10.855833337445391,1.4104996837444654,0.23781484267593578,0.44785306042694545,0.036413780287670026,10.855833337445391,0.04836109618484686,17.882195739802548,26.07142856155303,5.0433714573665185,0.07929292929292929,1.575040128410915,0.0007603431578914404,0.1497626520712822,0.8565103460739134,0.025680267697335998,98.04639800925926,0.32016974105828355,0.020000000000000018,14.120000005727272,1.4483010066461797,0.9176263364396325,0.2352155028399599,0.06451612903225806,0.16120527306967986,2.9789473742882424,0.6151400747431419,1.0512305922830134,Agricultural Inputs,Basic Materials,NTR
