Quarters,Year,Quarter,FillingDate,Date,NetIncome,Revenue,OperatingIncome,EPSDiluted,GrossProfit,GrossProfitRatio,TotalAssets,CommonStockEquity,CurrentAssets,CurrentLiability,TotalLiability,Inventory,RetainedEarnings,MarketCap,EnterpriseValue,bookValuePerShare,currentRatio,debtToAssets,debtToEquity,roic,shareholdersEquityPerShare,roe,priceToSalesRatio,peRatio,pbRatio,payoutRatio,inventoryTurnover,dividendYield,assetTurnover,quickRatio,returnOnAssets,priceToFreeCashFlowsRatio,grossProfitMargin,epsdilutedGrowth,fiveYNetIncomeGrowthPerShare,fiveYRevenueGrowthPerShare,fiveYShareholdersEquityGrowthPerShare,grossProfitGrowth,netIncomeGrowth,operatingIncomeGrowth,threeYNetIncomeGrowthPerShare,threeYRevenueGrowthPerShare,threeYShareholdersEquityGrowthPerShare,Industry,Sector,Symbol
2023Q1,2023,Q1,2023-05-03,2023-04-01,-34404000.0,1389410000.0,42548000.0,-0.0982,449693000.0,0.3236575237,6432680000.0,339526000.0,3028973000.0,1764472000.0,6093154000.0,1969133000.0,537702000.0,1843288100.0,5917405100.0,0.968870118566924,1.7166455460897083,0.6664914157085383,12.627386415178808,0.018024359133479155,0.968870118566924,-0.1013295005389867,1.326669665541489,-13.394431606789908,5.429004258878554,0.0,0.4772237324751553,0.0,0.2159924013008575,0.5073075684964113,-0.00534831516568522,90.83369142068693,0.3236575236971088,0.9174789915966386,-1.4614177722609096,0.0055972554282033215,-0.487597662005101,-0.10415616651758945,0.9177150401331713,-0.29480401093892433,-3.476319396047699,0.08125874023599508,-0.6018173183890705,Apparel Manufacturing,Consumer Cyclical,HBI
2022Q4,2022,Q4,2023-02-08,2022-12-31,-418108000.0,1473286000.0,60335000.0,-1.19,501977000.0,0.3407193172,6503876000.0,398264000.0,3131754000.0,1790630000.0,6105612000.0,1979672000.0,572106000.0,2225834640.0,6287936640.0,1.1379816786389847,1.7489676817656357,0.6612233997081125,10.798151477411968,-0.6987017610877806,1.1379816786389847,-1.0498262459072374,1.5107960300987044,-1.3308969452868638,5.588842175039672,-0.12520688434567145,0.49064137897591115,0.023519267361208827,0.22652430642896637,0.5360174910506358,-0.06428597347181896,24.269565274279547,0.34071931722693355,-6.17391304347826,-0.13153997032777623,-0.06786656994629649,-0.3958814170759554,-0.10815454151357728,-6.219760052933172,-0.5734354232063573,-3.42866966802586,-0.1227570132772646,-0.6642130650615715,Apparel Manufacturing,Consumer Cyclical,HBI
2022Q3,2022,Q3,2022-11-09,2022-10-01,80101000.0,1670741000.0,141444000.0,0.23,562852000.0,0.3368876445,7099281000.0,674884000.0,3554758000.0,2082043000.0,6424397000.0,2136314000.0,1043246000.0,2435192640.0,6440454640.0,1.9288792857061197,1.707341298906891,0.5998344057658797,6.309814723715483,0.022178961875299684,1.9288792857061197,0.11868854499439904,1.4575524512776068,7.600381518333104,3.6083128952531105,0.6534375351119212,0.518598389562583,0.021493576787419987,0.23533946606705666,0.5666535225257116,0.01128297358563494,-29.123176387576688,0.3368876444643425,-0.11538461538461538,-0.5878679151166089,-0.028443033124958543,-0.4264548062536168,-0.016166725805408486,-0.130291744932194,-0.0394556344819156,-0.5553065451396669,-0.06709940141983949,-0.42812453378578585,Apparel Manufacturing,Consumer Cyclical,HBI
2022Q2,2022,Q2,2022-08-11,2022-07-02,92101000.0,1513467000.0,147254000.0,0.26,572101000.0,0.3780069205,7089314000.0,712171000.0,3505801000.0,2059965000.0,6377143000.0,2090711000.0,1016140000.0,3585163000.0,7470150000.0,2.036100659858422,1.7018740609670553,0.5829772810175992,5.803253712942538,0.023408815335660804,2.036100659858422,0.12932427745583575,2.368841210280766,9.731607148673739,5.034132251945109,0.5681154384860099,0.4502611790917061,0.014594594443823055,0.2134856771755349,0.5661139873735719,0.012991524990993486,-10.815167092013732,0.3780069205341114,-0.1875,-0.44154894718717175,-0.03844831679685791,-0.3090849812121242,-0.02067349335305335,-0.19334892316315896,-0.13640095711738764,-0.37641122495224105,-0.10400146847265765,-0.34578346362180423,Apparel Manufacturing,Consumer Cyclical,HBI
2022Q1,2022,Q1,2022-05-06,2022-04-02,114177000.0,1576156000.0,170512000.0,0.32,584178000.0,0.3706346326,6859709000.0,779416000.0,3297578000.0,2066031000.0,6080293000.0,1819974000.0,976944000.0,5197724840.0,8690184840.0,2.225306994127069,1.5960931854362301,0.5629495361975267,4.9545685487595845,0.0282080113276638,2.225306994127069,0.14649044925944554,3.2977223320534264,11.380849120225614,6.668742802303263,0.4580344552755809,0.5450506435806226,0.01006151760815411,0.22977009666153478,0.6135580734267781,0.016644583611345614,-20.74724715199221,0.3706346326125079,0.6842105263157895,0.7846357277418966,0.2603426292620299,-0.10204033848032831,-0.12512579972683488,0.6802101421549872,0.5757945419427578,0.4952416484604803,0.033103141625014355,-0.2184484856537954,Apparel Manufacturing,Consumer Cyclical,HBI
2021Q4,2021,Q4,2022-02-16,2022-01-01,67954000.0,1752349000.0,108207000.0,0.19,667728000.0,0.3810473827,7071436000.0,702493000.0,3528103000.0,2327053000.0,6368943000.0,1584015000.0,935260000.0,5869589440.0,9075781440.0,2.0011080979456035,1.5161249013236915,0.52923748443739,5.327411091640771,0.020855760429387044,2.0011080979456035,0.09673263648178701,3.3495550486803713,21.593980633958264,8.355370715437733,0.7708891308826559,0.6847289956218849,0.008924815020793005,0.247806668970772,0.6146950671084844,0.009609646470674414,71.5097213727903,0.38104738268461363,-0.5581395348837209,-0.5324504032457648,0.20247725089782814,-0.37954096003412874,-0.0456406745552489,-0.5522773542763396,-0.538850012359043,-0.5640358804985517,0.027538076082130058,-0.24928154880947773,Apparel Manufacturing,Consumer Cyclical,HBI
2021Q3,2021,Q3,2021-11-05,2021-10-02,151777000.0,1789551000.0,234646000.0,0.43,699661000.0,0.3909701372,7462805000.0,636569000.0,3907914000.0,2418048000.0,6826236000.0,1629506000.0,928293000.0,6133210370.0,9322769370.0,1.8132201178678957,1.6161440963951088,0.5444584174449152,6.382948274264063,0.04236862559765147,1.8132201178678957,0.23842976959292708,3.4272341889110733,10.102338249537148,9.634792724747827,0.34511157817060556,0.6688468775199354,0.008540388612171476,0.2397960284370287,0.7450914952887618,0.020337795239189552,21.510149264723935,0.39097013720201323,0.16216216216216217,-0.05664094227818872,0.09810982367709278,-0.4202585788960976,0.026454273512423913,0.1795284279896795,0.07935821595812212,-0.0832237659236272,0.0022992384883264937,-0.24289831120328012,Apparel Manufacturing,Consumer Cyclical,HBI
2021Q2,2021,Q2,2021-08-06,2021-07-03,128676000.0,1751311000.0,217394000.0,0.37,681629000.0,0.3892107113,7277989000.0,562190000.0,3620614000.0,2255956000.0,6715799000.0,1530622000.0,829479000.0,6510808850.0,9956925850.0,1.6017402353933337,1.604913393700941,0.5651856577414448,7.3167701310944695,0.03638300858277749,1.6017402353933337,0.22888347355876126,3.7176771287338455,12.649617741459169,11.581153791422828,0.4069756597966987,0.6988544526342886,0.008043240280353185,0.2406311688572214,0.721774272193252,0.0176801586262359,34.671982288066545,0.38921071128999934,0.0,0.08497006349599252,0.28485742154121413,-0.421322869290306,0.13099467213998783,0.002118314071212735,0.14344473548563555,-0.05628459009035017,0.05297417363318245,-0.24419396948742092,Apparel Manufacturing,Consumer Cyclical,HBI
2021Q1,2021,Q1,2021-05-12,2021-04-03,128404000.0,1508029000.0,190122000.0,0.37,602681000.0,0.39964815,6989253000.0,484481000.0,3284109000.0,2003735000.0,6504772000.0,1489565000.0,753785000.0,6798928110.0,10400040110.0,1.3802759520573897,1.6389936793039,0.5911239727621822,8.527713161094036,0.03369124154840325,1.3802759520573897,0.2650341293053804,4.5084863155814645,13.23737599685368,14.03342568645623,0.40770536743403635,0.6077935504660756,0.007699890211076228,0.21576397363208916,0.667823339912713,0.018371634279085333,-7924.158636363636,0.3996481500024204,1.3894736842105262,0.761892776418431,0.3624007911188308,-0.43950741353210343,3.828903827509675,1.3865680808275431,1.4284574611931418,0.7193352960490793,0.08968255736672712,-0.27001915802867404,Apparel Manufacturing,Consumer Cyclical,HBI
2020Q4,2020,Q4,2021-02-12,2021-01-02,-332164000.0,1800843000.0,-443736000.0,-0.95,124807000.0,0.0693047645,7698874000.0,813958000.0,3408387000.0,2103368000.0,6884916000.0,1491095000.0,1069546000.0,5114766060.0,8716677060.0,2.3202444649052043,1.6204425473811526,0.5859750399863668,5.542482535953943,-0.0511420038889826,2.3202444649052043,-0.4080849380434863,2.8402065366053564,-3.8495788676677787,6.2838206148228775,-0.1573108464493443,1.1240303267062126,0.01021610751831727,0.23390991981424816,0.827861315756444,-0.04314449099959293,24.064391352419488,0.06930476449085234,-4.275862068965518,-4.124223055619487,0.43193765267748396,-0.28497813651582893,-0.7976254757075009,-4.216212552528128,-3.5418654873948134,0.10318778586964523,0.13667001737922918,0.23174460932649937,Apparel Manufacturing,Consumer Cyclical,HBI
2020Q3,2020,Q3,2020-11-05,2020-09-26,103278000.0,1808266000.0,174571000.0,0.29,616713000.0,0.3410521461,8159684000.0,1149533000.0,4097221000.0,2022746000.0,7010151000.0,2170552000.0,1454676000.0,5439403530.0,9189704530.0,3.277796311979082,2.0255736508686706,0.5492592605301871,3.898784984859069,0.023433876769738918,3.277796311979082,0.08984344077116534,3.0080770915340995,13.166897911462268,4.7318376505937625,0.5057805147272411,0.5489631209019641,0.009603258833786137,0.2216098074386214,0.8483774037867334,0.012657107799762833,22.06708289045575,0.34105214608912626,-0.36956521739130443,-0.27456640965223017,0.29449170697005644,0.04718899066422071,-0.02574832704593278,-0.35924209429151077,-0.2772464560148384,-0.46985959051231174,0.049073842505807284,-0.025359267038315484,Apparel Manufacturing,Consumer Cyclical,HBI
2020Q2,2020,Q2,2020-07-31,2020-06-27,161181000.0,1738779000.0,241536000.0,0.46,633012000.0,0.3640554665,8112960000.0,1079320000.0,4031805000.0,2002248000.0,7033640000.0,1958443000.0,1404326000.0,3666627480.0000005,7613461480.0,3.079038506524257,2.0136391695733993,0.5706854218435689,4.289689804691843,0.03206271631970418,3.079038506524257,0.1493356928436423,2.1087369240139204,5.687127328903531,3.3971643998072865,0.32394016664495195,0.5646153602632296,0.014240061278327623,0.2143211602177257,0.9389146599222474,0.019867101526446575,82.08254936198792,0.3640554665083947,22.004566210045663,0.9571761452076432,0.3164723759488921,-0.14327144643100498,0.3362238565264749,21.47002794005588,6.076941107530033,-0.024820529003243018,0.10228525692409729,0.04481767013018078,Apparel Manufacturing,Consumer Cyclical,HBI
2020Q1,2020,Q1,2020-04-30,2020-03-28,-7874000.0,1316462000.0,34130000.0,-0.0219,473732000.0,0.3598523922,7943259000.0,873571000.0,3950873000.0,1789068000.0,7069688000.0,1963757000.0,1296060000.0,2940349230.0,6868622230.0,2.433230181300607,2.2083414381119106,0.6309819433056382,5.73743061525623,0.004563267841622757,2.433230181300607,-0.009013577602736354,2.233523816107111,-93.35627476504953,3.365896109188606,-6.817754635509271,0.4291416911562887,0.0182573550965577,0.16573323367650483,1.0110694506860556,-0.0009912807828625506,-26.981869511355814,0.3598523922452756,-1.0429411764705883,-1.1681613086885603,0.22411988330336274,-0.3001850707624218,-0.33411953553160717,-1.0438687392055268,-0.8565478166939169,-1.1200689564850848,0.026980327019346856,-0.01813882050137556,Apparel Manufacturing,Consumer Cyclical,HBI
2019Q4,2019,Q4,2020-02-11,2019-12-28,179490000.0,1751005000.0,237919000.0,0.51,711437000.0,0.4063020951,7353986000.0,1236595000.0,3224565000.0,1771439000.0,6117391000.0,1905845000.0,1546224000.0,5411244550.0,8978768550.0,3.3889992737437824,1.8203082352821633,0.5298351125498472,3.1509103627299155,0.03986396994424896,3.3889992737437824,0.14514857330006994,3.0903649903912322,7.536972185079949,4.375923038666661,0.3023511059111928,0.5454630360811084,0.010028931329669807,0.23810284653791836,0.6458511978114968,0.024407171838510437,10.065596505195332,0.40630209508253834,0.0,1.2182601393768975,0.2711363629271116,-0.014374654889738693,-0.0012648489902265497,-0.04412704498977505,-0.11802147125550498,0.18814203160977,0.1560033464096934,0.05078543132718925,Apparel Manufacturing,Consumer Cyclical,HBI
2019Q3,2019,Q3,2019-10-31,2019-09-28,187776000.0,1866967000.0,269756000.0,0.51,712338000.0,0.3815482545,7773298000.0,1230242000.0,3625970000.0,2096904000.0,6543056000.0,2108281000.0,1528258000.0,5511266730.0,9535759730.0,3.372900919277409,1.729201718342852,0.5585167325374635,3.5289942954313056,0.038106176834443437,3.372900919277409,0.15263338432601065,2.951989365639564,7.3375547593941715,4.479823262415037,0.2888548057259714,0.5476637127593523,0.0098416575820492,0.24017694934633924,0.6442650688825049,0.024156542049462146,19.655157062461218,0.38154825446834356,0.21428571428571436,0.7416461180179279,0.4704328737786183,-0.0733555362573992,0.055817655507285686,0.21954641103577274,0.15271967421170257,0.12336045941929477,0.10267195503135851,0.0784186392570169,Apparel Manufacturing,Consumer Cyclical,HBI
2019Q2,2019,Q2,2019-08-02,2019-06-29,153972000.0,1760927000.0,234017000.0,0.42,674679000.0,0.3831385401,7876892000.0,1134850000.0,3656442000.0,2069817000.0,6742042000.0,2233760000.0,1395306000.0,6279049140.0,10559786140.0,3.1122733019413826,1.766553274999674,0.5762016287642385,3.9993637925717054,0.03247527935274425,3.1122733019413826,0.13567608053927832,3.5657634529994713,10.19511524822695,5.532933110102657,0.35219390538539475,0.486286798939904,0.008636339482445906,0.22355606754542273,0.613463412465933,0.019547303682721562,60.42660270228655,0.3831385400984822,0.9090909090909091,0.09792569752922688,0.4462750422418265,-0.09252794812911488,0.08665659487562734,0.9371933267909716,0.5807900674151232,0.24966109882064721,0.2435501689165924,0.12440291163039864,Apparel Manufacturing,Consumer Cyclical,HBI
2019Q1,2019,Q1,2019-05-02,2019-03-30,79482000.0,1588024000.0,148038000.0,0.22,620876000.0,0.3909739399,7848025000.0,1038038000.0,3621887000.0,2182435000.0,6809987000.0,2235809000.0,1296158000.0,6518511600.0,10843292600.0,2.847294072468936,1.659562369555107,0.5876460638186041,4.442863363383614,0.020631338221914455,2.847294072468936,0.07656945121469541,4.104794134093691,20.503106363704987,6.279646409861681,0.682179612994137,0.4325718341772486,0.008318003146607886,0.20234695990392487,0.5589880110976959,0.01012764357911704,-29.688976134086353,0.3909739399404543,-0.5,1.1065272967958903,0.6511374767835666,-0.0827180951458263,-0.11929359197134651,-0.5082198476683104,-0.39561772018567737,0.05002492645374632,0.381281374324093,0.15620881225529742,Apparel Manufacturing,Consumer Cyclical,HBI
2018Q4,2018,Q4,2019-02-11,2018-12-29,161621000.0,1768301000.0,244941000.0,0.44,704975000.0,0.3986736421,7255958000.0,970283000.0,3517589000.0,2030242000.0,6285675000.0,2054458000.0,1184735000.0,4437196570.0,7984765570.0,2.6655906682087784,1.7325959171369718,0.5485962019074532,4.102505145406031,0.04197970865786541,2.6655906682087784,0.1665709901131938,2.5092993613643833,6.863582965703714,4.573095241285275,0.33483272594526703,0.5175700841779194,0.01219598887411923,0.24370331250539212,0.6422387084889387,0.022274246901649652,9.257814797659881,0.39867364210052475,-0.06382978723404249,4.513122827275791,0.5136698374159402,-0.13220248366194018,-0.01079325968509837,-0.0571691916392974,-0.046510360505899434,0.46504359643932525,0.35508874178225597,-0.17855396890407962,Apparel Manufacturing,Consumer Cyclical,HBI
2018Q3,2018,Q3,2018-11-01,2018-09-29,171421000.0,1848707000.0,256889000.0,0.47,712667000.0,0.385494835,7455506000.0,870588000.0,3737205000.0,2027128000.0,6584918000.0,2139281000.0,1077808000.0,6699489300.0,10684820300.0,2.3949492448625898,1.8435959643396964,0.5879989902764481,5.0354817663464235,0.04258336321980547,2.3949492448625898,0.19690255321690628,3.623878364716529,9.770520093804143,7.69536141090849,0.315509768348102,0.5310382320041173,0.008073003415349883,0.24796532924794104,0.7118519402820147,0.02299253732744632,36.63826146400153,0.38549483503875953,0.205128205128205,0.5068547245660631,0.700116124953445,-0.16794667447931813,0.07987047621356576,0.21892443452105836,0.16734298814430412,0.1616545148784886,0.2768155405474542,-0.2348626199699934,Apparel Manufacturing,Consumer Cyclical,HBI
2018Q2,2018,Q2,2018-08-02,2018-06-30,140633000.0,1715443000.0,220063000.0,0.39,659956000.0,0.3847146189,7427886000.0,767191000.0,3616746000.0,1790811000.0,6660695000.0,2112211000.0,961020000.0,7971482220.0,12071987220.0,2.1192477576648225,2.0196134600468727,0.6056199570106487,5.863567221200457,0.035606652443587905,2.1192477576648225,0.1833089804233887,4.646894254137269,14.17071779027682,10.390479320012878,0.38441901971798936,0.4997071788755953,0.006781925683075789,0.2309463284708462,0.7660093667059227,0.018933112328325986,185.77646228064043,0.3847146189060202,1.0526315789473684,0.2761793425584994,0.5783048885857112,-0.18931219880276035,0.13997592072148013,0.7709957309624854,0.5066822769036958,0.6535473913857774,0.25764188716507247,-0.4103288860365489,Apparel Manufacturing,Consumer Cyclical,HBI
2018Q1,2018,Q1,2018-05-01,2018-03-31,79409000.0,1471504000.0,146058000.0,0.19,578921000.0,0.3934212887,7327775000.0,705695000.0,3399826000.0,1677760000.0,6622080000.0,2044680000.0,875035000.0,6874675560.000001,11026878560.0,1.8908385983527054,2.026407829486935,0.6176315457284101,6.413344291797448,0.023451781077503387,1.8908385983527054,0.11252594959578854,4.671870113842709,21.643250639096326,9.741709322015886,0.6806911055421929,0.4365392139601307,0.007862625592763245,0.20081184261252563,0.7440551687964906,0.01083671373643432,-46.46715080400414,0.3934212886951038,1.1792452830188678,0.6460097717153254,0.6575481664357173,-0.20767508995920106,-0.0761815399394569,1.2064657537095922,0.2189886412004774,0.6313713363466332,0.3162230861049996,-0.45618088659471373,Apparel Manufacturing,Consumer Cyclical,HBI
2017Q4,2017,Q4,2018-02-09,2017-12-30,-384611000.0,1645175000.0,119819000.0,-1.06,626661000.0,0.380908414,6894775000.0,686202000.0,3386370000.0,1778745000.0,6208573000.0,1874990000.0,850345000.0,7617157530.0,11159107530.0,1.883705800160864,1.903797340259565,0.5748579177710658,5.776019306268417,-0.14392244627480175,1.883705800160864,-0.5604923914532456,4.629998346680444,-4.951208838280756,11.100459529409708,-0.1422008210893604,0.5432103637886069,0.007180106199011483,0.23861184737718055,0.7448420093942639,-0.05578296608663807,25.557672276689548,0.3809084139985108,-2.9272727272727272,-6.200420971959432,0.5505808013429665,-0.15898837726500392,-0.07634382134755777,-2.8913186726725546,-0.526975491899062,-5.761140797116427,0.1962830895162828,-0.45216034899920177,Apparel Manufacturing,Consumer Cyclical,HBI
2017Q3,2017,Q3,2017-11-03,2017-09-30,203356000.0,1799270000.0,253304000.0,0.55,678457000.0,0.3770734798,7280723000.0,1231167000.0,3560026000.0,1896629000.0,6049556000.0,1953918000.0,1386488000.0,9020285120.0,12616146120.0,3.363081596250031,1.8770281378171483,0.5488336803913567,3.245624679673838,0.0474908359773863,3.363081596250031,0.16517336803211913,5.013302683866234,11.08927830995889,7.326613790005743,0.2688978933495938,0.573623355739596,0.006062114364739726,0.24712792946524678,0.7430198525910972,0.02793074259245957,33.75097328444212,0.37707347980014116,0.17021276595744697,0.9958104646037761,0.5923358784999271,0.7087828726277234,0.05040238302405009,0.17865671295759628,0.1076933841182104,0.8792485656257913,0.4119272002466645,-0.07605322039896875,Apparel Manufacturing,Consumer Cyclical,HBI
2017Q2,2017,Q2,2017-08-02,2017-07-01,172532000.0,1646610000.0,228677000.0,0.47,645902000.0,0.392261677,7236971000.0,1078326000.0,3578002000.0,1778588000.0,6158645000.0,2000436000.0,1238368000.0,8474498760.0,12250813760.0,2.9469625127421697,2.0117092884917698,0.58390865460149,3.918787082941522,0.04052683545201994,2.9469625127421697,0.15999985162186575,5.146633847723504,12.279604305288293,7.858939467285403,0.31677601836181113,0.5002449466016409,0.006449230986730359,0.22752751116454661,0.7786868009904486,0.023840360836045908,200.53713433824748,0.392261677021274,1.2380952380952381,1.7617823463603055,0.5028211675527089,0.7665341283938539,0.19715456572467568,1.443207726184913,0.8857159349539863,0.2259877340497684,0.3476761953309917,-0.1407290238435865,Apparel Manufacturing,Consumer Cyclical,HBI
2017Q1,2017,Q1,2017-05-03,2017-04-01,70617000.0,1380355000.0,121268000.0,0.21,539531000.0,0.3908639444,7055928000.0,958060000.0,3458807000.0,1762494000.0,6097868000.0,1998501000.0,1120541000.0,8025774480.000001,11702094480.0,2.4781814701576312,1.9624503686253685,0.5867326027136331,4.321172995428261,0.02236005730873428,2.4781814701576312,0.07370832724464021,5.814282905484459,28.41303963634819,8.377110494123542,0.7912400696716089,0.4207273351376857,0.006961944936185149,0.19563053931389324,0.7172166259856771,0.01000818035558186,-206.59959533554718,0.3908639444200948,-0.4878048780487805,3.6833089865662014,0.39562414866207224,0.4849685200133297,-0.11860782343764038,-0.5505308315087326,-0.4046209287025854,0.7649357226381958,0.3534377675685686,-0.20163110600325632,Apparel Manufacturing,Consumer Cyclical,HBI
2016Q4,2016,Q4,2017-02-03,2016-12-31,157112000.0,1575309000.0,203682000.0,0.41,612135000.0,0.388580907,6907734000.0,1223914000.0,3298420000.0,1602922000.0,5683820000.0,1840565000.0,1396116000.0,8185469880.0,11467669880.0,3.225205805778373,2.0577545257972627,0.5417760730219201,3.057767947747963,0.03959385089737711,3.225205805778373,0.1283684964793278,5.196104307154977,13.024896061408421,6.68794529681007,0.26463287336422425,0.5233034421495574,0.00507936631733107,0.2280500378271659,0.795062392306051,0.022744361609755095,21.577278018536678,0.38858090698396314,-0.08888888888888896,2.968114507401735,0.42307766883563824,0.8593137840973877,-0.0573343846151477,-0.09631998527533965,-0.10803496356502242,4.140681877991273,0.29345764454223405,0.049983263114555976,Apparel Manufacturing,Consumer Cyclical,HBI
2016Q3,2016,Q3,2016-10-28,2016-10-01,173858000.0,1761019000.0,228352000.0,0.45,649366000.0,0.3687444599,7304334000.0,1186525000.0,3562127000.0,1872880000.0,6117809000.0,2004997000.0,1281056000.0,9579042000.0,13257319000.0,3.1276359629699924,1.901951539874418,0.5652110103398886,3.4794799941004193,0.040486881776279765,3.1276359629699924,0.14652704325656854,5.439488159980103,13.774232419560791,8.073190198268051,0.2390686652325461,0.5544412285903669,0.0043390560350398295,0.24109234325812592,0.7538507539190978,0.023802033149086556,30.44745064508644,0.3687444598837378,0.32352941176470584,0.9762809256589647,0.4780410329596106,0.6329352923865078,0.16521888923381142,0.3567498809923289,0.3208317667813865,0.46439321102617004,0.5517802141834253,0.08660336313581157,Apparel Manufacturing,Consumer Cyclical,HBI
2016Q2,2016,Q2,2016-08-04,2016-07-02,128143000.0,1472731000.0,172885000.0,0.34,557291000.0,0.3784065114,6614650000.0,1049692000.0,3633492000.0,1550914000.0,5564958000.0,2006867000.0,1149236000.0,9708364800.0,12875169800.0,2.767934225133361,2.3428068867777325,0.5786854935635294,3.646595382264512,0.033313191502001196,2.767934225133361,0.12207676156434459,6.592082871889028,18.940489921415917,9.248774688194253,0.3242549339409878,0.4561537959416344,0.004279917458396289,0.2226468520632233,0.9791381082381099,0.019372604748550567,68.89860618275755,0.37840651144031057,0.6190476190476192,0.5191074574537923,0.23659648134886901,0.6416904865724089,0.21877241632695907,0.5964195392991067,0.41240145418896285,0.11003072978821424,0.29346202772152674,0.05883349538352893,Apparel Manufacturing,Consumer Cyclical,HBI
2016Q1,2016,Q1,2016-04-26,2016-04-02,80269000.0,1219140000.0,122405000.0,0.21,457256000.0,0.3750643897,5822061000.0,952041000.0,3117680000.0,1368512000.0,4870020000.0,1969872000.0,1057046000.0,10990981140.0,13999545140.0,2.462612325982028,2.2781532058177056,0.5738493636531805,3.509287940330301,0.02537610741347828,2.462612325982028,0.08431254536306734,9.015356021457748,34.23171193113157,11.544651060195935,0.5317494923320335,0.38676827732969454,0.003883456759348056,0.20940007327302135,0.7705632102604874,0.013787042080115615,-35.15257908624246,0.37506438965172173,-0.3,0.6778818144024072,0.18293758364688234,0.54389463001048,-0.15499162856709897,-0.32639325965274457,-0.22492179881716753,0.606251376945166,0.3257488814850975,0.031917315073293304,Apparel Manufacturing,Consumer Cyclical,HBI
2015Q4,2015,Q4,2016-02-05,2016-01-02,119163000.0,1409557000.0,157926000.0,0.3,541126000.0,0.3838979197,5619040000.0,1275891000.0,2917867000.0,1503909000.0,4343149000.0,1814602000.0,1389338000.0,11571493410.0,13877090410.0,3.244997927194948,1.9401885353435613,0.4671200062644153,2.0572023785730913,0.03832845096842419,3.244997927194948,0.09339590921168031,8.209312152683431,24.276607273230784,9.06934323543312,0.3323430930741925,0.478579324832663,0.00342246230428437,0.250853704547396,0.6646585664425174,0.02120700333152994,40.10123965109147,0.38389791970101245,-0.25000000000000006,3.2269428212679165,0.22018110873056876,1.256666718048787,-0.0682290142057684,-0.2651245112670671,-0.24193579355631503,0.4927874749160979,0.23084877551395555,0.4487830171191621,Apparel Manufacturing,Consumer Cyclical,HBI
2015Q3,2015,Q3,2015-10-29,2015-10-03,162154000.0,1591038000.0,208328000.0,0.4,580750000.0,0.3650132806,5819400000.0,1250299000.0,3265454000.0,1572137000.0,4569101000.0,1813510000.0,1349059000.0,11595888350.0,14090654350.0,3.13009050056954,2.077079796480841,0.47760267381516996,2.2229570686691744,0.04756285598098197,3.13009050056954,0.12969217763111063,7.288253548941006,17.877894393601146,9.274492221460628,0.24817765827546653,0.5570898423499181,0.003470454249415052,0.2734024126198577,0.7219020988628854,0.027864384644465064,90.32402263574828,0.36501328063817456,0.7391304347826088,1.5556095146734255,0.31027014714602036,1.2434619838407976,0.02204232478331647,0.7086468146087543,0.49948536344856875,0.45852051937328936,0.2904508461686263,0.5904000197651815,Apparel Manufacturing,Consumer Cyclical,HBI
2015Q2,2015,Q2,2015-07-31,2015-07-04,94902000.0,1522033000.0,138933000.0,0.23,568225000.0,0.3733329041,5872381000.0,1451772000.0,3296322000.0,1513690000.0,4420609000.0,1766761000.0,1530495000.0,13718108040.0,15999897040.0,3.593948741053945,2.1776731034756125,0.44226404928426816,1.7889468869767429,0.029852798227323556,3.593948741053945,0.06536976880667213,9.013016169820235,36.13756306505658,9.44921657119713,0.4361025057427662,0.5398624941347472,0.0030169612222998646,0.2591849881674912,0.7601642344205221,0.0161607361647686,2141.1125394100204,0.3733329040828944,0.7692307692307693,0.06085750895134965,0.3507411112535226,1.9984103902797326,0.2733875503943025,0.8029865491298731,0.5448844113820596,0.37608127614190356,0.25831551580625,1.154365072279893,Apparel Manufacturing,Consumer Cyclical,HBI
2015Q1,2015,Q1,2015-05-01,2015-04-04,52636000.0,1208921000.0,89931000.0,0.13,446231000.0,0.3691151035,5407926000.0,1403229000.0,3020688000.0,1400746000.0,4004697000.0,1692712000.0,1476310000.0,13778187060.0,15802811060.0,3.4769623791128876,2.156485187178832,0.425614366764634,1.6402818071747376,0.02038962384772629,3.4769623791128876,0.037510627274664365,11.397094648864567,65.44089150011399,9.818915558330108,0.761513032905236,0.4505728086053623,0.0029091635804805224,0.22354614319796537,0.7068947546521639,0.009733121348184128,-46.59310568016962,0.3691151034682994,-0.40909090909090906,0.376291155115279,0.24394101647128102,2.5620134657480698,-0.1820694661091977,-0.41147399845701443,-0.31428898208158595,2.9159110526473437,0.17086452408671138,1.083455041702363,Apparel Manufacturing,Consumer Cyclical,HBI
2014Q4,2014,Q4,2015-02-06,2015-01-03,89437000.0,1522596000.0,131150000.0,0.22,545561000.0,0.3583097552,5221781000.0,1386772000.0,2765232000.0,1486602000.0,3835009000.0,1537200000.0,1464427000.0,11152695690.0,12896592690.0,3.4384254529946743,1.860102434948964,0.3798995017217306,1.4304817230229627,0.03462102605235237,3.4384254529946743,0.0644929375557049,7.324789826060229,31.174725477151515,8.0421984940567,0.3350850319219115,0.6355939370283633,0.002687153028560757,0.29158557204907676,0.613414350310305,0.017127681149400942,40.55230779579667,0.3583097551812825,-0.24137931034482754,79.74117145572997,0.4669487076854367,2.9467226510612,0.09613132013300785,-0.24807472423997848,-0.14777896186936293,1.1253970843152958,0.29418258760742744,0.9822337628470768,Apparel Manufacturing,Consumer Cyclical,HBI
2014Q3,2014,Q3,2014-10-30,2014-09-27,118944000.0,1400728000.0,153892000.0,0.29,497715000.0,0.3553259448,5543494000.0,1464670000.0,3154420000.0,1675955000.0,4078824000.0,1666008000.0,1405415000.0,10919912900.0,12995582900.0,3.6399083480784906,1.8821627072325928,0.41336781459491073,1.564517604648146,0.03761075099834321,3.6399083480784906,0.0812087364389248,7.795883926072728,22.951794331786388,7.455544866761796,0.25143765133171914,0.5420220070972048,0.0027387581085926063,0.2526796276860767,0.6508253503226519,0.02145650378624023,57.95947528210354,0.3553259447944212,-0.23684210526315796,1.7375453637942755,0.2527197718068856,3.7300036895523903,-0.013163373344912502,-0.23052439545084036,-0.25700546532511925,0.27469973700305467,0.10837728433125118,0.9003921405819527,Apparel Manufacturing,Consumer Cyclical,HBI
2014Q2,2014,Q2,2014-07-24,2014-06-28,154578000.0,1342052000.0,207124000.0,0.38,504354000.0,0.3758080909,4415018000.0,1378428000.0,2587736000.0,1155338000.0,3036590000.0,1401615000.0,1316748000.0,9872160000.0,11517345000.0,3.4296078821656053,2.239808610121021,0.4051630140579268,1.2977115961080303,0.054540313689375924,3.4296078821656053,0.11214078646109917,7.356018991812538,15.966308271552226,7.161897465808877,0.19330693889169223,0.5976662635602501,0.0030267945414174813,0.30397429863253106,0.7990189883826205,0.035011861786293966,180.1061791910678,0.3758080908936464,2.8000000000000003,3.784257066327089,0.28715796889010126,4.450946158807791,0.41363933213183585,2.71939364773821,1.8852175851117179,0.7290509720106182,0.06326232448801727,1.0341359927198945,Apparel Manufacturing,Consumer Cyclical,HBI
2014Q1,2014,Q1,2014-04-25,2014-03-29,41560000.0,1059370000.0,71788000.0,0.1,356777000.0,0.3367822385,4273919000.0,1246477000.0,2440951000.0,1029363000.0,3027442000.0,1402122000.0,1192618000.0,7650798109.999999,9323029110.0,3.104055642438067,2.3713218757620003,0.42662647560704825,1.462816401746683,0.019619996210595132,3.104055642438067,0.033341971011097676,7.222026402484494,46.02260653272377,6.137937651476922,0.7182386910490857,0.501092629599992,0.0039015537426068613,0.24786852535108878,0.7409786440740536,0.009724096315348981,-102.75044466827826,0.3367822385002407,0.25000000000000006,3.023920638350407,0.1623735740275309,5.338205034296926,-0.1649103999700397,0.28804314138721876,0.27720746526233386,-0.16363878529095774,-0.010397574851018707,0.9460370546560954,Apparel Manufacturing,Consumer Cyclical,HBI
2013Q4,2013,Q4,2014-02-06,2013-12-28,32266000.0,1285790000.0,56207000.0,0.08,427232000.0,0.3322719884,4090048000.0,1230623000.0,2243666000.0,999278000.0,2859425000.0,1283331000.0,1181418000.0,6946026649.999999,8515145649.999999,3.071673539072874,2.245287097284239,0.41197120424992567,1.3692105543289863,0.020617971450749433,3.071673539072874,0.026219240173473112,5.402147045785081,53.81846719457013,5.644317268570472,0.6144858364842248,0.6690074501434159,0.00285443765177607,0.3143703936970911,0.6949227342141026,0.0078889049712864,21.61245418339089,0.3322719884273482,-0.7419354838709676,0.7070355478338459,0.1750865122298302,5.287511929511053,0.013166382090684879,-0.7424139610260013,-0.6822632251353887,0.12325730930136447,0.0923476457712047,1.1361318558156508,Apparel Manufacturing,Consumer Cyclical,HBI
2013Q3,2013,Q3,2013-10-31,2013-09-28,125263000.0,1197346000.0,176898000.0,0.31,421680000.0,0.3521789023,3835017000.0,1152104000.0,2257053000.0,913685000.0,2682913000.0,1313971000.0,1169345000.0,6265132260.0,7554635260.0,2.878360282213739,2.470274766467656,0.3707475090723196,1.2341099414636179,0.05697471578136458,2.878360282213739,0.108725427565567,5.232516131510859,12.503956196163273,5.43799193475589,0.1582111237955342,0.5903220086288054,0.003163221329983543,0.3122140006159034,0.7858616481610183,0.032662958208529456,27.955487503960093,0.35217890233900645,0.03333333333333337,6.390674853089422,-0.025110046083476254,1.8408368866610356,-0.03169361764665359,0.03024196864770615,-0.025070681796888348,0.9701536469228844,-0.015965285172946573,1.0630367932712523,Apparel Manufacturing,Consumer Cyclical,HBI
2013Q2,2013,Q2,2013-07-31,2013-06-29,121586000.0,1199205000.0,181447000.0,0.3,435482000.0,0.3631422484,3849530000.0,1044138000.0,2259964000.0,894007000.0,2805392000.0,1337174000.0,1064266000.0,5134544100.0,6627523100.0,2.6141354964698813,2.5279041439272847,0.4092146313965601,1.5086932953306937,0.05417105913999733,2.6141354964698813,0.11644629349760281,4.281623325453113,10.557432804763707,4.917495675858938,0.0,0.5711470608911032,0.0,0.3115198478775331,0.7817914177405769,0.03158463500739051,58.510655924516264,0.3631422484062358,1.3076923076923075,1.003506198315124,0.056877074204407664,1.5249765681570495,0.3305326322414673,1.3664532201872361,1.1310853505279355,0.3745545849705741,0.07631206905184423,1.1809579376237151,Apparel Manufacturing,Consumer Cyclical,HBI
2013Q1,2013,Q1,2013-04-24,2013-03-30,51379000.0,945461000.0,85143000.0,0.13,327299000.0,0.3461792713,3807125000.0,948554000.0,2197558000.0,875562000.0,2858571000.0,1346985000.0,962846000.0,4527251640.0,6083280640.0,2.3864434582213767,2.509882795278918,0.42671937485635486,1.7126847812565231,0.02878784642089925,2.3864434582213767,0.054165603645127215,4.788406544532244,22.028706475408242,4.772792735047241,0.0,0.4589227051526186,0.0,0.24833988902386972,0.7071972059088906,0.013495485438487047,-52.88783588976764,0.3461792712761288,-0.35000000000000003,0.35411977224521235,-0.09130675429686784,1.8931531103300232,-0.17778737963830574,-0.36086231775886946,-0.2444896003407397,0.36405140449602086,-0.012213390363689793,1.4448190134285444,Apparel Manufacturing,Consumer Cyclical,HBI
2012Q4,2012,Q4,2013-02-06,2012-12-29,80388000.0,1153256000.0,112696000.0,0.2,398071000.0,0.3451714103,3631700000.0,886866000.0,2027525000.0,875668000.0,2744834000.0,1253136000.0,911467000.0,3462635219.9999995,4937391220.0,2.239809473779915,2.315403783168964,0.4178627089241953,1.7111401271443487,0.04205393010018193,2.239809473779915,0.0906427803072843,3.002486195606179,10.768507799671593,3.9043499468916383,0.0,0.6026361065359227,0.0,0.317552661288102,0.6270344468451513,0.0221350882506815,15.209343640875845,0.34517141033734056,-0.25925925925925924,0.5602152908596651,-0.03848696615955457,1.966648208397001,-0.0046483134548546,-0.26848178211334767,-0.2799345720346564,73.0898953857884,0.13176038983065977,1.57091709710606,Apparel Manufacturing,Consumer Cyclical,HBI
2012Q3,2012,Q3,2012-10-24,2012-09-29,109892000.0,1218681000.0,156508000.0,0.27,399930000.0,0.3281662716,3939559000.0,777067000.0,2318854000.0,1078876000.0,3162492000.0,1340776000.0,831079000.0,3146779160.0,4660473160.0,1.9681152299229032,2.1493239260118866,0.4304956468477817,2.182518367142087,0.058519930465239164,1.9681152299229032,0.14141895100422486,2.5821188317533466,7.1587994576493275,4.049559639001528,0.0,0.6106545761558978,0.0,0.3093445230798676,0.7116285838224226,0.027894492759214927,10.983215686822009,0.3281662715673749,0.5882352941176471,1.7381782690417458,0.02384241577086877,2.4270955505359604,0.08992946922045501,0.6324796482262761,0.30476611282940536,1.577663705790449,0.11078896354907286,1.557534808236012,Apparel Manufacturing,Consumer Cyclical,HBI
2012Q2,2012,Q2,2012-08-02,2012-06-30,67316000.0,1180651000.0,119951000.0,0.17,366932000.0,0.310787862,3886056000.0,657758000.0,2255528000.0,963443000.0,3228298000.0,1435850000.0,721187000.0,2733401560.0,4559209560.0,1.6682171407701984,2.3411120325748382,0.4774686726079089,2.8209006960006566,0.038929937124287724,1.6682171407701984,0.10234159067620614,2.3151647353875107,10.151381395210649,4.15563407818681,0.0,0.5667158825782638,0.0,0.30381728930308777,0.6390009580224258,0.017322447231846377,28.172427028364115,0.3107878619507373,3.49632892804699,1.5844542747161399,0.027613733115156847,3.962184620091463,0.44255257250464886,3.5089824822959375,18.73527476143468,1.1237880992279785,0.1542771633491368,1.6514290052881146,Apparel Manufacturing,Consumer Cyclical,HBI
2012Q1,2012,Q1,2012-04-25,2012-03-31,-26830000.0,1008334000.0,6078000.0,-0.0681,254363000.0,0.2522606597,4076212000.0,657745000.0,2387554000.0,875533000.0,3418467000.0,1619242000.0,719956000.0,2910664820.0,5016859820.0,1.6688444480529365,2.7269720273250693,0.5251922618352529,3.254749180913576,0.001846052534978494,1.6688444480529365,-0.04079088400519958,2.8866078303419305,-27.121364330972792,4.4252177059498745,0.0,0.4656320673500317,0.0,0.24737035267056767,0.6388622701828486,-0.006582091412321047,-28.17981411379721,0.25226065966237377,-1.6809999999999998,-3.1884053476360927,-0.050601764051944345,6.052201845199608,-0.23652086216056406,-1.6549493470035397,-0.919270003187759,-0.33122568153453535,0.12723780010591138,2.4076316601720333,Apparel Manufacturing,Consumer Cyclical,HBI
2011Q4,2011,Q4,2012-02-17,2011-12-31,40965000.0,1145315000.0,75288000.0,0.1,333163000.0,0.2908920253,4034669000.0,681061000.0,2330791000.0,933719000.0,3353608000.0,1607555000.0,746786000.0,2145712020.0,3981219020.0,1.7346215756390273,2.4962445875043775,0.463694047764513,2.74696686493574,0.03612640969131189,1.7346215756390273,0.0601487972442997,1.8734688884717305,13.094788355913584,3.150543079107451,0.0,0.5052094640618828,0.0,0.2838683916821925,0.5419810456893348,0.010153249250434175,12.368927229126795,0.29089202533800745,-0.5652173913043478,-0.19818915556898428,-0.03701380320845005,1.297522199927061,-0.21690332194912126,-0.5490025541659327,-0.5068966872322868,1.211460049720772,0.06805458727052278,2.5506552735124157,Apparel Manufacturing,Consumer Cyclical,HBI
2011Q3,2011,Q3,2011-11-03,2011-10-01,90832000.0,1230185000.0,152682000.0,0.23,425443000.0,0.3458366018,4218580000.0,750241000.0,2574859000.0,1037583000.0,3468339000.0,1726372000.0,705820000.0,2449104250.0,4615953250.0,1.9153459280061271,2.4815932797665345,0.525021689762906,2.9521793663636084,0.041194609129512894,1.9153459280061271,0.12107042936869619,1.99084223104655,6.7407528459133355,3.264423365291953,0.0,0.4661463462104344,0.0,0.2916111582570438,0.6143469968185677,0.021531415784458278,120.20143558282209,0.3458366018119226,0.0454545454545455,0.7743622803016602,0.0812161530391657,44.44731874162195,-0.004206066847673439,0.04666866400866539,0.028383220626667024,4.476374304506961,0.023527025135839,0.8903767525624061,Apparel Manufacturing,Consumer Cyclical,HBI
2011Q2,2011,Q2,2011-07-28,2011-07-02,86782000.0,1225233000.0,148468000.0,0.22,427240000.0,0.3487010226,4154776000.0,657800000.0,2501729000.0,1073048000.0,3496976000.0,1640231000.0,614988000.0,2872464650.0,5068110650.0,1.6860268410961994,2.331423198216669,0.5392110188371166,3.4057479477044694,0.040984093516993864,1.6860268410961994,0.1319276375798115,2.344423183182301,8.274943680717199,4.3667750836120405,0.0,0.4865125704854987,0.0,0.2948974866515066,0.6121189359655859,0.020887287305019573,274.79811059026116,0.3487010225810111,0.8333333333333334,2.367164861318259,0.07773309770578979,4.015160350220526,0.20510542274874832,0.803862063231412,0.4578125153422425,0.4639869197789092,0.10547812812930084,0.6285224208158415,Apparel Manufacturing,Consumer Cyclical,HBI
2011Q1,2011,Q1,2011-04-28,2011-04-02,48109000.0,1036410000.0,101843000.0,0.12,354525000.0,0.3420702232,4076929000.0,620123000.0,2434442000.0,943120000.0,3456806000.0,1541730000.0,528208000.0,2664087540.0,4866785540.0,1.5950650245899953,2.5812643141911953,0.5561789278155199,3.656535880784941,0.028214669110468837,1.5950650245899953,0.07757977046489165,2.5704957883463107,13.844018478870899,4.2960631036100905,0.0,0.4422856142126053,0.0,0.2542134042559976,0.6488304775638307,0.01180030361087966,-21.068974423864734,0.3420702231742264,0.671309192200557,-0.3609306822873247,-0.0057307104007704324,0.0,0.01682737811838535,0.7147490732820074,0.8101560555970282,0.29631105721961293,0.018396127367954207,0.9337425829944361,Apparel Manufacturing,Consumer Cyclical,HBI
2010Q4,2010,Q4,2011-02-16,2011-01-01,28056000.0,1149659000.0,56262000.0,0.0718,348658000.0,0.3032707959,3790002000.0,562674000.0,2147671000.0,829350000.0,3227328000.0,1322719000.0,480098000.0,2484755000.0,4572497000.0,1.4379606440071557,2.589583408693555,0.5623778034945628,3.788006909862549,0.021963856330944814,1.4379606440071557,0.04986190938269762,2.1612973934009996,22.141030439121757,4.415976213580154,0.0,0.6055715537464873,0.0,0.30333994546704723,0.659448966057756,0.00740263461602395,17.442017998287213,0.3032707959490597,-0.55125,-0.4489942393710319,-0.03008075450826596,0.9045920727757393,-0.04181930608038475,-0.5424060542797495,-0.5067332982640715,-0.4489942393710319,-0.03008075450826596,0.9045920727757393,Apparel Manufacturing,Consumer Cyclical,HBI
2010Q3,2010,Q3,2010-10-28,2010-10-02,61312000.0,1173362000.0,114060000.0,0.16,363875000.0,0.310113162,3755293000.0,538527000.0,2255012000.0,957660000.0,3216766000.0,1377286000.0,452043000.0,2510825920.0,4499652920.0,1.395205500746145,2.3547104400309085,0.5497102356593746,3.8332766973615064,0.03505695679735674,1.395205500746145,0.11385130179173931,2.139856173968477,10.237905793319415,4.66239560876242,0.0,0.5877406725981387,0.0,0.3124555127922109,0.6336862769667732,0.0163268219017797,373.24601159506466,0.3101131620079737,-0.2727272727272727,-0.2592213807021509,0.029078903239786093,0.0,-0.029164421060495296,-0.28216175713014563,-0.071210455600342,0.5627149484962551,0.008355654482913017,1.4294830358473043,Apparel Manufacturing,Consumer Cyclical,HBI
2010Q2,2010,Q2,2010-07-28,2010-07-03,85412000.0,1075852000.0,122805000.0,0.22,374806000.0,0.3483806323,3613721000.0,462283000.0,2117164000.0,892549000.0,3151438000.0,1295621000.0,390730000.0,2343006000.0,4339825000.0,1.198618025305953,2.372042319245218,0.5627484800293105,4.399071564388048,0.05026675814985084,1.198618025305953,0.184761282590967,2.177814420570859,6.857953215004917,5.068336927812617,0.0,0.5410887906262711,0.0,0.2977130774622612,0.6157622718752696,0.02363547158178509,-42.45729817885295,0.3483806322802765,1.3783783783783785,2.352400399180168,-0.042701599987291734,2.56534157645184,0.14469046819167455,1.3392216470846,0.43276320701885385,2.352400399180168,-0.042701599987291734,2.56534157645184,Apparel Manufacturing,Consumer Cyclical,HBI
2010Q1,2010,Q1,2010-04-29,2010-04-03,36513000.0,927840000.0,85712000.0,0.0925,327430000.0,0.3528948957,3440063000.0,376104000.0,1945166000.0,872218000.0,3063959000.0,1183414000.0,305317000.0,2717356460.0,4664366460.0,0.9761227498287067,2.230137419773497,0.578370221708149,5.2901059281475336,0.028260205513173337,0.9761227498287067,0.09708219003254419,2.9286907872046903,18.605403965710842,7.225013453725565,0.0,0.5073541465624033,0.0,0.26971599066645,0.5536689222189866,0.010614049800832135,-40.44527818295478,0.35289489567166754,34.035714285714285,-0.5105987388827692,-0.10186535039303218,0.0,0.01268993928747058,34.74584103512015,-0.3666632184077911,2.0464411382905032,-0.10637506201424664,3.124898917640144,Apparel Manufacturing,Consumer Cyclical,HBI
2009Q4,2009,Q4,2010-02-09,2010-01-02,-1082000.0,988739000.0,135334000.0,-0.0028,323327000.0,0.3270094535,3326564000.0,334719000.0,1822557000.0,878975000.0,2991845000.0,1049204000.0,268805000.0,2315765500.0,4235738500.0,0.8712103071317022,2.0735026593475356,0.5888706785740482,5.852419492171045,0.015713142516243818,0.8712103071317022,-0.003232562238773419,2.342140342395718,-535.0659658040665,6.91853614524422,0.0,0.6342065032157712,0.0,0.297225305149698,0.5568804573508916,-0.00032526053910281,13.11446588251284,0.3270094534553608,-1.0254545454545454,-1.0216426349699939,-0.1504270316579004,0.15392604908823918,-0.09350958842660087,-1.0263017161748262,0.07459107511513419,-1.0216426349699939,-0.1504270316579004,0.15392604908823918,Apparel Manufacturing,Consumer Cyclical,HBI
2009Q3,2009,Q3,2009-11-05,2009-10-03,41138000.0,1058673000.0,125940000.0,0.11,356680000.0,0.3369123421,3491913000.0,293184000.0,2038586000.0,923624000.0,3198729000.0,1137077000.0,269887000.0,1936371509.9999998,4002635510.0,0.7695360483794765,2.207160056473197,0.6027873546677709,7.179385641781271,0.045061183013886806,0.7695360483794765,0.14031461471294476,1.829055345701647,11.767535551072001,6.6046288678781915,0.0,0.617366282142722,0.0,0.3031785156159389,0.6248830693009276,0.011780934977475097,11.923690154374771,0.33691234214908666,0.375,-0.496448220123475,-0.0593317223943485,0.0,0.08946183615310134,0.34635902470954016,0.4966487617055664,-0.17379300377553936,-0.04336512406752935,17.259547563962762,Apparel Manufacturing,Consumer Cyclical,HBI
2009Q2,2009,Q2,2009-08-06,2009-07-04,30555000.0,986022000.0,84148000.0,0.08,327391000.0,0.3320321453,3576091000.0,239145000.0,2112517000.0,874714000.0,3336946000.0,1234543000.0,228750000.0,1398738560.0,3635120560.0,0.629176620397167,2.4150945337561764,0.6386702687375685,9.550452654247422,0.02601398321688867,0.629176620397167,0.12776767233268518,1.4185672936303653,11.444432662412044,5.848914089778168,0.0,0.5335018707327327,0.0,0.2757262049539567,0.6320500186346623,0.008544245658178162,22.41209037013299,0.33203214532738623,2.5655577299412915,0.21690778644800707,-0.1097339826653642,0.8715132896995116,0.26956754409095846,2.5808671357615895,0.4697057025587285,0.21690778644800707,-0.1097339826653642,0.8715132896995116,Apparel Manufacturing,Consumer Cyclical,HBI
2009Q1,2009,Q1,2009-05-11,2009-04-04,-19328000.0,857841000.0,57255000.0,-0.0511,257876000.0,0.3006104861,3564944000.0,185107000.0,2096961000.0,875049000.0,3379837000.0,1301242000.0,198195000.0,1098953590.0,3404654590.0,0.48973733504069084,2.3963926591539444,0.6556540579599567,12.627129173937236,0.017704731515036463,0.48973733504069084,-0.10441528413296093,1.281069090892135,-14.21452801634934,5.936855926572199,0.0,0.4610710382849616,0.0,0.24063239142045428,0.5216027902437463,-0.0054216840432837095,-9.664613970749897,0.3006104860924111,-2.082627118644068,-1.264087820795725,-0.15351542548467476,0.0,-0.16719092124555138,-2.08092388568872,-0.388170549262663,-1.264087820795725,-0.15351542548467476,0.0,Apparel Manufacturing,Consumer Cyclical,HBI
2008Q4,2008,Q4,2009-02-11,2009-01-03,17881000.0,1035117000.0,93580000.0,0.0472,309646000.0,0.2991410633,3534049000.0,185155000.0,2110325000.0,748284000.0,3348894000.0,1290530000.0,217522000.0,1248805000.0,3419744000.0,0.48853562005277046,2.8202193284902526,0.6333474719790246,12.088687856120547,0.03589268471118606,0.48853562005277046,0.0965731414220518,1.2064384992227932,17.45994351546334,6.744646377359509,0.0,0.5621496594422447,0.0,0.2928983157845293,0.6311400484308097,0.00505963556249503,9.433486931560658,0.2991410632807692,0.11058823529411754,-0.6374291977229,-0.09837361473019968,-0.35293008671768844,-0.09403014769562063,0.12317839195979899,-0.1856306184786487,-0.6374291977229,-0.09837361473019968,-0.35293008671768844,Apparel Manufacturing,Consumer Cyclical,HBI
2008Q3,2008,Q3,2008-10-31,2008-09-27,15920000.0,1153635000.0,114911000.0,0.0425,341784000.0,0.2962670169,3627638000.0,380934000.0,2252381000.0,771584000.0,3246704000.0,1359008000.0,199641000.0,2160876080.0,4461442080.0,1.0132085709422078,2.919164990461181,0.6579427164452462,6.265594564937758,0.03155303981877675,1.0132085709422078,0.041792016464794426,1.8731020470079358,33.933355527638184,5.672573411667113,0.0,0.5973850043561186,0.0,0.31801271240404916,0.8413199340577306,0.0043885304983573336,-117.2604775341871,0.29626701686408613,-0.7166666666666666,-0.8025284933537451,0.038731972789217264,0.0,-0.10282552315753,-0.7223772321428571,0.01612917488305464,-0.8025284933537451,0.038731972789217264,0.0,Apparel Manufacturing,Consumer Cyclical,HBI
2008Q2,2008,Q2,2008-08-01,2008-06-28,57344000.0,1072171000.0,113087000.0,0.15,380956000.0,0.3553127253,3577571000.0,390747000.0,2222740000.0,729154000.0,3186824000.0,1342184000.0,201271000.0,2618351250.0,4895319250.0,1.0353107943405224,3.04838209760901,0.6635468590280947,6.075250737689605,0.031087974216139683,1.0353107943405224,0.14675480553913403,2.4421022859226746,11.415105547223773,6.700886379166059,0.0,0.5149927282697454,0.0,0.29969244495776604,0.8839490697438401,0.016028752469203267,-34.24875083386745,0.3553127253022139,0.5789473684210525,1.2999965476650344,-0.025097765136666624,2.0795770976908505,0.10433552486636287,0.5918276704419276,0.28809485841857074,1.2999965476650344,-0.025097765136666624,2.0795770976908505,Apparel Manufacturing,Consumer Cyclical,HBI
2008Q1,2008,Q1,2008-05-07,2008-03-29,36024000.0,987847000.0,87794000.0,0.095,344964000.0,0.3492079239,3470139000.0,311282000.0,2125251000.0,683865000.0,3158857000.0,1223979000.0,146304000.0,2658613920.0,4867632920.0,0.8248590265411685,3.10770546818451,0.6713886677161923,7.484570261049466,0.025263561236366444,0.8248590265411685,0.11572786091068549,2.691321550806957,18.450296469020653,8.540853374110934,0.0,0.5252402206247002,0.0,0.28467072932813353,0.96904067323229,0.010381140352014718,-56.49293300184866,0.34920792389914634,-0.2692307692307693,-0.5070092828773827,-0.023691014842211228,0.0,-0.04138055605730086,-0.27652481272468016,-0.08463054289914608,-0.5070092828773827,-0.023691014842211228,0.0,Apparel Manufacturing,Consumer Cyclical,HBI
2007Q4,2007,Q4,2008-02-19,2007-12-29,49793000.0,1159130000.0,95911000.0,0.13,359855000.0,0.3104526671,3439483000.0,288904000.0,2094334000.0,688982000.0,3150579000.0,1117052000.0,117849000.0,2663285760.0,4823876760.0,0.7549966549590232,3.039751401342851,0.6788308010244563,8.08167072799269,0.024244024298461,0.7549966549590232,0.17235136931298978,2.297659244433325,13.371788002329644,9.21858388945809,0.0,0.7155217483161035,0.0,0.33700704437265716,1.0875538112751857,0.014476885043478918,37.011670140915534,0.3104526670865218,0.3,0.0,0.0,0.0,-0.003224207036194771,0.28015734265734266,-0.0928171465324808,0.0,0.0,0.0,Apparel Manufacturing,Consumer Cyclical,HBI
2007Q3,2007,Q3,2007-11-05,2007-09-29,38896000.0,1153606000.0,105724000.0,0.1,361019000.0,0.3129482683,3512991000.0,219752000.0,2147017000.0,769379000.0,3293239000.0,1195765000.0,66864000.0,2684331840.0,4918347840.0,0.5742808161899984,2.790584354394908,0.6861369698926072,10.968696530634533,0.028138278062338682,0.5742808161899984,0.1769995267392333,2.3269052345428163,17.253264088852326,12.215278313735482,0.0,0.6628283985565726,0.0,0.32838285096659797,0.9801879177882422,0.01107204658366617,25.04367958502043,0.3129482682995754,0.5384615384615385,-0.5259668949793601,0.0205515272956941,0.0,-0.05084170923632272,0.5292914995675081,-0.2508007596587205,-0.5259668949793601,0.0205515272956941,0.0,Apparel Manufacturing,Consumer Cyclical,HBI
2007Q2,2007,Q2,2007-08-03,2007-06-30,25434000.0,1121907000.0,141116000.0,0.065,380357000.0,0.3390272099,3478461000.0,129437000.0,2159776000.0,665760000.0,3349024000.0,1233787000.0,55231000.0,2601745620.0,4878893620.0,0.3361860286325763,3.2440759432828647,0.7053524532832193,18.955484135139102,0.03824344488070298,0.3361860286325763,0.19649713760362184,2.319038583411994,25.573500235904696,20.100478379443285,0.0,0.6010356730943024,0.0,0.3225297049471016,1.099897861091084,0.007311854294183549,28.510718535970632,0.33902720992025187,1.1666666666666667,0.0,0.0,0.0,0.11975423856052332,1.118793735421526,0.6580035717642636,0.0,0.0,0.0,Apparel Manufacturing,Consumer Cyclical,HBI
2007Q1,2007,Q1,2007-05-14,2007-03-31,12004000.0,1039894000.0,85112000.0,0.03,339679000.0,0.326647716,3454583000.0,91320000.0,2113347000.0,646776000.0,3363263000.0,1253668000.0,45028000.0,2835400250.0,5191664250.0,0.2366416169992226,3.267509926156815,0.7252840646758234,27.43707840560666,0.02294177964488535,0.2366416169992226,0.13144984669294787,2.7266243001690555,59.0511548233922,31.04906099430574,0.0,0.5585330406455298,0.0,0.30101867577070807,1.0252591314458175,0.0034748043396265194,-355.09082654978084,0.32664771601720943,0.0,-0.8393531209364327,0.005046537344156297,0.0,0.0,0.0,0.0,-0.8393531209364327,0.005046537344156297,0.0,Apparel Manufacturing,Consumer Cyclical,HBI
