Quarters,Year,Quarter,FillingDate,Date,NetIncome,Revenue,OperatingIncome,EPSDiluted,GrossProfit,GrossProfitRatio,TotalAssets,CommonStockEquity,CurrentAssets,CurrentLiability,TotalLiability,Inventory,RetainedEarnings,MarketCap,EnterpriseValue,bookValuePerShare,currentRatio,debtToAssets,debtToEquity,roic,shareholdersEquityPerShare,roe,priceToSalesRatio,peRatio,pbRatio,payoutRatio,inventoryTurnover,dividendYield,assetTurnover,quickRatio,returnOnAssets,priceToFreeCashFlowsRatio,grossProfitMargin,epsdilutedGrowth,fiveYNetIncomeGrowthPerShare,fiveYRevenueGrowthPerShare,fiveYShareholdersEquityGrowthPerShare,grossProfitGrowth,netIncomeGrowth,operatingIncomeGrowth,threeYNetIncomeGrowthPerShare,threeYRevenueGrowthPerShare,threeYShareholdersEquityGrowthPerShare,Industry,Sector,Symbol
2023Q1,2023,Q1,2023-05-04,2023-03-31,-43529000.0,109110000.0,-36980000.0,-0.4,70425000.0,0.6454495463,569693000.0,-58362000.0,299153000.0,142904000.0,628055000.0,108242000.0,-975853000.0,1712115600.0,1616281600.0,-0.5317673643064755,2.093384369926664,0.8183811280812648,-7.988519927349988,-0.08964255684245363,-0.5317673643064755,0.7458448990781673,15.691646961781688,-9.833189368007535,-29.33613652719235,0.0,0.3573936180041019,0.0,0.19152420689739913,1.2533798913956222,-0.07640781965023268,-48.72269778030734,0.6454495463293923,-0.21212121212121213,-3.39092802003944,-0.010273081509013392,-1.3572625132761842,0.02286096062511801,-0.2441833876407706,-0.3395153403122396,-0.1975421482792833,1.0655013117682128,-2.212964653661231,Medical Devices,Healthcare,ATEC
2022Q4,2022,Q4,2023-02-28,2022-12-31,-34986000.0,105944000.0,-27607000.0,-0.33,68851000.0,0.6498810692,513376000.0,-36713000.0,255634000.0,138870000.0,550089000.0,101521000.0,-934474000.0,1307346300.0,1618513300.0,-0.34681365602977576,1.840815150860517,0.7710975970828399,-10.782638302508648,-0.07515551426358008,-0.34681365602977576,0.952959442159453,12.339974892395983,-9.341924626993654,-35.60990112494211,0.0,0.36537268151416946,0.0,0.20636726298073926,1.0423849643551524,-0.06814888113195787,-56.25898528272657,0.649881069244129,0.05714285714285704,-1.7742189037732314,-0.19228273707998766,0.7240373894626903,0.1568485785335036,0.054406875861509774,0.11863486894614181,-0.18644822080828138,0.8913411807157673,-1.4859810711650998,Medical Devices,Healthcare,ATEC
2022Q3,2022,Q3,2022-11-03,2022-09-30,-36999000.0,89839000.0,-31323000.0,-0.35,59516000.0,0.6624739812,516283000.0,-22569000.0,268712000.0,125487000.0,538852000.0,102159000.0,-899488000.0,915986960.0,1203229960.0,-0.21534483416663486,2.1413532875915435,0.7618980287942853,-17.42899552483495,-0.07813862998987818,-0.21534483416663486,1.6393725907217864,10.19587217132871,-6.189268358604287,-40.586067614869954,0.0,0.2968216211983281,0.0,0.17401115279798096,1.2498107373672174,-0.07166418417805738,-30.212644633551026,0.6624739812330948,0.027777777777777804,-0.5685489243384713,-0.48275734531332043,0.9104437923731298,0.07282428437522533,0.00860128617363344,-0.04531953946270649,-0.35075879837304563,0.6361575620031731,-1.2081808664986222,Medical Devices,Healthcare,ATEC
2022Q2,2022,Q2,2022-08-04,2022-06-30,-37320000.0,84151000.0,-29965000.0,-0.36,55476000.0,0.6592435028,511935000.0,10539000.0,265239000.0,121311000.0,501396000.0,102796000.0,-862489000.0,672632460.0,924324460.0,0.10247061225680366,2.186438163068477,0.701577348686845,34.079324414081036,-0.07509692008652223,0.10247061225680366,-3.54113293481355,7.9931606279188605,-4.505844453376206,63.82317677198975,0.0,0.27895054282267795,0.0,0.16437829021262465,1.2480154314118257,-0.07289987986756132,-16.111728945099166,0.6592435027510071,0.16279069767441862,-0.48629483717454786,-0.629244438403233,1.0358793297496327,0.12719440832249676,0.12893287274764262,0.06961219610643649,-0.3678814223805905,0.4040481858355684,-0.6607709693807673,Medical Devices,Healthcare,ATEC
2022Q1,2022,Q1,2022-05-05,2022-03-31,-42844000.0,70933000.0,-32207000.0,-0.43,49216000.0,0.693837847,548689000.0,41984000.0,303378000.0,115904000.0,506705000.0,99043000.0,-825169000.0,1149747000.0,1354331000.0,0.4199323851247274,2.617493787962452,0.649540996812402,8.488852896341463,-0.07576971316342096,0.4199323851247274,-1.020483993902439,16.20891545542977,-6.708914900569508,27.385361089939025,0.0,0.2192683985743566,0.0,0.12927724084135092,1.6587003036996135,-0.0780843064103709,-30.162045174322515,0.6938378469823636,-0.07499999999999993,0.30028083966323904,-0.7716447847277562,1.129800951774557,0.09424817128754696,-0.06611590812949461,0.22746461981290478,-0.4877092207663849,0.300796727102402,1.0438222679259705,Medical Devices,Healthcare,ATEC
2021Q4,2021,Q4,2022-03-02,2021-12-31,-40187000.0,73962000.0,-41690000.0,-0.4,44977000.0,0.6081095698,572053000.0,204120000.0,331157000.0,101095000.0,367933000.0,91703000.0,-5994000.0,1134999000.0,1303177000.0,2.0555891238670694,3.275701073247935,0.621316556333067,1.741260043111895,-0.07450868637425563,2.0555891238670694,-0.1968792866941015,15.34570455098564,-7.060734814741085,5.560449735449736,0.0,0.31607471947482635,0.0,0.12929221593104134,2.266590830407043,-0.0702504837838452,-43.196917221693624,0.6081095697790757,0.06976744186046505,0.21318093211969324,-0.7672566102250639,1.4192502393392141,0.13538143080729034,0.06609188724407986,-0.18703909341989122,-0.6450480679396345,0.26968261792616177,4.0531185694879515,Medical Devices,Healthcare,ATEC
2021Q3,2021,Q3,2021-11-04,2021-09-30,-43031000.0,62880000.0,-35121000.0,-0.43,39614000.0,0.6299936386768448,598108000.0,111757000.0,357162000.0,100071000.0,486351000.0,92509000.0,-742138000.0,1213770490.0,1345805490.0,1.1223850317863635,3.5690859489762268,0.5950480515224675,3.1846148339701315,-0.07088970143136629,1.1223850317863635,-0.3850407580733198,19.30296580788804,-7.051721375287584,10.860800576250258,0.0,0.2514998540682528,0.0,0.10513151470971797,2.57361273495818,-0.07194520053234534,-79.39886766533657,0.6299936386768448,-0.1025641025641025,0.7303896437091114,-0.7976220084420484,1.2514358659048774,-0.03533422622671375,-0.126318544693103,0.01764936227343925,-0.9631932449320356,0.16673530052568253,0.9699333703310241,Medical Devices,Healthcare,ATEC
2021Q2,2021,Q2,2021-08-03,2021-06-30,-38205000.0,62249000.0,-35752000.0,-0.39,41065000.0,0.6596893122781089,441027000.0,213514000.0,206359000.0,107565000.0,227513000.0,86715000.0,-699107000.0,1509648120.0,1528034120.0,2.166752925178352,1.9184586064240228,0.21533148764134621,0.4447811384733554,-0.10631234787511772,2.166752925178352,-0.17893440242794384,24.251765008273225,-9.878603062426384,7.070487743192484,0.0,0.2442945280516635,0.0,0.14114555344684113,1.035652861060754,-0.08662734934595841,-25.83730887059508,0.6596893122781089,-0.5,0.37113686656985845,-0.877554141660325,1.3966725295340003,0.289001192793019,-0.6681220800768458,-0.8771395568623332,-0.8645642955021279,-0.02472663217407196,1.439927268160798,Medical Devices,Healthcare,ATEC
2021Q1,2021,Q1,2021-05-06,2021-03-31,-22903000.0,44121000.0,-19046000.0,-0.26,31858000.0,0.7220597901226173,404503000.0,108292000.0,279121000.0,70149000.0,296211000.0,57376000.0,-660902000.0,1377251170.0,1252306170.0,1.241553260034624,3.9789733282013997,0.1636378469380944,0.6112362870756842,-0.09694381179912304,1.241553260034624,-0.21149300040630886,31.215320822284173,-15.033523665022049,12.717940106379048,0.0,0.21373047964305633,0.0,0.10907459277187066,3.1071576216339505,-0.05662009923288579,-40.73984411051293,0.7220597901226173,0.25714285714285706,0.6640682222382251,-0.9043322816084692,1.2482187589450975,0.014876875537574464,0.1453466676617658,-0.11798544259215778,-1.9070162992815403,-0.4964140095310857,-0.16587502765481763,Medical Devices,Healthcare,ATEC
2020Q4,2020,Q4,2021-03-05,2020-12-31,-26798000.0,43954000.0,-17036000.0,-0.35,31391000.0,0.7141784592983573,261223000.0,129880000.0,184160000.0,58312000.0,131343000.0,46001000.0,-637999000.0,1119462960.0,1054816960.0,1.6846091986821967,3.158183564274935,0.16506586326625144,0.3319910686787804,-0.09796854499694717,1.6846091986821967,-0.20632891900215583,25.468966646949085,-10.443530860511979,8.619209732060362,0.0,0.27310275863568184,0.0,0.16826236587130536,2.269995884209082,-0.10258667881465261,-63.082551560915135,0.7141784592983573,-0.4583333333333333,0.7060164067812552,-0.8984078115230082,1.3857745392849365,0.07367376953859835,-0.7102559193311635,-0.32462483477179066,-1.8142400016707674,-0.5398896792193392,2.3404580359534384,Medical Devices,Healthcare,ATEC
2020Q3,2020,Q3,2020-11-05,2020-09-30,-15669000.0,41163000.0,-12861000.0,-0.24,29237000.0,0.7102737895683017,154677000.0,8051000.0,86682000.0,48165000.0,146626000.0,42144000.0,-611201000.0,430013040.0,482979040.0,0.12431864856935501,1.799688570538773,0.44378931580002196,8.526145820394982,-0.16539354960392263,0.12431864856935501,-1.9462178611352627,10.446591356315137,-6.860888378326632,53.411134020618555,0.0,0.2829821564160972,0.0,0.26612230648383406,0.848790615592235,-0.10130142167225896,-27.870441376628428,0.7102737895683017,0.040000000000000036,0.9874977676980088,-0.8775767410580193,1.0393637693812572,0.4027924383456482,0.008604871875988612,-0.1526259186234092,-0.07501290010920067,-0.6164687515573043,1.051700830188264,Medical Devices,Healthcare,ATEC
2020Q2,2020,Q2,2020-08-06,2020-06-30,-15805000.0,29629000.0,-11158000.0,-0.25,20842000.0,0.7034324479395188,161135000.0,18822000.0,95964000.0,42795000.0,142313000.0,41466000.0,-595532000.0,299451100.0,336164100.0,0.2954185174140285,2.242411496670172,0.42123685108759734,3.606205504197216,-0.12685626454115034,0.2954185174140285,-0.8397088513441717,10.106689392149583,-4.736651376146789,15.909632345128042,0.0,0.21190855158443062,0.0,0.18387687342911224,1.2039957939011567,-0.09808545629441152,-17.16445603576751,0.7034324479395188,0.24242424242424246,0.48014549978844634,-0.9175144123793247,-0.981708218445204,-0.00898673386905045,0.23728404594151142,0.37342767295597484,-0.016084562003433008,-0.7892743482154122,1.1034386168580912,Medical Devices,Healthcare,ATEC
2020Q1,2020,Q1,2020-05-11,2020-03-31,-20722000.0,30115000.0,-17808000.0,-0.33,21031000.0,0.6983563008467542,153839000.0,27430000.0,91712000.0,38243000.0,126409000.0,37872000.0,-579727000.0,215859600.0,243698600.0,0.43840301751694155,2.3981382213738462,0.3594992167135772,2.0162231133795117,-0.21077899047101062,0.43840301751694155,-0.7554502369668247,7.16784326747468,-2.6042322169674743,7.869471381698871,0.0,0.23986058301647656,0.0,0.19575660268202472,1.1202311534136966,-0.13469926351575348,-10.970147888397621,0.6983563008467542,-0.17857142857142852,0.40081735154239445,-0.9183578495240261,-0.9730925827359914,-0.052956275048408157,-0.21672244730197873,-0.22822263604386508,0.45922376617431526,-0.8450835108958106,1.1355102177166807,Medical Devices,Healthcare,ATEC
2019Q4,2019,Q4,2020-03-17,2019-12-31,-17031000.0,32352000.0,-14499000.0,-0.28,22207000.0,0.6864181503461919,169948000.0,43631000.0,108318000.0,36390000.0,126317000.0,34854000.0,-558924000.0,433781205.0,441919205.0,0.7136361405976546,2.9765869744435283,0.3251053263351143,1.2663244023744584,-0.14040755959354675,0.7136361405976546,-0.39034172950425156,13.408172755934718,-6.367524000352298,9.942041323829386,0.0,0.2910713261031732,0.0,0.1903641113752442,1.7384721077219016,-0.10021300633134841,-37.19612459269422,0.6864181503461919,-0.07692307692307698,-7.355209016780175,-0.9192025883256827,-0.9607695930162639,0.11408217528721216,-0.1691494473810668,-0.250237130292317,0.45842282114094657,-0.8346513093260592,1.1455505476618915,Medical Devices,Healthcare,ATEC
2019Q3,2019,Q3,2019-11-01,2019-09-30,-14567000.0,29201000.0,-11597000.0,-0.26,19933000.0,0.6826136091229752,178283000.0,57654000.0,117404000.0,31585000.0,120629000.0,33065000.0,-541893000.0,279794720.0,275144720.0,1.0344122290799482,3.7170808928288745,0.2983627154580078,0.9226246227495056,-0.10242972903642711,1.0344122290799482,-0.25266243452319004,9.581682819081538,-4.801858996361639,4.852997537031255,0.0,0.2802963859065477,0.0,0.16379015385650902,2.3262941269589996,-0.08170717342651851,-17.344081329035458,0.6826136091229752,0.03703703703703707,0.3024847075377241,-0.9166478333532743,-0.9452441321458761,0.05543789050090014,-0.17135734963010615,-0.11359708085269829,0.836949429372849,-0.8321019917850045,1.2317282636132099,Medical Devices,Healthcare,ATEC
2019Q2,2019,Q2,2019-07-26,2019-06-30,-12436000.0,27319000.0,-10414000.0,-0.27,18886000.0,0.6913137376917163,133432000.0,14161000.0,75946000.0,31006000.0,119271000.0,32605000.0,-527326000.0,218226400.0,250484400.0,0.30206911262798636,2.449396890924337,0.38092811319623476,3.58929454134595,-0.15487354189018449,0.30206911262798636,-0.8781865687451451,7.988081554961748,-4.386989385654552,15.410380622837371,0.0,0.258641312682104,0.0,0.20474099166616705,1.0388956976069148,-0.09320103123688471,-23.34721300952177,0.6913137376917163,0.06896551724137918,0.2599110414861447,-0.911473270054685,-0.9851098436927505,0.13990825688073394,0.04102405922270204,0.03269552294259707,0.5697251054120314,-0.8870448904278253,1.0553004994745172,Medical Devices,Healthcare,ATEC
2019Q1,2019,Q1,2019-05-10,2019-03-31,-12968000.0,24555000.0,-10766000.0,-0.29,16568000.0,0.6747301975157809,119417000.0,9250000.0,63749000.0,27627000.0,110167000.0,31166000.0,-514890000.0,121554000.00000001,149445000.0,0.20546423811639272,2.307489050566475,0.3710526976896087,4.790270270270271,-0.19110858688570528,0.20546423811639272,-1.401945945945946,4.95027489309713,-2.3433451573103024,13.140972972972973,0.0,0.25627286145158185,0.0,0.20562398988418734,1.0923734028305643,-0.10859425374946616,-13.488015978695074,0.6747301975157809,-0.15999999999999992,0.651655296522058,-0.9104902038603441,-0.9900194096466827,-0.19113411121417762,-0.2201731275875047,-0.399090318388564,0.6314832381920563,-0.8968461273479024,1.0410776402708883,Medical Devices,Healthcare,ATEC
2018Q4,2018,Q4,2019-03-29,2018-12-31,-10628000.0,25343000.0,-7695000.0,-0.25,20483000.0,0.808231069723395,129477000.0,17574000.0,75536000.0,30612000.0,111903000.0,28765000.0,-501922000.0,98930290.0,115451290.0,0.4067961389782644,2.4675290735659217,0.3519930180649845,2.5933196767952658,-0.12585262684234955,0.4067961389782644,-0.6047570274268806,3.9036534743321627,-2.3271144617990216,5.6293552975987255,0.0,0.16895532765513646,0.0,0.19573360519628968,1.4536456291650333,-0.08208407670860461,-7.879752289924333,0.808231069723395,-0.13636363636363635,0.9671502974284251,-0.9108303588602059,-0.9808870290337509,0.37340753654284564,-0.13607696419027257,-0.021505376344086023,0.7919242019127866,-0.8954631888521765,1.0931560822652473,Medical Devices,Healthcare,ATEC
2018Q3,2018,Q3,2018-11-09,2018-09-30,-9355000.0,23002000.0,-7533000.0,-0.22,14914000.0,0.6483784018780976,131465000.0,24213000.0,78079000.0,33144000.0,107252000.0,28988000.0,-477806000.0,132165670.0,137525670.0,0.5697578652610773,2.355750663770215,0.3078461948047009,1.6714574815181926,-0.11678451363425522,0.5697578652610773,-0.38636269772436294,5.745833840535606,-3.5319526990913945,5.458459092223185,0.0,0.2790120049675728,0.0,0.17496672118054235,1.4275585324643978,-0.07115962423458715,-14.901981057616418,0.6483784018780976,-0.047619047619047665,0.8781497276890522,-0.9133942727017094,-0.980014264173031,0.045129642606867554,-0.32207461842849067,-0.15095492742551567,0.9886251586300108,-0.8957495856509519,1.180405896214214,Medical Devices,Healthcare,ATEC
2018Q2,2018,Q2,2018-08-03,2018-06-30,-7076000.0,22042000.0,-6545000.0,-0.21,14270000.0,0.6474004173849923,139495000.0,30220000.0,86523000.0,35028000.0,109275000.0,28177000.0,-468451000.0,101409400.0,96845400.0,0.8880399647369968,2.470109626584447,0.2892433420552708,1.3351422898742555,-0.07866103751118704,0.8880399647369968,-0.23414956982131038,4.6007349605298975,-3.5828646127755794,3.355704831237591,0.0,0.27582780281790115,0.0,0.158012832001147,1.6077709261162498,-0.05072583246711352,-18.821343726800297,0.6474004173849923,-1.3333333333333333,0.6433845908897099,-0.898514983353978,-0.9701582517460146,0.051584377302873984,-2.693110647181628,-8.812593703148426,0.5642461452327381,-0.8851110706072394,-0.9450141677336622,Medical Devices,Healthcare,ATEC
2018Q1,2018,Q1,2018-05-11,2018-03-31,-1916000.0,21307000.0,-667000.0,-0.09,13570000.0,0.636879898624865,143336000.0,31573000.0,90732000.0,34495000.0,111763000.0,28872000.0,-461375000.0,68090520.0,62001520.0,1.4884499339996229,2.6302942455428324,0.28992018753139476,1.3161878820511197,-0.0073140529360804845,1.4884499339996229,-0.06068476229689925,3.195687802130755,-8.8844624217119,2.156605960789282,0.0,0.267975893599335,0.0,0.14865072277725067,1.727931584287578,-0.013367193168499191,-11.92478458844133,0.636879898624865,-1.2093023255813955,0.7277096177032353,-0.8409842457190783,-0.9504468412487291,-0.1127239440303387,-1.211595803423523,0.8151330376940134,0.8365843227739482,-0.829617679631457,-0.9086449183731582,Medical Devices,Healthcare,ATEC
2017Q4,2017,Q4,2018-03-09,2017-12-31,9055000.0,26283000.0,-3608000.0,0.43,15294000.0,0.5818970437164708,84660000.0,-26658000.0,66478000.0,29742000.0,111318000.0,27292000.0,-459459000.0,56423920.0,75030920.0,-1.2567414670940977,2.2351556721135095,0.48515237420269314,-1.5407382399279765,-0.253800037942249,-1.2567414670940977,-0.3396728936904494,2.1467838526804397,1.5578111540585313,-2.116584890089279,0.0,0.40264546387219696,0.0,0.31045357902197024,1.2537152847824624,0.10695724072761635,-54.99407407407407,0.5818970437164708,2.869565217391304,1.619187518146362,-0.8175250219900254,-1.0397109822809936,0.0538864388092613,3.886515779407077,-1.8612212529738303,13.803901873395318,-0.8108057373412675,-1.0690862982165525,Medical Devices,Healthcare,ATEC
2017Q3,2017,Q3,2017-11-09,2017-09-30,-3137000.0,23099000.0,-1261000.0,-0.23,14512000.0,0.6282523052946015,79773000.0,-33515000.0,60742000.0,28791000.0,113288000.0,29747000.0,-468514000.0,31499879.999999996,56327880.0,-2.4045774142631653,2.109756521135077,0.5047447131234879,-1.2014023571535133,-0.18639064883891351,-2.4045774142631653,0.09359988065045502,1.3636902030390925,-2.5103506534905957,-0.9398740862300462,0.0,0.28866776481662015,0.0,0.2895591240143908,0.998228613108263,-0.03932408208291026,-9.06210586881473,0.6282523052946015,0.04166666666666659,0.32009607434672355,-0.7360998212474025,-1.075339604063351,-0.07848615697231394,-0.1631442343344457,-0.7156462585034014,0.3993334197780758,-0.7363379130999943,-1.1272845771144,Medical Devices,Healthcare,ATEC
2017Q2,2017,Q2,2017-08-11,2017-06-30,-2697000.0,24379000.0,-735000.0,-0.24,15748000.0,0.6459657902292957,84197000.0,-31550000.0,64226000.0,29575000.0,115747000.0,29810000.0,-465377000.0,20436950.0,41840950.0,-2.85597899882321,2.1716314454775993,0.48114540898131763,-1.2840253565768622,-0.08249276576975104,-2.85597899882321,0.08548335974643423,0.8383014069486033,-1.894415090841676,-0.6477638668779715,0.0,0.28953371351895335,0.0,0.2895471335083198,1.0898732037193575,-0.03203202014323551,-5.385230566534914,0.6459657902292957,0.6065573770491803,0.7152301550277703,-0.6598435456187467,-1.0904714155448991,-0.06144585493771977,0.5109700815956483,0.7837599293909974,0.31887408074121354,-0.6647500200877403,-1.1407822644716161,Medical Devices,Healthcare,ATEC
2017Q1,2017,Q1,2017-05-12,2017-03-31,-5515000.0,27978000.0,-3399000.0,-0.61,16779000.0,0.5997212095217671,93571000.0,-29133000.0,72406000.0,33327000.0,122704000.0,30088000.0,-462680000.0,20981650.0,38129650.0,-3.2352026651860077,2.1725927926305997,0.4556219341462633,-1.46339202965709,-0.2540730542635659,-3.2352026651860077,0.18930422544880376,0.7499338766173422,-0.9511174070716228,-0.7202021762262727,0.0,0.37220818931135335,0.0,0.29900289619647114,1.191136315900021,-0.058939201248249994,-2.6135587942202294,0.5997212095217671,-0.08928571428571416,-2.5995736838420456,-0.5248344655721314,-1.0963439778882818,0.1471251794626376,-0.26665135507579235,0.5188278595696489,0.2593662475673097,-0.49011871822916053,-1.1571525673138827,Medical Devices,Healthcare,ATEC
2016Q4,2016,Q4,2017-03-31,2016-12-31,-4354000.0,27090000.0,-7064000.0,-0.56,14627000.0,0.5399409376153562,94188000.0,-41504000.0,72824000.0,40135000.0,135692000.0,30093000.0,-457165000.0,27172650.0,53784650.0,-4.903012404016539,1.8144761430173166,0.4905614303308277,-1.1132661912104858,-1.553194449597245,-4.903012404016539,0.10490555127216654,1.0030509413067552,-1.560211874138723,-0.6546995470316114,0.0,0.41414946997640645,0.0,0.2876162568480061,0.9494207051202193,-0.046226695545080056,-2.324634271537343,0.5399409376153562,0.65,0.761235534696108,-0.5209360717906123,-1.148122225518475,-0.07785903416971378,0.6826761897820859,-0.552868762365355,0.9313192295995785,-0.513553774775767,-1.2303638720871293,Medical Devices,Healthcare,ATEC
2016Q3,2016,Q3,2016-11-09,2016-09-30,-13721000.0,26711000.0,-4549000.0,-1.6,15862000.0,0.5938377447493542,96025000.0,-38211000.0,75574000.0,42380000.0,134236000.0,27661000.0,-452811000.0,80464000.0,95728000.0,-4.463901869158878,1.783246814535158,0.42553501692267637,-1.0693779278218314,-1.1465914789227347,-4.463901869158878,0.35908508021250424,3.012391898468796,-1.466073901319146,-2.1057810578105784,0.0,0.3922128628755287,0.0,0.2781671439729237,0.99443133553563,-0.14288987242905493,-6.82013900661129,0.5938377447493542,-1.6666577778074072,-8.099262516036209,-0.5149261104521619,-1.1235415287960002,-0.43940625552217705,-1.622014141028091,-2.9080756013745703,0.11273574656054158,-0.5007067789894455,-1.1565829433063508,Medical Devices,Healthcare,ATEC
2016Q2,2016,Q2,2016-08-09,2016-06-30,-5233000.0,43790000.0,-1164000.0,-0.600002,28295000.0,0.6461520895181548,136452000.0,-46364000.0,93687000.0,125226000.0,182816000.0,44141000.0,-439090000.0,35669828.318399996,101910828.3184,-5.462321597423929,0.748143356810886,0.5537698238208307,-1.6297774135104823,-0.0450270440045569,-5.462321597423929,0.11286774221378656,0.8145656158575016,-1.704081230575196,-0.7693432041756535,0.0,0.35103418590426133,0.0,0.32091871134171723,0.3660342101480523,-0.03835048222085422,6.090119228000682,0.6461520895181548,0.28571445578170557,-0.49774842604458747,-0.24990840881666293,-1.1467133426192488,-0.09395113516282942,0.20915822880459423,0.6886868146563252,-0.0573562412953826,-0.19167838495876585,-1.183556182678004,Medical Devices,Healthcare,ATEC
2016Q1,2016,Q1,2016-05-06,2016-03-31,-6617000.0,44761000.0,-3739000.0,-0.840003,31229000.0,0.697683251044436,145390000.0,-42343000.0,100259000.0,129565000.0,187733000.0,47958000.0,-433857000.0,24380542.08,95038542.08,-5.001851049900856,0.7738123721684097,0.5393699704243758,-1.8519944264695463,-0.11371267944830778,-5.001851049900856,0.15627140259310865,0.5446826943097786,-0.9211327671150068,-0.5757868379661337,0.0,0.28216355978147545,0.0,0.30786849164316665,0.3642727588469108,-0.04551207098149804,-16.51798243902439,0.697683251044436,0.3000004166649305,-2.09450998723006,-0.21396165514275553,-1.1343916917227932,-0.008445785045245277,0.3318186408159144,0.35601102307957283,-1.356289675088805,-0.16295582808831247,-1.1665205617362815,Medical Devices,Healthcare,ATEC
2015Q4,2015,Q4,2016-03-15,2015-12-31,-9903000.0,47003000.0,-5806000.0,-1.200005,31495000.0,0.6700636129608748,146704000.0,-36576000.0,101858000.0,125400000.0,183280000.0,44908000.0,-427240000.0,30163229.8596,99519229.85960001,-4.366823175538626,0.8122647527910686,0.5493033591449449,-2.2032206911636045,-0.1508635830682754,-4.366823175538626,0.270751312335958,0.6417298865944727,-0.7614669761587398,-0.8246727323818899,0.0,0.3453282265965975,0.0,0.3203934453048315,0.39511961722488037,-0.06750327189442687,28.754270600190658,0.6700636129608748,0.9378881875056708,-2.0385979248650083,-0.09865059207927963,-1.1211439983296987,0.09198391235004508,0.9382085920194677,0.9648010282028275,-0.7149502810344778,-0.17357208339273045,-1.1379844958478336,Medical Devices,Healthcare,ATEC
2015Q3,2015,Q3,2015-11-03,2015-09-30,-160265000.0,42996000.0,-164948000.0,-19.320077,28842000.0,0.6708065866592241,148384000.0,-26154000.0,100275000.0,98579000.0,174538000.0,42328000.0,-417337000.0,32793948.0,102228948.0,-3.15819979954838,1.0172044755982512,0.5387171123571275,-3.056396727078076,-3.0344079089760374,-3.15819979954838,6.127743366215493,0.7627209042701647,-0.051155816928212645,-1.253878871300757,0.0,0.3343885843885844,0.0,0.2897616993745956,0.47427951186358147,-1.0800692797067069,47.8045889212828,0.6708065866592241,-39.24999270836372,-36.015810880552415,-0.16074848995624874,-1.085095033211415,0.03420826161790017,-39.60425639726375,-57.34736469755925,-57.46199888605058,-0.17324562427143056,-1.0989519077404464,Medical Devices,Healthcare,ATEC
2015Q2,2015,Q2,2015-08-04,2015-06-30,-3947000.0,46633000.0,-2827000.0,-0.480002,27888000.0,0.5980314369652392,314172000.0,133587000.0,100074000.0,53308000.0,180585000.0,41237000.0,-257072000.0,136975476.95999998,204614476.95999998,16.150341426779725,1.8772792076236213,0.2436149625046153,0.572937486432063,-0.01437541477171646,16.150341426779725,-0.029546288186724758,2.937307849805931,-8.67592329364074,1.0253653196793102,0.0,0.4545675000606252,0.0,0.14843143246374596,0.8958317700907932,-0.01256318195128783,74.97289379310344,0.5980314369652392,0.1999993333355556,-0.1302806915372536,-0.12421467091239283,-0.5574354239502405,-0.1628242074927954,0.13461960096470071,-3.4754816112084064,0.4434014842948497,-0.13100345616914466,-0.48839110826226595,Medical Devices,Healthcare,ATEC
2015Q1,2015,Q1,2015-05-01,2015-03-31,-4561000.0,48647000.0,1142000.0,-0.600002,33312000.0,0.684769872756799,320106000.0,134444000.0,102468000.0,56713000.0,185662000.0,41772000.0,-253123000.0,143578414.2,211657414.2,16.293017394253962,1.8067815139386032,0.24828962906037375,0.5911680699770908,0.006654359905447381,16.293017394253962,-0.03392490553687781,2.951434090488622,-7.869897730760798,1.0679421484037963,0.0,0.36711194101311884,0.0,0.15197153442922032,0.8871687267469539,-0.014248405215772275,-25.25565773087071,0.684769872756799,-0.6666675925900206,0.4704113029245924,-0.3077325367602596,-0.6803370070188421,-0.12562339230405795,-15.706959706959706,-0.6158762193070972,-2.248698715052784,-0.09837043845943456,-0.5147957423325308,Medical Devices,Healthcare,ATEC
2014Q4,2014,Q4,2015-02-27,2014-12-31,-273000.0,53627000.0,2973000.0,-0.360001,38098000.0,0.7104257183881254,344923000.0,148954000.0,113112000.0,63601000.0,195969000.0,41747000.0,-248564000.0,138547440.36,201485440.36,18.19089312261041,1.7784626027892643,0.23968537905561532,0.5550236985915115,0.02614951122201166,18.19089312261041,-0.0018327805899807995,2.5835388957055216,-126.87494538461539,0.9301357490231884,0.0,0.37197882482573597,0.0,0.15547527999002675,0.9461329224383265,-0.0007914809972080725,-39.18196842760182,0.7104257183881254,0.25000104166232634,0.886019642650503,-0.1926301535940343,0.09704268815687497,0.03693421518194932,0.9102268990463663,0.7165127020785219,0.9845235008159133,-0.019614717389321034,-0.4504448792985987,Medical Devices,Healthcare,ATEC
2014Q3,2014,Q3,2014-10-30,2014-09-30,-3041000.0,51013000.0,1732000.0,-0.480002,36741000.0,0.7202281771313195,348602000.0,153320000.0,112712000.0,66172000.0,195282000.0,41986000.0,-248291000.0,165564033.6,224054033.6,18.8913493588622,1.703318624191501,0.2256412757241783,0.513038090268719,0.0073980753004952785,18.8913493588622,-0.019834333420297418,3.2455263089800637,-13.61098599145018,1.0798593373336811,0.0,0.33992283141999713,0.0,0.14633593611052145,0.9100828144834673,-0.008723415241450136,87.60001777777778,0.7202281771313195,-0.33333518518004107,-0.2537559302801882,-0.17422463450505157,0.0777151803713784,0.004758388711132989,-0.05043177892918826,-0.059206952743074415,-1.1270357246055516,-0.022905544406960666,-0.4771690218062658,Medical Devices,Healthcare,ATEC
2014Q2,2014,Q2,2014-07-31,2014-06-30,-2895000.0,53167000.0,1841000.0,-0.360001,36567000.0,0.6877762521865066,364710000.0,163850000.0,117368000.0,69789000.0,200860000.0,42447000.0,-245250000.0,157982227.56,215817227.56,20.28649709210367,1.6817550043703162,0.21062762194620382,0.46883124809276777,0.00855696460667731,20.28649709210367,-0.017668599328654257,2.971433926307672,-13.642679409326425,0.9641881450106804,0.0,0.3910759299832733,0.0,0.1457788379808615,0.9119632033701586,-0.007937813605330262,-13.445295962553192,0.6877762521865066,0.5714289115634111,0.7765270136530305,-0.19820899620509774,0.09293051141648055,0.08378778897451096,0.5661621459613367,1.3915355168013612,0.12923502138214094,-0.042925476592003686,-0.45512182954920793,Medical Devices,Healthcare,ATEC
2014Q1,2014,Q1,2014-05-01,2014-03-31,-6673000.0,49173000.0,-4702000.0,-0.840003,33740000.0,0.6861489028531917,386282000.0,166128000.0,135450000.0,94399000.0,220154000.0,42542000.0,-242355000.0,145256418.0,189796418.0,20.58638125029353,1.4348668947764278,0.1768241854396529,0.4111528459982664,-0.022291853149406446,20.58638125029353,-0.04016782240200328,2.9539873101092065,-5.441945826464858,0.8743644539150536,0.0,0.362770908749001,0.0,0.1272981914766932,0.663163804701321,-0.01727494421174168,-7.9921000275103165,0.6861489028531917,0.8870968262224749,0.26888657139711086,-0.22856652208816025,0.1813570940041464,-0.054875486708311154,0.889532670054795,0.9160387129031106,-2.2737078775436985,-0.0941449671211206,-0.4468770511004764,Medical Devices,Healthcare,ATEC
2013Q4,2013,Q4,2014-03-20,2013-12-31,-60407000.0,53065000.0,-56002000.0,-7.44003,35699000.0,0.6727409780457929,365630000.0,171676000.0,113745000.0,79719000.0,193954000.0,41939000.0,-235682000.0,194553150.12,228110150.12,21.28377318715193,1.4268242200730064,0.15015726280666247,0.31980008853887554,-0.2569299409558609,21.28377318715193,-0.35186630629791,3.6663177258079713,-0.8051763459532836,1.13325770707612,0.0,0.4140775888790863,0.0,0.1451330580094631,0.7870143880379834,-0.16521346716626098,-86.89287633765073,0.6727409780457929,-3.1333339259236217,-4.7378000644193845,-0.10379231433748938,0.15406122239207926,0.4474132338631203,-3.163128876636802,-3.250948838621527,-18.24701409106621,0.056684670136697014,-0.4095475635749816,Medical Devices,Healthcare,ATEC
2013Q3,2013,Q3,2013-11-12,2013-09-30,-14510000.0,50196000.0,-13174000.0,-1.800007,24664000.0,0.49135389274045743,366135000.0,228970000.0,112474000.0,56371000.0,137165000.0,43139000.0,-175275000.0,189869789.88,219983789.88,28.508225576175057,1.995245782405847,0.1331967716825761,0.21298860112678517,-0.04912602585332617,28.508225576175057,-0.0633707472594663,3.782568130528329,-3.271360955892488,0.8292343533213958,0.0,0.5918542386239829,0.0,0.1370969724282027,1.071331003530184,-0.03963019104974941,295.2873870606532,0.49135389274045743,-2.000001666661111,-0.43693112058772704,-0.06419585231217831,0.4828431720308715,-0.24155109320704818,-2.113065865694057,-3.5443256295274232,-2.4554619284997425,0.010237087020597281,-0.23186987645619128,Medical Devices,Healthcare,ATEC
2013Q2,2013,Q2,2013-08-07,2013-06-30,-4661000.0,51020000.0,-2899000.0,-0.600002,32519000.0,0.6373774990199922,366671000.0,237882000.0,113047000.0,49811000.0,128789000.0,50614000.0,-160765000.0,197606760.72,226485760.72,29.758308969662867,2.26951878099215,0.11407228823659357,0.17583087413087162,-0.011431188465041157,29.758308969662867,-0.01959374816085286,3.8731234950999607,-10.598946616605879,0.8306923631043963,0.0,0.36553127593156043,0.0,0.13914381011860769,1.0836762964003934,-0.0127116679530151,-76.1783965767155,0.6373774990199922,-0.6666675925900206,0.3738701670009877,0.031806228707924135,0.4622441338439853,-0.019714828324239594,-0.759531898829747,-1.1347569955817378,-0.3811073658739246,-0.008542914391828454,-0.18453901096612238,Medical Devices,Healthcare,ATEC
2013Q1,2013,Q1,2013-05-02,2013-03-31,-2649000.0,50443000.0,-1358000.0,-0.360001,33173000.0,0.6576333683563627,374199000.0,239863000.0,119178000.0,55503000.0,134336000.0,50457000.0,-156104000.0,193567744.32,216129744.32,30.03743800613815,2.147235284579212,0.11185224973877536,0.1744954411476551,-0.004727619850466392,30.03743800613815,-0.011043804171547926,3.837355913010725,-18.268001540203848,0.8069929264621888,0.0,0.342271637235666,0.0,0.1348026050310129,1.0810947156009585,-0.007079121002461258,-62.34065839613526,0.6576333683563627,0.5000006944415509,0.9194090342231322,0.0438857356338904,0.4054137054823384,-0.020549765272077712,0.5053221288515406,0.6593930273388513,0.6821661681406057,-0.2582487361971823,-0.4106765430745581,Medical Devices,Healthcare,ATEC
2012Q4,2012,Q4,2013-03-05,2012-12-31,-5355000.0,52743000.0,-3987000.0,-0.720003,33869000.0,0.6421515651366058,382127000.0,245816000.0,122052000.0,56788000.0,136311000.0,49855000.0,-153455000.0,153794223.0,173220223.0,31.647201728767147,2.149256885257449,0.10903966482347492,0.1695048328831321,-0.012904708968202715,31.647201728767147,-0.021784586845445375,2.9159172402024915,-7.1799357142857145,0.625647732450288,0.0,0.3785778758399358,0.0,0.13802479280448646,1.113844474184687,-0.014013665613788086,-31.651414488577895,0.6421515651366058,-1.0000027777700615,0.7650192964352986,0.21966098838459863,0.2790344201819474,0.14294873958087267,-1.1688942891859053,-1.0197568389057752,-1.3569488535014738,-0.16290033598293605,0.9085556175367984,Medical Devices,Healthcare,ATEC
2012Q3,2012,Q3,2012-11-06,2012-09-30,-2469000.0,46839000.0,-1974000.0,-0.360001,29633000.0,0.6326565468946818,365666000.0,238051000.0,121770000.0,53204000.0,127615000.0,48344000.0,-148100000.0,147679349.4,159489349.4,31.916512492436535,2.288737688895572,0.1032390214020445,0.1585836648449282,-0.007048821179176345,31.916512492436535,-0.010371727066889028,3.1529142253250497,-14.953356561360875,0.6203685319532369,0.0,0.35590766175740524,0.0,0.12809230281185563,1.1936320577400195,-0.0067520633583652845,35.75771171912833,0.6326565468946818,0.5714289115634111,0.8237741660505494,-0.08223333650058265,-0.1025283292317417,-0.018644853622996425,0.6126451208032633,0.47374033591042386,-0.10764073961002986,-0.1749696525172586,0.8207757087227606,Medical Devices,Healthcare,ATEC
2012Q2,2012,Q2,2012-08-08,2012-06-30,-6374000.0,48235000.0,-3751000.0,-0.840003,30196000.0,0.6260184513320203,357053000.0,234700000.0,115360000.0,50155000.0,122353000.0,47412000.0,-145631000.0,164160450.23999998,178210450.23999998,31.567749676756733,2.300069783670621,0.10102981910248618,0.15369833830421814,-0.012092384222609852,31.567749676756733,-0.02715807413719642,3.40334715953146,-6.438674703482898,0.699448019769919,0.0,0.380473297899266,0.0,0.13509198914446874,1.2127006280530357,-0.017851691485577772,-1323.8745987096772,0.6260184513320203,-6.000025000000001,-2.451112566478077,-0.024460059957468364,0.17604734862629862,-0.051007259813319085,-4.05471847739889,-28.76984126984127,0.4654867924308154,-0.20977416581725256,0.700705481180115,Medical Devices,Healthcare,ATEC
2012Q1,2012,Q1,2012-05-08,2012-03-31,-1261000.0,48461000.0,-126000.0,-0.12,31819000.0,0.6565898351251522,364682000.0,248875000.0,112886000.0,49567000.0,115807000.0,48155000.0,-139257000.0,210782206.8,224225206.8,33.57970820903276,2.2774426533782557,0.08309157018991889,0.12175590155700652,-0.0005399647196949771,33.57970820903276,-0.005066800602712205,4.349522436598503,-41.78870079302141,0.8469400574585635,0.0,0.3455923580105908,0.0,0.13288563734980066,1.1586135937216293,-0.0034578070757536705,-42.582264,0.6565898351251522,0.944295641598158,0.822409238875078,-0.06650435799074232,0.2724300928683151,0.2773072136807033,0.9210196667919328,0.99235807860262,0.8495690518822426,-0.17220534315008185,0.9269839621164352,Medical Devices,Healthcare,ATEC
2011Q4,2011,Q4,2012-03-05,2011-12-31,-15966000.0,49510000.0,-16488000.0,-2.15423,24911000.0,0.5031508786103818,366692000.0,245328000.0,116429000.0,57137000.0,121364000.0,45916000.0,-137996000.0,152972740.8,160504740.8,33.10112568761663,2.0377163659275075,0.07689832338856588,0.11493999869562382,-0.055219569861246216,33.10112568761663,-0.0650802191351986,3.0897342112704504,-2.3952890642615556,0.6235437487771472,0.0,0.5357391758864013,0.0,0.13501794421476335,1.091709400213522,-0.0435406281020584,81.32522105263159,0.5031508786103818,-16.951916666666666,0.46903860073527276,-0.028710106151075013,0.23190070237329358,-0.17532360048995266,-11.243865030674847,-5.9805249788314985,-0.6504823208359063,-0.08998190004210106,0.7948286348336387,Medical Devices,Healthcare,ATEC
2011Q3,2011,Q3,2011-11-04,2011-09-30,-1304000.0,47619000.0,-2362000.0,-0.12,30207000.0,0.6343476343476343,372690000.0,267469000.0,119439000.0,44111000.0,105221000.0,48783000.0,-122030000.0,187428438.84,196599438.84,36.13280418870291,2.707691958921811,0.084024256084145,0.1170789885930706,-0.0036336309139441635,36.13280418870291,-0.004875331346810285,3.9360011516411517,-35.93336634202454,0.7007482692947594,0.0,0.3569276182276613,0.0,0.12777106978990582,1.4037088254630363,-0.003498886474013255,78.03015771856786,0.6343476343476343,0.6666675925900206,0.9099176323448069,0.030580666960392053,0.2220290771394526,0.011587019858678544,0.5716162943495401,0.2851089588377724,0.8598856098826372,-0.036763929780620076,0.8794323706461744,Medical Devices,Healthcare,ATEC
2011Q2,2011,Q2,2011-08-08,2011-06-30,-3044000.0,50862000.0,-3304000.0,-0.360001,29861000.0,0.5870984231843026,384446000.0,275324000.0,121865000.0,42529000.0,109122000.0,47974000.0,-120726000.0,308813947.2,320238947.2,37.23125313557729,2.8654565120270874,0.08632161603970388,0.12053435225407157,-0.008565380433709713,37.23125313557729,-0.0110560648544987,6.071604482717943,-25.36251208935611,1.1216383141317139,0.0,0.4377579522241214,0.0,0.13229946468424694,1.4924404523971877,-0.007917887037451294,425.950272,0.5870984231843026,-0.4999979166753473,0.7512587312370007,-0.3199253702573421,-0.17251089205962947,-0.06541266314043379,-0.6304231387252276,-0.3988145639288738,0.5579749741208991,0.11190591522701215,0.8294447291564344,Medical Devices,Healthcare,ATEC
2011Q1,2011,Q1,2011-05-06,2011-03-31,-1867000.0,49720000.0,-2362000.0,-0.240001,31951000.0,0.6426186645213194,388735000.0,275096000.0,126775000.0,45472000.0,113639000.0,52568000.0,-117682000.0,239480938.79999998,251686938.79999998,37.21845439834229,2.7879794159042928,0.0866477163105972,0.12244089336086311,-0.005459322059195113,37.21845439834229,-0.006786721726233751,4.8165916894609815,-32.067613658275306,0.8705358812923488,0.0,0.3380193273474357,0.0,0.1279020412363178,1.425448627726953,-0.004802757662675087,-482.82447338709676,0.6426186645213194,0.383189411462349,0.9813203849548775,-0.8378596792974439,1.6329011520600072,0.03936111382193162,0.3508344923504868,-0.392688679245283,0.93863465900931,0.11162321389395187,0.7414043733560323,Medical Devices,Healthcare,ATEC
2010Q4,2010,Q4,2011-03-04,2010-12-31,-2876000.0,46018000.0,-1696000.0,-0.3891,30741000.0,0.6680212090920944,377016000.0,266434000.0,122824000.0,43591000.0,110582000.0,51635000.0,-115815000.0,239480938.79999998,250494938.79999998,36.04654985593367,2.8176458443256633,0.09066458717932395,0.12829443689619194,-0.004025222018776206,36.04654985593367,-0.010794418129818266,5.2040709896127595,-20.817188699582754,0.8988377564424961,0.0,0.29586520770795005,0.0,0.12205848027669913,1.4439907320318415,-0.007628323466378085,-40.92991604853871,0.6680212090920944,0.18937837759009335,0.9458607754593357,-0.7708679050172413,1.8134812498162258,0.04918088737201365,0.24116094986807388,0.5119424460431655,0.8673795501805766,0.11828096933359716,0.4568358488591037,Medical Devices,Healthcare,ATEC
2010Q3,2010,Q3,2010-11-08,2010-09-30,-3790000.0,44846000.0,-3475000.0,-0.480002,29300000.0,0.6533470097667573,390393000.0,269043000.0,133225000.0,58016000.0,120810000.0,53552000.0,-112939000.0,185287941.72,189260941.72,37.11379713198964,2.2963492829564256,0.08408706098726156,0.1220139531599038,-0.009567736838037053,37.11379713198964,-0.014086967510769655,4.13164923783615,-12.222159744063323,0.6886926689042272,0.0,0.2902972811472961,0.0,0.11487398595774002,1.2411231384445671,-0.009708165873875811,-24.741346203765524,0.6533470097667573,0.0,0.928883257600475,-0.7774173059812888,0.0,0.016196719037214303,-0.2722390063779792,-0.13673536146548904,0.7216725971155503,-0.09589962500466956,0.04361595047373331,Medical Devices,Healthcare,ATEC
2010Q2,2010,Q2,2010-08-06,2010-06-30,-2979000.0,45424000.0,-3057000.0,-0.480002,28833000.0,0.6347525537160972,374692000.0,257500000.0,132616000.0,55208000.0,116699000.0,49913000.0,-109149000.0,392890385.28,388671385.28,36.49262119199498,2.402115635415157,0.09124560972745616,0.13277281553398057,-0.009655239294159715,36.49262119199498,-0.011568932038834951,8.649400873547023,-32.971667109768376,1.525787904,0.0,0.3323983731693146,0.0,0.12123023710140596,1.3686603390812926,-0.007950530035335688,-27.71713476402116,0.6347525537160972,0.5555553497950007,0.9425728476614724,-0.7683847289568446,0.0,0.20307936243010932,0.36751592356687895,0.15808317267970257,-0.6994753130043873,-0.03202210848965018,0.3595220070079719,Medical Devices,Healthcare,ATEC
2010Q1,2010,Q1,2010-05-10,2010-03-31,-4710000.0,38431000.0,-3631000.0,-1.080004,23966000.0,0.6236111472509173,357205000.0,230011000.0,105116000.0,61033000.0,126656000.0,46702000.0,-106170000.0,344953157.64,369098157.64,50.96935757970063,1.722281388756902,0.10304167074928962,0.16002278151914473,-0.013940009336132802,50.96935757970063,-0.020477281521318547,8.975908970362468,-18.30961558598726,1.4997246116055318,0.0,0.30972977602672264,0.0,0.1075880796741367,0.8508511788704471,-0.013185705687210425,-94.61139814591333,0.6236111472509173,-2.692195138627739,0.9194500075943903,-0.5539012908843699,0.0,0.055817436891493016,-2.5681818181818183,-10.172307692307692,-0.08940934853379258,0.21581225624257935,0.9313730778974191,Medical Devices,Healthcare,ATEC
2009Q4,2009,Q4,2010-03-02,2009-12-31,-1320000.0,36606000.0,-325000.0,-0.29251,22699000.0,0.6200896027973556,161888000.0,74829000.0,67622000.0,38079000.0,87059000.0,29515000.0,-101460000.0,289175802.48,309445802.48,16.581755039243422,1.7758344494340712,0.1875061771101008,0.4056582341070975,-0.003120556298734506,16.581755039243422,-0.017640219700918093,7.89968317980659,-54.76814440909091,3.86448839995189,0.0,0.4711841436557683,0.0,0.22611929235026684,0.9152288663042621,-0.008153785333069777,-61.82933557408596,0.6200896027973556,-0.21878658838921505,-1.8302596316305608,-0.34180423318753655,2.2789316130217285,0.09072125318341262,-0.028838659392049885,0.5053272450532724,0.927904914025624,0.17943259996257713,-0.38288879139032456,Medical Devices,Healthcare,ATEC
2009Q3,2009,Q3,2009-11-09,2009-09-30,-1283000.0,32677000.0,-657000.0,-0.240001,20811000.0,0.6368699697034611,164305000.0,75252000.0,69356000.0,38763000.0,89053000.0,28615000.0,-100140000.0,236972606.4,252991606.4,17.52907419597846,1.7892319995872352,0.18337238671981984,0.40037474087067454,-0.006224816920570263,17.52907419597846,-0.017049380747355552,7.25196947088166,-46.17548838659392,3.149053930792537,0.0,0.4146776166346322,0.0,0.19888013146282826,0.924954208910559,-0.007808648549952832,-68.3903625974026,0.6368699697034611,0.8461537968443712,-2.7948509885206088,0.30680278365487096,0.0,-0.0019183732195098557,0.7964461367602729,0.879471656576775,0.8471724762914367,0.21942927556917496,-0.4071581532684381,Medical Devices,Healthcare,ATEC
2009Q2,2009,Q2,2009-08-04,2009-06-30,-6303000.0,32263000.0,-5451000.0,-1.560006,20851000.0,0.6462821188358181,169115000.0,72942000.0,75755000.0,43280000.0,96173000.0,27749000.0,-98857000.0,156560602.56,167845602.56,18.561561673131056,1.7503465804066543,0.1834018271590338,0.4252145540292287,-0.05341773354137656,18.561561673131056,-0.08641112116476105,4.852636226017419,-6.209765292717754,2.146371124455047,0.0,0.41125806335363435,0.0,0.19077550779055671,1.0063539741219962,-0.03727049640776986,-117.62629794139745,0.6462821188358181,-0.4444446502049993,-10.632631854138888,0.4095115259259439,0.0,0.054145601617795754,-0.4380561259411362,-0.7448783610755442,0.03077687770502473,-0.1882147603774821,-0.5874570739011138,Medical Devices,Healthcare,ATEC
2009Q1,2009,Q1,2009-05-05,2009-03-31,-4383000.0,30610000.0,-3124000.0,-1.080004,19780000.0,0.6461940542306436,158233000.0,67530000.0,65680000.0,37790000.0,90703000.0,26952000.0,-92554000.0,82309970.16,101619970.16,17.42604446595999,1.7380259327864513,0.1857829909058161,0.4353176366059529,-0.03310663814075681,17.42604446595999,-0.06490448689471347,2.6889895511270825,-4.694842012320328,1.2188652474455797,0.0,0.4018254674977738,0.0,0.19344890130377354,0.8970362529769781,-0.02769965809913229,-8.897413269916765,0.6461940542306436,0.1725438818274454,-7.7925735326749805,0.3561022469768856,0.0,0.17367827686465317,0.13345195729537365,0.2510189403020858,0.9163582550527648,-0.8096068815439831,1.2963305112112937,Medical Devices,Healthcare,ATEC
2008Q4,2008,Q4,2009-03-04,2008-12-31,-5058000.0,28447000.0,-4171000.0,-1.30521,16853000.0,0.5924350546630576,155548000.0,71469000.0,65509000.0,31210000.0,84079000.0,24170000.0,-88171000.0,109281598.8,119563598.8,18.442499214241,2.098974687600128,0.1838467868439324,0.40013152555653503,-0.043623015141477754,18.442499214241,-0.0707719430802166,3.8415860653144445,-5.401423428232503,1.5290769256600762,0.0,0.4796855606123293,0.0,0.182882454290637,1.187888497276514,-0.03251729369712243,-25.902251433989097,0.5924350546630576,-0.0876704680397165,-4.704762148096541,-0.4043641943801294,2.646881379780795,0.008678477376107253,-0.040740740740740744,0.06374859708193041,0.8183940872957192,-0.729838991477068,1.4162014775476752,Medical Devices,Healthcare,ATEC
2008Q3,2008,Q3,2008-11-04,2008-09-30,-4860000.0,25816000.0,-4455000.0,-1.200005,16708000.0,0.6471955376510691,147093000.0,74317000.0,57875000.0,44814000.0,72776000.0,22342000.0,-83113000.0,213379298.4,219954298.4,19.225381425286383,1.2914491007274513,0.11862563140326188,0.23479150127157986,-0.049380562260898965,19.225381425286383,-0.06539553534184642,8.265389618841029,-10.97630135802469,2.871204413525842,0.0,0.40766269805747024,0.0,0.1755080119380256,0.6307180791716874,-0.03304032142929983,-30.465348143917762,0.6471955376510691,-0.25000000000000006,-8.550641903204346,0.14657557944100197,0.0,0.054997789985477046,-0.3533834586466165,-0.3422717686050015,0.828981923823899,-0.7597132979349949,0.0,Medical Devices,Healthcare,ATEC
2008Q2,2008,Q2,2008-08-06,2008-06-30,-3591000.0,23853000.0,-3319000.0,-0.960004,15837000.0,0.6639416425606842,141168000.0,78477000.0,55217000.0,34497000.0,62691000.0,21016000.0,-78253000.0,188797152.96,189655152.96,20.351122142260508,1.6006319390091892,0.09866967018021082,0.17749149432317748,-0.03662124751960287,20.351122142260508,-0.04575862991704576,7.915027583951704,-13.1437728320802,2.4057641469475133,0.0,0.3814236771983251,0.0,0.168968888133288,0.8224193408122445,-0.025437776266575996,-12.748811733405363,0.6639416425606842,0.7647058246830404,-6.59270849004795,0.06197920858781433,0.0,0.03442194644023514,0.7724190379618481,0.7907445936573987,0.8733280880164842,-0.7774421250602884,0.0,Medical Devices,Healthcare,ATEC
2008Q1,2008,Q1,2008-05-12,2008-03-31,-15779000.0,23197000.0,-15861000.0,-4.080016,15310000.0,0.6599991378195457,150322000.0,81930000.0,65203000.0,40630000.0,68392000.0,21658000.0,-74662000.0,230924076.24,217038076.24,21.372666204240048,1.6047994093034703,0.08660076369393702,0.15889173684852922,-0.16802903128874325,21.372666204240048,-0.1925912364213353,9.954911248868388,-3.658724827935864,2.818553353350421,0.0,0.36416104903499863,0.0,0.1543154029350328,1.0112478464189023,-0.10496800202232541,-33.76576637520105,0.6599991378195457,-0.3906221987423098,-25.72043075507831,0.03890206255609328,0.0,0.21373077532899953,-0.40295189828398686,-0.42174614557188955,0.682327758505799,-0.6830167613446776,0.0,Medical Devices,Healthcare,ATEC
2007Q4,2007,Q4,2008-03-17,2007-12-31,-11247000.0,21342000.0,-11156000.0,-2.93395,12614000.0,0.591041139537063,147240000.0,94850000.0,63875000.0,24073000.0,52390000.0,20092000.0,-58883000.0,231844092.48,212712092.48,24.743041492398003,2.653387612678104,0.045578647106764465,0.07075382182393253,-0.11297944707262297,24.743041492398003,-0.11857670005271481,10.863278628057351,-5.153465201387037,2.4443235896678965,0.0,0.43440175194107106,0.0,0.14494702526487369,1.6150043617330618,-0.07638549307253464,-29.096899156626506,0.591041139537063,-0.5280925912808696,-9.327830571591521,-0.5482552442823345,3.892771649305097,-0.02519319938176198,-1.016314091072069,-1.078241430700447,-9.327830571591521,-0.5482552442823345,3.892771649305097,Medical Devices,Healthcare,ATEC
2007Q3,2007,Q3,2007-11-09,2007-09-30,-5578000.0,20319000.0,-5368000.0,-1.920008,12940000.0,0.6368423642895812,156740000.0,105603000.0,71470000.0,21085000.0,51137000.0,18220000.0,-47636000.0,127212865.92000002,101134865.92000002,35.56269633014176,3.389613469290965,0.04837948194462167,0.07180667215893488,-0.04938290776922912,35.56269633014176,-0.05282046911546073,6.260783794478075,-5.70154472570814,1.2046330683787394,0.0,0.40499451152579585,0.0,0.12963506443792266,2.203841593549917,-0.03558759729488325,-31.819126043021516,0.6368423642895812,-7.0,-12.281263546098597,0.17475606553329162,0.0,0.07977303070761015,-6.934566145092461,-8.76,-12.281263546098597,0.17475606553329162,0.0,Medical Devices,Healthcare,ATEC
2007Q2,2007,Q2,2007-08-14,2007-06-30,-703000.0,18820000.0,-550000.0,-0.240001,11984000.0,0.636769394261424,126472000.0,75961000.0,40567000.0,20139000.0,50511000.0,15930000.0,-42058000.0,129043668.0,130968668.0,26.842243820905647,2.014350265653707,0.0646309064456955,0.10760785139742762,-0.00710292182404649,26.842243820905647,-0.009254749147588894,6.85673049946865,-45.890351351351356,1.6988147602058952,0.0,0.42912743251726304,0.0,0.14880764121702827,0.8924474899448831,-0.005558542602315137,-101.1314012539185,0.636769394261424,0.75,-2.491915679511808,0.1417599379031733,0.0,-0.05406898729181467,0.737097980553478,0.7894333843797856,-2.491915679511808,0.1417599379031733,0.0,Medical Devices,Healthcare,ATEC
2007Q1,2007,Q1,2007-05-15,2007-03-31,-2674000.0,19550000.0,-2612000.0,-0.960004,12669000.0,0.6480306905370844,124067000.0,73657000.0,40616000.0,18006000.0,47595000.0,14397000.0,-41355000.0,140670028.79999998,140066028.79999998,26.39021852535513,2.2556925469288016,0.0603383655605439,0.10163324599155546,-0.032202126852586194,26.39021852535513,-0.03630340632933733,7.195397892583119,-13.151648167539268,1.9097985093066512,0.0,0.47794679447107036,0.0,0.15757614837144446,1.1103521048539375,-0.021552870626355115,-17.630032435142247,0.6480306905370844,0.7633837948151689,-6.753752448648565,0.20254893935380702,0.0,-0.03134796238244514,0.7638643588837867,0.7274624373956594,-6.753752448648565,0.20254893935380702,0.0,Medical Devices,Healthcare,ATEC
