Quarters,Year,Quarter,FillingDate,Date,NetIncome,Revenue,OperatingIncome,EPSDiluted,GrossProfit,GrossProfitRatio,TotalAssets,CommonStockEquity,CurrentAssets,CurrentLiability,TotalLiability,Inventory,RetainedEarnings,MarketCap,EnterpriseValue,bookValuePerShare,currentRatio,debtToAssets,debtToEquity,roic,shareholdersEquityPerShare,roe,priceToSalesRatio,peRatio,pbRatio,payoutRatio,inventoryTurnover,dividendYield,assetTurnover,quickRatio,returnOnAssets,priceToFreeCashFlowsRatio,grossProfitMargin,epsdilutedGrowth,fiveYNetIncomeGrowthPerShare,fiveYRevenueGrowthPerShare,fiveYShareholdersEquityGrowthPerShare,grossProfitGrowth,netIncomeGrowth,operatingIncomeGrowth,threeYNetIncomeGrowthPerShare,threeYRevenueGrowthPerShare,threeYShareholdersEquityGrowthPerShare,Industry,Sector,Symbol
2023Q4,2023,Q4,2023-05-25,2023-04-01,-214892000.0,2739613000.0,465291000.0,-0.55,1358024000.0,0.4956992101,13990488000.0,2910713000.0,5152709000.0,3545766000.0,11079775000.0,2292790000.0,57086000.0,8890500420.0,15894364420.0,7.500639073137798,1.4532005214106063,0.5588619210423539,2.6861978491180682,0.03889510293827143,7.500639073137798,-0.07382795899149108,3.245166532645304,-10.342986732870466,3.0544064014555885,-0.5421839807903505,0.6025798263251323,0.013105111579309728,0.1958196883482549,0.6839656085596173,-0.015359864502224655,72.81327125307125,0.4956992100709115,-1.4198473282442747,-1.8658232849810965,-0.08375340771715432,-0.19615701555086035,-0.2991274342375875,-1.4231256940779888,-0.09833092069693217,0.5515402216046449,0.31370312887512375,-0.12595752383692504,Apparel Manufacturing,Consumer Cyclical,VFC
2023Q3,2023,Q3,2023-02-08,2022-12-31,507868000.0,3530667000.0,516033000.0,1.31,1937619000.0,0.5487968704,14313297000.0,3319632000.0,5243982000.0,4546234000.0,10993665000.0,2591915000.0,385751000.0,10705473790.0,17632595790.0,8.561511738566407,1.1534782415511389,0.5238813251761631,2.2588253758247903,0.04836043823435486,8.561511738566407,0.15298924700087238,3.032139193529155,5.269811146794049,3.224897756739301,0.3899655028471965,0.6146220072803313,0.018499975235565916,0.2466704212174176,0.4699063004675958,0.035482251224158906,847.8240112457432,0.5487968703930447,5.225806451612904,8.081825510387743,-0.015441570105287988,-0.09186386266611533,0.2244633704135999,5.288266684679816,-0.31471996281663955,0.11528275632335229,0.06517402554468384,-0.2578482399322217,Apparel Manufacturing,Consumer Cyclical,VFC
2023Q2,2023,Q2,2022-11-02,2022-10-01,-118432000.0,3080600000.0,753025000.0,-0.31,1582423000.0,0.513673635,13784142000.0,3085636000.0,5688243000.0,5345991000.0,10698506000.0,2749894000.0,-120127000.0,11595748080.0,18116370080.0,7.959070180144859,1.0640203097985013,0.513157293359282,2.292374408387768,0.05952046739420607,7.959070180144859,-0.03838171449905303,3.7641200025968966,-24.477649790597134,3.757976663482018,-1.6393288975952445,0.5448126364143491,0.016743119862603982,0.2234887017269555,0.44657931522892574,-0.008591902201820033,-18.888997978461905,0.5136736350061676,-1.214285714285714,-1.311113945640132,-0.10942668797078242,-0.20507133582310072,0.29854432867530545,-1.1163688348820586,10.884489125974559,-1.1872201629999959,-0.06857890193318246,-0.31884947470461805,Apparel Manufacturing,Consumer Cyclical,VFC
2023Q1,2023,Q1,2022-08-05,2022-07-02,-55960000.0,2261595000.0,63362000.0,-0.14,1218613000.0,0.5388290123,13211753000.0,3352493000.0,4611706000.0,3463997000.0,9859260000.0,2341395000.0,188806000.0,17103155190.000002,22878237190.0,8.650188485484941,1.3313250559974503,0.4770836239520978,1.880126520771259,0.005311307249802496,8.650188485484941,-0.016692055732853133,7.562430581072209,-76.40794848999285,5.101622938511729,-3.4691744102930664,0.4454532447536618,0.011350829589239083,0.17118053902460936,0.5132054098199277,-0.004235622630849971,-39.05864381891095,0.5388290122678906,-1.6666666666666665,-1.5217263634003484,-0.018027686788082378,-0.057528102904510804,-0.16867707412379798,-1.6956478500304564,-0.6706619817871845,-1.5890362340068866,0.019190949585392008,-0.17321590664959402,Apparel Manufacturing,Consumer Cyclical,VFC
2022Q4,2022,Q4,2022-05-26,2022-04-02,80443000.0,2824664000.0,192392000.0,0.21,1465872000.0,0.5189544668,13342208000.0,3530355000.0,4588080000.0,3315397000.0,9811853000.0,1418673000.0,443475000.0,21915130160.0,27083720160.0,9.10814903870961,1.383870468604514,0.483018477901109,1.8254631616367192,0.00822304552743477,9.10814903870961,0.022786093749778705,7.75849097804199,68.10763571721591,6.207627890113034,2.411782255758736,0.9577908369300043,0.008852833571306519,0.21170888656510226,0.8275886718845435,0.006029211956521739,1322.8981142098273,0.5189544667967588,-0.8409090909090909,-0.5912085339356641,0.1629560807036631,-0.14349780093044648,-0.2785281871068718,-0.8446449504732513,-0.7164208583784613,-0.36289235726665914,-0.10316165998455999,-0.16217418507899617,Apparel Manufacturing,Consumer Cyclical,VFC
2022Q3,2022,Q3,2022-01-28,2022-01-01,517801000.0,3624384000.0,678442000.0,1.32,2031780000.0,0.5605862955,13536322000.0,3653400000.0,4600646000.0,3223878000.0,9882922000.0,1287210000.0,608701000.0,28587284600.0,33599762600.0,9.35737520170069,1.4270533810522608,0.4688361432300443,1.737098866809,0.04938174671137064,9.35737520170069,0.1417312640280287,7.887487804824213,13.802254437515572,7.824843871462199,0.37614257214644237,1.2372526627356841,0.006813064015181071,0.2677524958404506,0.8777311052093162,0.03825271000497772,32.587757740185125,0.5605862954918684,0.11864406779661028,1.0732102458167787,0.15518858303600033,-0.21743366538433856,0.18209972253720497,0.11582297711683795,0.21478783711677643,0.1310498726905498,-0.0686830683890428,-0.13991219111899297,Apparel Manufacturing,Consumer Cyclical,VFC
2022Q2,2022,Q2,2021-11-03,2021-10-02,464053000.0,3198235000.0,558486000.0,1.18,1718789000.0,0.5374179821,13889087000.0,3598481000.0,4969870000.0,3384365000.0,10290606000.0,1464714000.0,586438000.0,26719327800.0,32200094800.0,9.184976734332366,1.4684793159130294,0.4925381344360504,1.9010535278635625,0.04207226665044748,9.184976734332366,0.12895802423300276,8.354397910097289,14.394545342881095,7.425168508601268,0.4143837018616408,1.0100579362250923,0.007196887640264662,0.23026963543392018,0.9300028217996581,0.0334113394206545,-82.3090480620537,0.5374179821057552,2.0256410256410255,-0.017561433775958223,-0.032392659982558844,-0.22064365647067485,0.3872321845091953,2.01387914685787,1.7527355533211095,-0.07531979222266359,-0.17289693915742094,-0.12998921193822763,Apparel Manufacturing,Consumer Cyclical,VFC
2022Q1,2022,Q1,2021-08-06,2021-07-03,153972000.0,2194557000.0,202884000.0,0.39,1239006000.0,0.5645813711,13550351000.0,3274030000.0,4564138000.0,3071446000.0,10276321000.0,1216818000.0,317105000.0,33045678440.0,38698899440.0,8.36596814624212,1.4859899864754256,0.5112891171601385,2.116091483584451,0.015302401377957174,8.36596814624212,0.047028280131825306,15.058017832300552,53.65533739900761,10.093272951072532,1.2478307744265191,0.78528670680414,0.005814103661053479,0.16195573088844709,0.9808223878915664,0.011362952885869894,-994.8723037090559,0.5645813710922067,1.4375,0.10366090324089386,-0.04601952485213649,-0.2513252400487722,-0.07967700458970803,1.4937563772411449,0.6562905635424066,-0.03291926825437513,-0.20723774522922675,-0.11507294233419627,Apparel Manufacturing,Consumer Cyclical,VFC
2021Q4,2021,Q4,2021-05-27,2021-04-03,61743000.0,2582672000.0,122493000.0,0.16,1346273000.0,0.521271381,13754029000.0,3056164000.0,4785870000.0,2210477000.0,10697865000.0,1061839000.0,189534000.0,31060479029.999996,37202423030.0,7.821337080003174,2.165084730580775,0.5058658811901589,2.276610155737716,0.007549272722104774,7.821337080003174,0.02020277707609932,12.026490018864182,125.76518402895874,10.163223907486639,3.107720713279238,1.1643940371374568,0.006177625265040866,0.18777566922390523,1.2271450913083466,0.0044890846165876195,306.3798126831,0.5212713809573961,-0.8181818181818181,-0.7439512480313683,-0.018217354238796727,-0.32597677399440483,-0.17229700027727962,-0.8221892639096878,-0.7026861715683775,-0.7529401314159558,-0.14217663043981552,-0.16178783174773795,Apparel Manufacturing,Consumer Cyclical,VFC
2021Q3,2021,Q3,2021-02-02,2020-12-26,347240000.0,2971541000.0,411999000.0,0.88,1626517000.0,0.5473648185,13744341000.0,3138174000.0,7285219000.0,2498023000.0,10606167000.0,1075983000.0,300495000.0,32710260800.000004,36754985800.0,8.049241802437724,2.9163938842836914,0.5310520890015753,2.3258624282783553,0.02996783810161097,8.049241802437724,0.11065033360164223,11.007844347427817,23.55018200668126,10.423341981674694,0.55081787812464,1.2500420545677766,0.005847278356154225,0.21620105321892116,2.107748407440604,0.02526421601443096,32.52538650311629,0.5473648184561478,0.33333333333333326,0.2147368867957721,-0.0490153929007784,-0.36349434303070643,0.2267100982112016,0.352591519230919,0.2877061272456774,5.815501915929918,-0.17589243008068392,-0.14620132727211219,Apparel Manufacturing,Consumer Cyclical,VFC
2021Q2,2021,Q2,2020-10-28,2020-09-26,256722000.0,2608324000.0,319948000.0,0.66,1325918000.0,0.5083409883,12941266000.0,2945238000.0,6680206000.0,2084532000.0,9996028000.0,1434843000.0,-44953000.0,27455508260.000004,32401754260.000004,7.567045801977807,3.2046550496706216,0.5272779340135656,2.3168395898735517,0.02431662284198176,7.567045801977807,0.08716511195360103,10.526111119630844,26.73661417798241,9.321999872336294,0.7279937052531532,0.8937605020200816,0.006807085785123979,0.2015509147250354,2.0550785500054687,0.01983747185167201,1540.8860848580089,0.5083409883128016,1.9295774647887327,-0.39012466556371483,-0.21128044710983515,-0.39984141389182687,1.3288603335078037,1.9243182521908822,2.2963384641564937,-0.3282590425976726,-0.2489234046957217,-0.24422558477526188,Apparel Manufacturing,Consumer Cyclical,VFC
2021Q1,2021,Q1,2020-08-04,2020-06-27,-277742000.0,1076293000.0,-246809000.0,-0.71,569342000.0,0.5289842078,12479045000.0,2912598000.0,6261137000.0,1715463000.0,9566447000.0,1402858000.0,-298088000.0,22210032300.0,26799494300.0,7.493273646432293,3.6498234004464103,0.5396705436994578,2.312221940686631,-0.020373168036416266,7.493273646432293,-0.09535885144465525,20.635674765142948,-19.99160398859373,7.625505579554748,-0.6723722015395583,0.3613701458023549,0.008408182278960485,0.08624802619110677,2.2035421341060695,-0.02225667108340422,-258.68934378494225,0.5289842078318822,0.4180327868852459,-2.7751700099896306,-0.5325839111638394,-0.35940884371939275,-0.4899077637066536,0.4250671723047242,-1.3663931189487217,-3.58190340467393,-0.5340403844574797,-0.1835785034211586,Apparel Manufacturing,Consumer Cyclical,VFC
2020Q4,2020,Q4,2020-05-27,2020-03-28,-483086000.0,2102421000.0,673618000.0,-1.22,1116155000.0,0.5308903402,11133251000.0,3357334000.0,5027016000.0,3023884000.0,7775917000.0,1293912000.0,7309000.0,22609008330.0,26098730330.0,8.58154984190764,1.6624367865963112,0.43641789806050363,1.4472048357416927,0.09040642073214983,8.58154984190764,-0.14388976491466146,10.753796851344235,-11.700301980392727,6.734214805557028,-0.38578017164645634,0.7622357625557225,0.00824295330780658,0.18884160610409303,0.8853114074481693,-0.043391278971434306,-292.4044998124701,0.5308903402315711,-2.0517241379310347,-2.8230760937440325,-0.19266284172161893,-0.2541331824723296,-0.40765001860123984,-2.0388879211531967,0.163814223171309,-3.4321896991465466,-0.1424180422050835,-0.19301756264847045,Apparel Manufacturing,Consumer Cyclical,VFC
2020Q3,2020,Q3,2020-02-04,2019-12-28,465003000.0,3384746000.0,578802000.0,1.16,1884283000.0,0.5566984938,10814262000.0,4567590000.0,4155698000.0,1962092000.0,6246672000.0,1564970000.0,1182228000.0,39578162400.0,42218231400.0,11.53606607061676,2.117993447809787,0.2981266775300987,0.7058470659581968,0.05488481982991127,11.53606607061676,0.10180489054402869,11.693096734585106,21.27844465519577,8.664998916277511,0.4057909303810943,0.9587806795018435,0.004767629130755196,0.31298908792851515,1.134355065919437,0.042999050698050406,35.41156664537221,0.5566984937717631,-0.2795031055900622,3.151775576999627,0.031047586049090484,-0.11568290028962218,0.04917812803284704,-0.28350957856767556,-0.0004541804460639134,0.8359042128611525,0.06379652956027572,-0.0352276417081281,Apparel Manufacturing,Consumer Cyclical,VFC
2020Q2,2020,Q2,2019-10-31,2019-09-28,649001000.0,3393268000.0,579065000.0,1.61,1795961000.0,0.5292717817,11270355000.0,4647619000.0,4775207000.0,2404338000.0,6622736000.0,1890716000.0,1405988000.0,35316311290.0,38417298290.0,11.684744978642417,1.9860797441956997,0.3201844130020749,0.7764388604143326,0.07209729192246221,11.684744978642417,0.13964161003731157,10.407757739736443,13.604105113089194,7.598796564434392,0.2635835692086761,0.8448159321653808,0.004843824107090092,0.3010790698252185,1.033032377311343,0.05758478770189582,-94.59329284396101,0.5292717816570928,5.708333333333334,0.4933446151031677,0.04356960350661525,-0.1416604902952713,0.45378977063458975,5.673600756820122,3.344334243615521,0.3533591301164066,0.011199432459870066,-0.00853530879527787,Apparel Manufacturing,Consumer Cyclical,VFC
2020Q1,2020,Q1,2019-08-08,2019-06-29,97249000.0,2271479000.0,133292000.0,0.24,1235365000.0,0.5438593093,10436393000.0,4150737000.0,4033871000.0,1979485000.0,6285656000.0,1665132000.0,931134000.0,34654103450.0,37289701450.0,10.46245150947629,2.037838629744605,0.31061287170768676,0.7809885328798235,0.012404663124502656,10.46245150947629,0.023429333152160687,15.256184824953257,89.0860148947547,8.348903688670228,2.082674371972977,0.6222413598441445,0.005844560379183609,0.2176498144521771,0.9824221956721066,0.009318257754379314,-274.3771106325366,0.5438593092870329,-0.25000000000000006,-0.33162666020259923,0.02479754405053018,-0.204328039146888,-0.23626832878114765,-0.24498462780658986,-0.31428512634784755,-0.31237170189460056,-0.025961694324936415,-0.06370987368903752,Apparel Manufacturing,Consumer Cyclical,VFC
2019Q4,2019,Q4,2019-05-24,2019-03-30,128804000.0,3212969000.0,194384000.0,0.32,1617538000.0,0.503440276,10356785000.0,4298516000.0,4673457000.0,2661604000.0,6058269000.0,1943030000.0,1179601000.0,34364648550.0,36607839550.0,10.871172595187213,1.7558799130148588,0.26902190206709903,0.6481776501471671,0.020115353527204692,10.871172595187213,0.029964759931101804,10.695605388660768,66.69949797754728,7.994537777688858,1.5673814477811248,0.8211046664230609,0.005874787274668637,0.3102284154783555,0.8460338202076643,0.012436677984528983,216.78841102216165,0.5034402759565997,-0.7241379310344827,-0.5195920569411991,0.2807360129330608,-0.17204729510736055,-0.20851969993448116,-0.7221111132685665,-0.671595948674196,-0.4721411809935146,0.20699682552071907,-0.06314959346200048,Apparel Manufacturing,Consumer Cyclical,VFC
2019Q3,2019,Q3,2019-02-04,2018-12-29,463509000.0,3940159000.0,591905000.0,1.16,2043687000.0,0.5186813527,10284310000.0,4300624000.0,4612091000.0,2563047000.0,5983686000.0,1866075000.0,1258327000.0,27895897579.999996,30179292579.999996,10.879557999868453,1.7994562721635616,0.2740783776451702,0.6554181439716655,0.06799511231323473,10.879557999868453,0.10777715047862822,7.0798913394104135,15.046038793205739,6.486476748490451,0.43434971057735666,1.01628927025977,0.007217011011122304,0.38312332086450135,0.9011820696226015,0.04506952824253645,21.985042912603298,0.5186813527068324,-0.07936507936507943,0.40013712289546205,0.3300618354547212,-0.21402890819898648,0.044410602084541735,-0.08599919940211508,-0.10136198910226532,0.5992356659347549,0.2436762236340397,-0.13968291893721124,Apparel Manufacturing,Consumer Cyclical,VFC
2019Q2,2019,Q2,2018-10-31,2018-09-29,507121000.0,3907386000.0,658669000.0,1.26,1956785000.0,0.5007913219,11130425000.0,4179556000.0,5417954000.0,3508696000.0,6950869000.0,2247908000.0,1147787000.0,36996107400.0,40370322400.0,10.557313610782739,1.5441503054126091,0.3348475911746407,0.8917205559633608,0.070516645261601,10.557313610782739,0.12133370147451068,9.468249975815034,18.238303777599427,8.851683623810759,0.3595473269693032,0.867740583689368,0.004928464447046124,0.3510545194815113,0.7264365450868356,0.0455616923882062,-144.13768311307817,0.5007913218709388,2.15,0.29400787365193704,0.31161918914428643,-0.17816579080111714,0.3945469148762551,2.162430312176505,1.852838246376937,0.1844231401264221,0.16162163672811652,-0.16267687872433956,Apparel Manufacturing,Consumer Cyclical,VFC
2019Q1,2019,Q1,2018-08-09,2018-06-30,160358000.0,2788146000.0,230882000.0,0.4,1403169000.0,0.503262383,10191754000.0,3726377000.0,4330147000.0,3000295000.0,6465377000.0,1993825000.0,825788000.0,32132330800.0,35144152800.0,9.4538505448226,1.4432404146925553,0.3414269025724129,0.9338129233837585,0.027503867767082593,9.4538505448226,0.043033219666179776,11.524622742137607,50.09468002843637,8.622941479082765,1.1319485151972462,0.6946331799430743,0.005649045540138657,0.27356880866630023,0.6320885112963892,0.015734092483001453,172.12611381033753,0.5032623829598594,-0.36507936507936506,0.2860234225143356,0.39245418660757175,-0.20289451722082158,-0.08832501359551065,-0.3656549034190029,-0.2584701261245058,0.010694542312847825,0.1940418502930884,-0.19180142917970514,Apparel Manufacturing,Consumer Cyclical,VFC
2018Q4,2018,Q4,2018-03-31,2018-03-31,252793000.0,3045446000.0,311359000.0,0.63,1539111000.0,0.5053811494,10311310000.0,3688096000.0,4683323000.0,3138829000.0,6623214000.0,1861441000.0,846124000.0,28900899360.0,31964063360.0,9.330975349965717,1.4920605741822826,0.36308926799795566,1.0151378922891379,0.03719837740123606,9.330975349965717,0.06854295549790461,9.489874179348444,28.581585882520482,7.836265476820561,0.7174763541711994,0.8092305907090259,0.00627568705529723,0.29535005736419523,0.6656460100247577,0.024516089614219725,-91.2028280201713,0.5053811494277028,4.500000000000001,0.04130258137376223,0.29880934273853893,-0.19273491395743322,-0.18109045983322905,4.463914276709739,-0.3531828880426947,-0.05572382357888585,0.15755011786177775,-0.1889967410407805,Apparel Manufacturing,Consumer Cyclical,VFC
2018Q3,2018,Q3,2018-02-28,2017-12-30,-72979000.0,3649283000.0,481371000.0,-0.18,1879464000.0,0.5150228141,9958502000.0,3719900000.0,4392124000.0,2745200000.0,6238602000.0,1705171000.0,1023745000.0,29198698000.0,31555961000.0,9.42756420166406,1.5999286026519015,0.2935519820149657,0.7858646737815532,-0.011491604238883877,9.42756420166406,-0.019618538132745503,8.001215033199673,-100.02431521396566,7.849323368907767,-2.4895654914427436,1.0379129131330525,0.006222400738553479,0.36644899001877995,0.7242372140463355,-0.0073283110250919265,20.692285614464268,0.5150228140705996,-1.1855670103092784,-1.2432939463843857,0.34028192338522556,-0.19149503694595793,0.06965801021017945,-1.1889962189879317,-0.30563244769931813,-1.6538432360921862,0.11546971151065567,-0.2773137583370983,Apparel Manufacturing,Consumer Cyclical,VFC
2018Q2,2018,Q2,2017-11-02,2017-09-30,386140000.0,3508818000.0,693251000.0,0.97,1757070000.0,0.500758375,10874921000.0,3937420000.0,5627427000.0,3821395000.0,6937501000.0,1909563000.0,1297029000.0,24999411060.0,27836622060.0,10.012307441933794,1.4726106565795998,0.40306858321085737,1.113251570825566,0.06988714833743608,10.012307441933794,0.09806929410629295,7.1247386042821255,16.18545803335578,6.349185776472919,0.42830838555964157,0.9173554368198379,0.006615635848503065,0.32265227489928433,0.8890884088140587,0.0355073843754819,-457.2533254074223,0.5007583750425357,2.592592592592592,0.1284440796043125,0.2419377852964998,-0.10942443069073811,0.498477702823712,2.513909490485854,3.1259537441525516,-0.1013446161035207,0.09143484638286117,-0.2645146234316068,Apparel Manufacturing,Consumer Cyclical,VFC
2018Q1,2018,Q1,2017-08-02,2017-07-01,109889000.0,2359581000.0,168022000.0,0.27,1172570000.0,0.4969399228,9173728000.0,3644339000.0,3897650000.0,2431143000.0,5529389000.0,1712972000.0,1077708000.0,22870944000.0,25484917000.0,9.178192487376123,1.603217087600359,0.3582529370829395,0.9018137445501091,0.019103933503085424,9.178192487376123,0.030153341936631033,9.692798848609138,52.031923122423535,6.275745478123742,1.5005414554687002,0.6929541171717927,0.00720971552376675,0.2572106999466302,0.7519985455401019,0.011978663417969227,147.3766745925883,0.4969399228083291,-0.4807692307692307,-0.22146918698481,0.21211399571686118,-0.1137100363114565,-0.09453494693403511,-0.4746250531881834,-0.42354378092042516,-0.2453973143719365,0.0636393389110081,-0.30199624754261706,Apparel Manufacturing,Consumer Cyclical,VFC
2017Q4,2017,Q4,2017-05-10,2017-04-01,209163000.0,2581677000.0,291474000.0,0.52,1294992000.0,0.501608838,9225282000.0,4381152000.0,4091045000.0,1835859000.0,4844130000.0,1645484000.0,1892330000.0,22647090300.0,24636541300.0,10.634122187431734,2.228409153426271,0.2811724346204268,0.5920577510207361,0.03307669707360424,10.634122187431734,0.047741552906632775,8.772240020730711,27.068709929576457,5.169208988868681,0.8257339969306234,0.7819492623446962,0.007626277712152717,0.2798480306618269,1.0119878487400176,0.022672802847652787,-83.36096549185608,0.5016088379762457,-0.1746031746031746,0.04292242478549566,0.08369096365659512,0.05591443048415309,-0.20560874363332882,-0.20871400846659327,-0.08948803733588237,-0.25127700169651823,-0.01233315780773542,-0.19010114574569387,Apparel Manufacturing,Consumer Cyclical,VFC
2017Q3,2017,Q3,2017-03-01,2016-12-31,264333000.0,3320574000.0,320121000.0,0.63,1630169000.0,0.4909298814,9739287000.0,4940921000.0,4293098000.0,1785400000.0,4798366000.0,1569325000.0,2545458000.0,22044966900.0,23136002900.0,11.957293315328135,2.4045580822224712,0.23809730630178574,0.4693250509368597,0.03900248777970555,11.957293315328135,0.053498730297448595,6.638902460839602,20.8496166766919,4.461712077566106,0.6567019630541778,1.0771541904959139,0.00787426902419164,0.3409463136264492,1.3585415033045816,0.027140898507252122,16.01785028428185,0.490929881400023,-0.4568965517241379,0.09588135956502443,0.21721369158885453,0.16459935737602815,-0.03396133164402736,-0.46973152867966994,-0.49621200198921045,-0.23614842353997376,0.07230033748517889,-0.13617015671527746,Apparel Manufacturing,Consumer Cyclical,VFC
2017Q2,2017,Q2,2016-11-03,2016-10-01,498489000.0,3488226000.0,635428000.0,1.16,1687478000.0,0.4837639534,10443109000.0,4872777000.0,4819023000.0,2177196000.0,5570332000.0,1999996000.0,2454299000.0,23174489050.0,25525089050.0,11.785336464624233,2.2134079798052175,0.2957380795316797,0.6338120952385057,0.06563206003998595,11.785336464624233,0.10230080301232747,6.643631762964899,11.622367319038133,4.75591003856733,0.30657246198010385,0.9003758007516015,0.006594449598016057,0.3340217937014734,1.1588823422420398,0.04773377353429903,-767.545094889544,0.4837639533677004,2.314285714285714,0.7584438366617003,0.34544843882125464,0.15921454934133325,0.43433751017861666,2.3614913617543527,2.0054676857878007,0.21793210345237482,0.12116165425279495,-0.08257033648647034,Apparel Manufacturing,Consumer Cyclical,VFC
2017Q1,2017,Q1,2016-08-05,2016-07-02,148294000.0,2445259000.0,211424000.0,0.35,1176486000.0,0.4811294018,9674108000.0,4648437000.0,4068016000.0,2660633000.0,5025671000.0,1775893000.0,2276398000.0,25916239300.0,28048672300.0,11.174369157025032,1.5289654755090236,0.2903311602475391,0.6042235271769845,0.021954734249608875,11.174369157025032,0.03190190595247392,10.598566164156844,43.69064038329265,5.575258802044644,1.038470875423146,0.7144422552484863,0.005942181588051628,0.2527632521778752,0.6921142449935785,0.015328958494157807,259.08984784260406,0.4811294018343251,-0.3750000000000001,0.20230297038323683,0.39378317221322895,0.14200549203733112,-0.13955155218994597,-0.4302279564604313,-0.37123347965216563,0.12687553653037142,0.15713596808039854,-0.05782824898356381,Apparel Manufacturing,Consumer Cyclical,VFC
2016Q4,2016,Q4,2016-05-10,2016-04-02,260269000.0,2839300000.0,336252000.0,0.56,1367294000.0,0.4815602437,9832263000.0,4893946000.0,3972874000.0,2529467000.0,4938317000.0,1762568000.0,2500188000.0,27514839519.999996,29470931519.999996,11.603957813670723,1.5706368179541381,0.25852919109263045,0.5194023391349231,0.037082262304997074,11.603957813670723,0.05318182914155571,9.690712330503995,26.42923237112372,5.6222196812142995,0.5977815260365238,0.8351484878881269,0.005654548698599861,0.28877380517587864,0.7428877308935045,0.026470915190124594,-146.1557313672267,0.48156024372204415,-0.22222222222222213,0.33103996192478813,0.48779784058127823,0.21759921630100057,-0.17106869738448685,-0.16636291714844864,-0.5086405681469467,0.004746466961669996,0.1348224697335034,0.003911129496406626,Apparel Manufacturing,Consumer Cyclical,VFC
2016Q3,2016,Q3,2016-03-02,2016-01-02,312209000.0,3412763000.0,684330000.0,0.72,1649466000.0,0.4833227505,9639542000.0,5384838000.0,4163136000.0,1941713000.0,4254704000.0,1611994000.0,3128731000.0,26506921500.0,27426005500.0,12.64598627569784,2.144053214867491,0.19344165936514413,0.3462850693001349,0.07795068193742134,12.64598627569784,0.05797927439971268,7.7669974445925485,21.225302201409953,4.922510482209493,0.504761233660785,1.0938607711939374,0.0059452773495405715,0.35403787856311014,1.1665797159518425,0.032388364509434164,18.933231358672476,0.4833227505103636,-0.3207547169811321,4.8534171757220514,0.6317351187512874,0.41776358888586396,-0.04611585637371979,-0.3210840596350225,0.0643960132394296,-0.035525735915902024,0.16146620107442253,0.08451583547002586,Apparel Manufacturing,Consumer Cyclical,VFC
2016Q2,2016,Q2,2015-11-06,2015-10-03,459864000.0,3612820000.0,642928000.0,1.06,1729210000.0,0.4786316506,10651922000.0,5361197000.0,4935817000.0,2783620000.0,5290725000.0,2038126000.0,2976603000.0,29858105760.0,32001537760.0,12.608410472051325,1.7731647997930753,0.2544170901739611,0.5054899120476267,0.05900372660881646,12.608410472051325,0.08577636673302623,8.26448750837296,16.23203042638693,5.569298378701622,0.29609841170433,0.9241872190433761,0.004560403164704981,0.3391707149188663,0.8755250357448215,0.043171927094471776,-257.63066361793,0.47863165062195184,1.65,0.9222395638722325,0.6424201269517792,0.38124778705163304,0.4249608986793725,1.6922387902418463,1.8827361709568797,0.24291320472738528,0.18266423083101754,0.12149396124248756,Apparel Manufacturing,Consumer Cyclical,VFC
2016Q1,2016,Q1,2015-08-07,2015-07-04,170811000.0,2513860000.0,223027000.0,0.4,1213514000.0,0.4827293485,9905504000.0,4963795000.0,4206490000.0,2455830000.0,4941709000.0,1746418000.0,2657066000.0,30578588940.0,32502853940.0,11.697435365701345,1.7128587890855638,0.26086860395998024,0.5205764943959209,0.02491599205390846,11.697435365701345,0.03441137275008335,12.16399836904203,44.75500544461423,6.16032469914652,0.793900861185755,0.7445789037905015,0.0044347043045734474,0.25378415878687244,0.7573858939747458,0.017244049368916513,680.1287575622775,0.4827293484919606,-0.40298507462686567,0.5828175420922537,0.6196321212343741,0.4004420645944051,-0.12744166114208552,-0.40836274587906857,-0.4393982429901844,0.13233737921204716,0.20833703616032337,0.12956005006170412,Apparel Manufacturing,Consumer Cyclical,VFC
2015Q4,2015,Q4,2015-05-12,2015-04-04,288709000.0,2837301000.0,397835000.0,0.67,1390754000.0,0.4901679448,9732864000.0,4904265000.0,4081526000.0,2278326000.0,4828599000.0,1624234000.0,2623769000.0,32173727400.0,34012429400.0,11.505472076573882,1.7914582899901068,0.2562642404126884,0.5085746793862077,0.040971721118455616,11.505472076573882,0.058868964054756424,11.339553822453098,27.859996917311204,6.560356628363271,0.47075775261595587,0.8906025855880372,0.0042243162661967475,0.2915175841355638,0.8509313416956134,0.029663313902259396,-64.30115796626428,0.4901679448179802,1.3928571428571428,0.8268572879595306,0.6776522596143282,0.32600446923100845,-0.2076536760034981,1.364509709175191,-0.5916994400472922,0.3913764692963873,0.1511347009458822,0.14243505773755968,Apparel Manufacturing,Consumer Cyclical,VFC
2015Q3,2015,Q3,2015-03-03,2015-01-03,122101000.0,3578860000.0,974368000.0,0.28,1755235000.0,0.4904452815,9980140000.0,5630882000.0,4185854000.0,1620241000.0,4349258000.0,1482804000.0,3231753000.0,31838135200.000004,32315618200.000004,13.045169062539818,2.583476161879622,0.14522621927147314,0.25739804172774355,0.10480866673217012,13.045169062539818,0.021684169549281977,8.896166712305037,65.18811311946668,5.6542003899211535,1.1322020294674082,1.2298489888076913,0.004342057068719276,0.3585981759774913,1.3875213625627298,0.012234397513461734,25.12510827156909,0.4904452814583415,-0.7407407407407407,0.8652532932636788,0.9091479330924593,0.5080370823242152,0.031403955359996995,-0.7405027107787193,0.5390865638258551,-0.5154041523902879,0.2558757892129177,0.27055472392069546,Apparel Manufacturing,Consumer Cyclical,VFC
2015Q2,2015,Q2,2014-11-04,2014-09-27,470529000.0,3520447000.0,633082000.0,1.08,1701792000.0,0.4834022498,10815876000.0,5862360000.0,4524213000.0,2266478000.0,4953516000.0,1822162000.0,3249659000.0,28538380260.0,30125404260.0,13.61319716327867,1.9961424730352555,0.19263571438873744,0.35540703743884716,0.06137993770788428,13.61319716327867,0.08026272695637934,8.106464963114059,15.162923146076013,4.8680702413362535,0.24029337192819147,0.9980753632223699,0.003961857644684702,0.3254888462108848,0.9976430391117849,0.04350354978182072,469.96871517027864,0.48340224977112284,2.0000000000000004,1.2237915756455848,0.7316740385380603,0.5654037954898259,0.46361500328536587,1.9840374931824811,1.880159047896346,0.5936080641229797,0.30371437915443894,0.3390043009881901,Apparel Manufacturing,Consumer Cyclical,VFC
2015Q1,2015,Q1,2014-08-05,2014-06-28,157682000.0,2402076000.0,219808000.0,0.36,1162732000.0,0.4840529609,10215327000.0,5653368000.0,3779912000.0,1870324000.0,4561959000.0,1615245000.0,2902617000.0,26965836800.0,28500522800.0,13.149202214262456,2.0209931541273063,0.19681964170114183,0.3556423356837906,0.022671053323903546,13.149202214262456,0.02789169217358573,11.22605479593485,42.75351149782473,4.7698711281487425,0.7156745855582756,0.767279267231906,0.004184887746557897,0.23514430815577417,0.884747776321108,0.015435825010790159,182.18928991284372,0.4840529608555266,-0.46268656716417916,1.1570351523452322,0.6583538342841899,0.5914498434955462,-0.15389183037260626,-0.4694289569404394,-0.45482774870408493,0.23693974026895598,0.32474770985014106,0.34383077322595035,Apparel Manufacturing,Consumer Cyclical,VFC
2014Q4,2014,Q4,2014-05-07,2014-03-29,297193000.0,2780778000.0,403190000.0,0.67,1374212000.0,0.4941825633,9985152000.0,5754829000.0,3534521000.0,1541533000.0,4230323000.0,1512459000.0,3029597000.0,26897857300.0,28268265300.0,13.130185493622944,2.2928610675217462,0.16945961363432424,0.29402785034968026,0.04214494167788273,13.130185493622944,0.05164236852215765,9.67278125042704,22.626590548902566,4.673962910105582,0.38620021332938526,0.9299862012788446,0.004267105692467184,0.2784913038880129,1.0587772042505739,0.02976349283416016,-334.929550859804,0.49418256329703414,-0.1829268292682926,1.9555554143326916,0.6177724215513714,0.6166713545546616,-0.13321294378926826,-0.1916788833373678,-0.20691527237392354,0.4625095036491918,0.40213693724878624,0.37774575051343967,Apparel Manufacturing,Consumer Cyclical,VFC
2014Q3,2014,Q3,2014-02-26,2013-12-28,367667000.0,3290099000.0,508382000.0,0.82,1585409000.0,0.4818727339,10315443000.0,6077038000.0,3882982000.0,1568001000.0,4238405000.0,1399062000.0,3432090000.0,27035036340.0,27709439340.0,13.842185944699937,2.4763900023022947,0.1406440809182892,0.23873571302335117,0.05101969355817735,13.842185944699937,0.060501020398424366,8.21708901160725,18.38282762662953,4.448719316877728,0.3137241036046205,1.2184520771774232,0.004266537634696592,0.3189488808187879,1.3627835696533357,0.03564238588686884,26.814753142930822,0.4818727339207726,-0.154639175257732,2.1801213996152193,0.7243317524899765,0.7126838682720796,0.0103777583047877,-0.15237423373701187,-0.12303024134772461,5.685769102137222,0.5257562591184709,0.5518716211717767,Apparel Manufacturing,Consumer Cyclical,VFC
2014Q2,2014,Q2,2013-11-06,2013-09-28,433761000.0,3297269000.0,579703000.0,0.97,1569125000.0,0.4758862562,10452061000.0,5628877000.0,4093904000.0,2054660000.0,4823184000.0,1752284000.0,3182932000.0,21742491600.0,23325265600.0,12.84603815783468,1.9924970554738983,0.18163259858510203,0.33726709608328626,0.059816279079296236,12.84603815783468,0.07705995352181261,6.594090927977062,12.531377648059646,3.8626695164950307,0.21977540627211758,0.9862236943326539,0.0043845020963466765,0.31546591624369585,0.9630688289059991,0.041500044823695535,332.25078850855743,0.4758862561713952,2.129032258064516,0.8472376657550439,0.4882693097953281,0.45203741334369735,0.4568688820327319,2.1369671811041844,1.8793100022847606,0.759452215612402,0.4545919820749502,0.4072798325547535,Apparel Manufacturing,Consumer Cyclical,VFC
2014Q1,2014,Q1,2013-08-07,2013-06-29,138274000.0,2220411000.0,201334000.0,0.31,1077053000.0,0.4850692057,9549567000.0,5184057000.0,3297707000.0,1644298000.0,4365510000.0,1522809000.0,2849101000.0,21096438440.0,22653448440.0,11.860225213683036,2.0055409664184958,0.19656618985970778,0.3620951698640659,0.02201291552313177,11.860225213683036,0.026672932029875442,9.501141203137617,38.142453461966824,4.069484274574913,0.6884663783502322,0.7508216723174082,0.004512467840045516,0.2325143119054508,0.8398051934624989,0.014479609389619445,101.25772011673003,0.48506920565607,-0.48333333333333334,0.3229874261750079,0.31683739615816536,0.39528210902507993,-0.14287772005551524,-0.48866380442058005,-0.4371869129618034,0.24394705668888725,0.3888489498849382,0.41993161454062267,Apparel Manufacturing,Consumer Cyclical,VFC
2013Q4,2013,Q4,2013-05-08,2013-03-30,270417000.0,2611869000.0,357728000.0,0.6,1256592000.0,0.4811083557,9491274000.0,5088994000.0,3259627000.0,1705400000.0,4402280000.0,1409443000.0,2807442000.0,18463907000.0,20177082000.0,11.558750045426464,1.9113562800516009,0.2121540269514925,0.395679774823865,0.040265461368873684,11.558750045426464,0.05313761423181085,7.069231649826236,17.069846755196604,3.6282037274950607,0.35597983854565357,0.9615692156405048,0.005213576953133484,0.27518634484685617,0.8849061803682421,0.028491117209344077,-182.6301384767557,0.4811083557406593,-0.20000000000000004,0.8028344916139496,0.40553244321401033,0.3847482750222882,-0.1259998275080195,-0.19077529865217496,-0.20555733219628328,0.6566345321699385,0.4951898688632835,0.3321447496419198,Apparel Manufacturing,Consumer Cyclical,VFC
2013Q3,2013,Q3,2013-02-27,2012-12-29,334168000.0,3033260000.0,450288000.0,0.75,1437748000.0,0.4739943163,9633021000.0,5125625000.0,3449583000.0,1732212000.0,4507396000.0,1354158000.0,2941447000.0,16296032970.0,17543169970.0,11.660490204107631,1.991432341999709,0.19148696966403375,0.35987767345445676,0.05021062845653781,11.660490204107631,0.06519556151688818,5.37244844490746,12.191497218464963,3.179326027557615,0.2864098297862153,1.1782317868372818,0.005873147174910263,0.3148814894102276,1.0505677134207592,0.03468984444236133,14.91831194368843,0.47399431634610945,-0.12790697674418602,1.022713422854973,0.5438800605789852,0.4260708233034508,-0.022115756081900938,-0.12365007683875401,-0.1613061844840303,4.012797348735851,0.5889169711242302,0.3479665569354434,Apparel Manufacturing,Consumer Cyclical,VFC
2013Q2,2013,Q2,2012-11-07,2012-09-29,381318000.0,3148354000.0,536892000.0,0.86,1470264000.0,0.4669944993,10131732000.0,4926784000.0,3998800000.0,2435842000.0,5204948000.0,1758686000.0,2705905000.0,17459003520.0,19728070520.0,11.242513029747073,1.6416499920766618,0.25402073406600173,0.5223833640768502,0.05297451644984083,11.242513029747073,0.07739693885504215,5.5454385116794365,11.446485295737418,3.5436916901573117,0.20701619121048573,0.9541726038644761,0.004521392066252359,0.31074193435041514,0.7870715752499546,0.03763601326999175,-375.15586230607244,0.4669944993479132,1.4571428571428573,0.8421905729953832,0.5202066185365769,0.46443400349771047,0.49057456907826036,1.4554112442609968,2.2740311613867124,0.7709537479413989,0.5218229210940357,0.292794951584411,Apparel Manufacturing,Consumer Cyclical,VFC
2013Q1,2013,Q1,2012-08-08,2012-06-30,155297000.0,2141786000.0,163985000.0,0.35,986374000.0,0.4605380743,9426069000.0,4524052000.0,3339809000.0,1768039000.0,4902017000.0,1570298000.0,2409436000.0,14574875199.999998,16759472199.999998,10.355744579548784,1.8889905709093522,0.26682480257676877,0.5559416646846677,0.019770971316708793,10.355744579548784,0.03432697060069159,6.805010024344168,23.462905271833968,3.221641837892226,0.5064940082551498,0.7357915503936195,0.0053967528998121374,0.22721942731376144,0.7716724574514476,0.01647526662493135,1384.3916413373859,0.46053807429873944,-0.27083333333333337,0.9241316629802264,0.42813654104044657,0.4407130839530134,-0.15520444265918915,-0.27841331499516764,-0.47792436851723324,1.0907387244570024,0.4552182238728972,0.2533572624297169,Apparel Manufacturing,Consumer Cyclical,VFC
2012Q4,2012,Q4,2012-05-09,2012-03-31,215216000.0,2556455000.0,314102000.0,0.48,1167589000.0,0.4567219059,9503317000.0,4452473000.0,3363333000.0,1904320000.0,5051649000.0,1516446000.0,2335520000.0,16134731459.999998,18323484460.0,10.071007536620012,1.7661595740211729,0.26458151401242325,0.5647203250867552,0.03305678902499409,10.071007536620012,0.048336284127944176,6.31136924373791,18.742485990818526,3.62376851246487,0.3713664411567913,0.9158690780944392,0.004953537664890271,0.2690066005374755,0.8043963199462275,0.022646408617117583,-251.43338049897926,0.4567219059205032,-0.15789473684210523,0.5748846955896405,0.5463795245464511,0.38776457889246463,-0.11214418135667716,-0.16361855758244662,-0.10603684550559399,1.1218187075864263,0.4744241970865972,0.24000604590584565,Apparel Manufacturing,Consumer Cyclical,VFC
2012Q3,2012,Q3,2012-02-29,2011-12-31,257318000.0,2910239000.0,351359000.0,0.57,1315066000.0,0.451875602,9313126000.0,4525991000.0,3187944000.0,1666032000.0,4787951000.0,1453645000.0,2520804000.0,13994805960.0,15769788960.0,10.26730200355704,1.913495058918436,0.227228859568742,0.46756853913319757,0.04120877958985447,10.26730200355704,0.05685340514375747,4.808816719176672,13.596800418159631,3.092097611329762,0.3087424898374774,1.0973607724031658,0.0056767489472215596,0.3124878800093545,0.8772184447837736,0.027629605784352106,13.578186464703503,0.45187560196946025,-0.1492537313432837,1.4059017900042234,2.112181107377487,0.4073858566519717,0.05620240802063146,-0.14427003658131027,-0.18311021626623392,1.21660923714819,0.5190443000340157,0.2703660088385653,Apparel Manufacturing,Consumer Cyclical,VFC
2012Q2,2012,Q2,2011-11-10,2011-10-01,300700000.0,2750071000.0,430118000.0,0.67,1245089000.0,0.4527479472,10289472000.0,4458811000.0,3942392000.0,2665104000.0,5829573000.0,1777902000.0,2348152000.0,13323817360.0,15967392360.0,10.166656786114936,1.4792638486152885,0.28971029805999765,0.6685562586079562,0.043095920472886094,10.166656786114936,0.06743950349095308,4.8448994080516465,11.077334020618556,2.988199625415834,0.22978051213834386,0.8464932262858132,0.005185826113725714,0.2672703711133088,0.7073390006543835,0.029224045704191626,-488.44553706283455,0.45274794723481687,1.3103448275862073,0.5370148783252726,0.3664844749134326,0.44276715728421745,0.4725510093053841,1.3243769711211428,1.279725023983548,0.27943242139630925,0.24017422979482222,0.14917656639997198,Apparel Manufacturing,Consumer Cyclical,VFC
2012Q1,2012,Q1,2011-08-10,2011-07-02,129368000.0,1840123000.0,188671000.0,0.29,845532000.0,0.4594975445,6800446000.0,4269293000.0,3045908000.0,1013914000.0,2529908000.0,1285950000.0,2118343000.0,12152491390.0,12520873390.0,9.7848646393898,3.0041088297429566,0.14408760837156856,0.22951341123694252,0.027157307996083853,9.7848646393898,0.030301972715388707,6.604173411233923,23.484345800352482,2.846488022724137,0.5310973347350195,0.773428982464326,0.005653737805281424,0.2705885761022145,1.4800850959746092,0.019023458167302557,-289.8004337768875,0.4594975444576259,-0.36956521739130443,0.3159059924493598,0.1830390499881654,0.47210045257167094,-0.08585502025530221,-0.3554256787392316,-0.3130318267714815,0.23998875692595842,0.09325463643554192,0.1511287791417142,Apparel Manufacturing,Consumer Cyclical,VFC
2011Q4,2011,Q4,2011-05-12,2011-04-02,200703000.0,1958799000.0,274643000.0,0.46,924943000.0,0.4721990362,6693138000.0,4125507000.0,2950028000.0,1036846000.0,2566691000.0,1183314000.0,2059492000.0,10703155800.0,11008210800.0,9.530194877196873,2.845193982520066,0.14612249142330547,0.23706613514411684,0.04205546364906194,9.530194877196873,0.04864929328686147,5.464141956372247,13.33208248008251,2.5943855627926458,0.34117576717836806,0.8736954012206397,0.006397645823300077,0.2926577936985611,1.509633060261601,0.029986383068748918,-82.82381372457981,0.47219903624618964,2.8333333333333335,0.5893405932026334,0.19367144101835562,0.46893943487594253,-0.06677180004076189,2.7013683977574505,-0.0049346932120794915,0.36088444958958266,0.07207427984672626,0.14172560743679555,Apparel Manufacturing,Consumer Cyclical,VFC
2011Q3,2011,Q3,2011-03-02,2011-01-01,54224000.0,2126239000.0,276005000.0,0.12,991122000.0,0.4661385667,6457556000.0,3861219000.0,2826060000.0,1109475000.0,2596237000.0,1070694000.0,1940508000.0,9326571960.0,9509527960.0,8.919672062981649,2.5472047590076388,0.15101611197796813,0.25256143202444614,0.058572966626571146,8.919672062981649,0.014043233496986314,4.386417500572607,43.00020267778106,2.4154475464872625,1.25925789318383,1.0601693854640075,0.007321232312670645,0.3292637338336671,1.4108673021023457,0.008396984865481615,18.40195720416317,0.4661385667368532,-0.7857142857142857,-0.4602802057933714,0.3272797809492805,0.39570845203947996,-0.04423002001951806,-0.7766602000930857,-0.2215233609273858,-0.66671518851372,0.0989311244630638,0.09087044024719779,Apparel Manufacturing,Consumer Cyclical,VFC
2011Q2,2011,Q2,2010-11-10,2010-10-02,242787000.0,2232367000.0,354545000.0,0.56,1036988000.0,0.4645239784,6679693000.0,3939070000.0,2874373000.0,1146959000.0,2741384000.0,1211307000.0,2057965000.0,8718942420.0,9304363420.0,9.12827559996663,2.5060817343950395,0.14795350624646972,0.25089272340933266,0.052217667397832596,9.12827559996663,0.061635614497838324,3.905694009990293,8.977974953354174,2.2134520127847437,0.2663198606185669,0.9868505671972506,0.007415922354491246,0.3342020359318909,1.3093066099136934,0.03634702972127611,83.45082714395099,0.464523978360189,1.2400000000000002,0.37499183877745884,0.27519990054266885,0.4827413295968383,0.3797036197349129,1.190526458248748,1.091414784927208,0.19115381445372268,0.09466144606529678,0.18903639662406826,Apparel Manufacturing,Consumer Cyclical,VFC
2011Q1,2011,Q1,2010-08-11,2010-07-03,110835000.0,1594104000.0,169524000.0,0.25,751602000.0,0.4714886858,6321442000.0,3640329000.0,2588128000.0,1120116000.0,2682204000.0,1102180000.0,1870709000.0,7694543340.000001,8336214340.000001,8.352673531760235,2.31058926039803,0.18696082317926827,0.3246580185472247,0.025879524256403177,8.352673531760235,0.030446423935858544,4.826876627873715,17.35585180673975,2.11369448750374,0.587503947309063,0.7643960151699359,0.008462620473068906,0.25217410837590537,1.1384651232550915,0.017533183093351168,78.02767728392809,0.47148868580719955,-0.32432432432432434,0.12168937257969531,0.12344688268284303,0.40827381975838156,-0.08080706783616004,-0.32217642310232636,-0.24068798710024186,0.3765112823035413,0.06547051803213193,0.16204160413150406,Apparel Manufacturing,Consumer Cyclical,VFC
2010Q4,2010,Q4,2010-05-12,2010-04-03,163516000.0,1749879000.0,223260000.0,0.37,817676000.0,0.4672757374,6468451000.0,3826780000.0,2647586000.0,1056880000.0,2643585000.0,952182000.0,2024856000.0,8933184180.0,9403591180.0,8.676797358945755,2.505096132011203,0.1838215980920316,0.3107157976157501,0.0346996315394665,8.676797358945755,0.04272939651613106,5.105029650621558,13.65796646811321,2.3343866592801255,0.4050001223121896,0.9790176667905925,0.007413258102107103,0.2705251999280817,1.425247899477708,0.025279004200541983,53.77743104133306,0.46727573735098255,1.4666666666666668,0.34895572422080445,0.13434887340336943,0.4832871837167878,-0.07755552371723207,1.4447334977947224,-0.14187867303678706,0.19946835570604868,0.06106084937222671,0.19564522111497412,Apparel Manufacturing,Consumer Cyclical,VFC
2010Q3,2010,Q3,2010-03-03,2010-01-02,66885000.0,1915369000.0,260173000.0,0.15,886423000.0,0.4627948975,6470657000.0,3815151000.0,2629356000.0,1092583000.0,2657372000.0,958639000.0,2050109000.0,8075369159.999999,8530946159.999999,8.650429896879166,2.406550349035268,0.18346297756162938,0.31116094749591827,0.029173284835740977,8.650429896879166,0.01753141618772101,4.21609056009573,30.183782462435524,2.1166578098743667,0.9887418703745234,1.073340433677328,0.008189346974696077,0.2960084269649898,1.379930861087899,0.010336662876737247,11.856154582506253,0.4627948974845056,-0.6938775510204082,-0.4589424119562727,0.2447170163479171,0.5386995448587897,-0.0447647158345753,-0.6930754405286343,-0.1815653793281345,-0.37494279119977625,1.047255132330254,0.18575383159172076,Apparel Manufacturing,Consumer Cyclical,VFC
2010Q2,2010,Q2,2009-11-10,2009-10-03,217920000.0,2093806000.0,317891000.0,0.49,927963000.0,0.4431943552,6906166000.0,3857011000.0,2928733000.0,1355057000.0,3048598000.0,1171151000.0,2105758000.0,7668529960.0,8683846960.0,8.696284755729115,2.1613356486110917,0.20191594004546082,0.3615403222858322,0.044371183768454774,8.696284755729115,0.05649970923080074,3.6624835156647753,8.797414142804698,1.9882053642055983,0.3007204478707783,0.995467706555346,0.008545705675250436,0.3031792169490279,1.093700117412035,0.031554410942337616,49.359744850669415,0.4431943551599336,1.8823529411764701,0.3927273662259658,0.16033657807581675,0.6215510060494646,0.4233783883278318,1.9064913240060286,3.19005377761375,0.1014518319078866,0.028776443596714277,0.2341042193037328,Apparel Manufacturing,Consumer Cyclical,VFC
2010Q1,2010,Q1,2009-08-11,2009-07-04,74977000.0,1485637000.0,75868000.0,0.17,651944000.0,0.4388312892,6719247000.0,3643489000.0,2734877000.0,1169818000.0,3075417000.0,1221167000.0,2006729000.0,5901307790.0,7014178790.0,8.262404415699862,2.337865377349297,0.22295251238717673,0.41116440862041853,0.011076990428265496,8.262404415699862,0.020578352233257737,3.972240722329883,19.67706026514798,1.6196859082050201,0.8676127345719354,0.682701874518391,0.011023149836419563,0.2211017097600371,1.082404271433676,0.011158542021152072,61.725932639506304,0.43883128920456344,-0.2608695652173913,-0.17217501469654645,0.16397796957621327,0.6385578854674152,-0.10549727372762523,-0.2572048464914453,-0.5300777959466825,-0.24540107065526304,-0.05494940842248821,0.24305135818827728,Apparel Manufacturing,Consumer Cyclical,VFC
2009Q4,2009,Q4,2009-05-13,2009-04-04,100939000.0,1725474000.0,161448000.0,0.23,728834000.0,0.4223963966,6552564000.0,3573306000.0,2621259000.0,1098204000.0,2978395000.0,1348324000.0,1996972000.0,7080185040.000001,8235316040.000001,8.121740672048876,2.3868598183943965,0.2184731045740263,0.40062591896691746,0.02290484308777104,8.121740672048876,0.028248070554271032,4.103327572597443,17.535801424622793,1.9814102234737245,0.6436164416132516,0.7391695171190308,0.009175748886924571,0.2633280651665516,1.1591061405713328,0.015404504252075981,-130.6644712656406,0.42239639658435885,-0.11538461538461538,-0.03940475812818383,0.1905587875327962,0.6598198571267114,-0.10345904986837896,-0.12880729827468648,-0.10208394743135543,-0.21354013163745514,0.03456505754117611,0.25184692514047724,Apparel Manufacturing,Consumer Cyclical,VFC
2009Q3,2009,Q3,2009-03-03,2009-01-03,115863000.0,1912150000.0,179803000.0,0.26,812940000.0,0.4251444709,6433868000.0,3555892000.0,2653010000.0,1012182000.0,2877976000.0,1151895000.0,1972874000.0,6255245040.0,7071849040.0,8.082160520765147,2.6210800033985984,0.18627177306093318,0.33703160838405666,0.02870762969035412,8.082160520765147,0.0325833855471426,3.2713150328164633,13.497072059242381,1.7591212106554417,0.560040737767881,0.9542623242569852,0.010373374597648055,0.2972006886059832,1.2182848539096724,0.018008296098085942,10.776358474313476,0.4251444708835604,-0.5094339622641509,0.0842600202510539,0.3625507774463021,0.8014045220414713,-0.169664470660334,-0.5045943345804382,-0.48804849506422066,0.13468684697230202,0.17442912621684128,0.2646585737593757,Apparel Manufacturing,Consumer Cyclical,VFC
2009Q2,2009,Q2,2008-11-05,2008-09-27,233875000.0,2206627000.0,351211000.0,0.53,979050000.0,0.4436862234,6984265000.0,3861002000.0,3104387000.0,1413324000.0,3123263000.0,1341842000.0,1925132000.0,8753574380.0,10086683380.0,8.846905761369678,2.196514741135083,0.22322549330530844,0.4037982886307751,0.04643181421832212,8.846905761369678,0.06057365419650132,3.966947916435356,9.357107835382148,2.267176857199245,0.27211972207375734,0.9148446687463949,0.007270401465418289,0.3159426224520404,1.089542100749722,0.03348598599852669,-224.25512066403647,0.4436862233626254,1.2083333333333335,0.834297068259957,0.5106153471197156,1.0472944022692345,0.33255026751724126,1.249273884860259,1.1434125085440876,0.3096487160449537,0.24634401762086436,0.4370373317255189,Apparel Manufacturing,Consumer Cyclical,VFC
2009Q1,2009,Q1,2008-08-06,2008-06-28,103978000.0,1677482000.0,163856000.0,0.24,734719000.0,0.4379892005,6780441000.0,3696276000.0,2839066000.0,1335386000.0,3084165000.0,1343856000.0,1754433000.0,7839150210.0,9106374210.0,8.500234566879156,2.126026482230606,0.22760068261046737,0.41751021839278235,0.02235412586907684,8.500234566879156,0.028130475105214006,4.673165023529314,18.84809817942257,2.1208238264675043,0.6075996845486545,0.7015357300186925,0.008059164361898354,0.24740013223328688,0.9511601888892051,0.01533499074765196,102.82875595199056,0.4379892004802436,-0.27272727272727276,0.37081266463156587,0.46062944562440794,1.0885101515557254,-0.11714817516230859,-0.3023109130924902,-0.32880286738351255,0.054675324899981365,0.18488283201684413,0.43315284104231655,Apparel Manufacturing,Consumer Cyclical,VFC
2008Q4,2008,Q4,2008-05-07,2008-03-29,149032000.0,1846341000.0,244125000.0,0.33,832211000.0,0.450735265,6642143000.0,3651426000.0,2778483000.0,1238533000.0,2990717000.0,1170594000.0,1739214000.0,8286282970.0,9476889970.0,8.347185011109994,2.2433661436554377,0.21837259450752566,0.39723165689240314,0.03191080423874636,8.347185011109994,0.040814739227907126,4.487948309656775,13.900174073353373,2.2693279201057335,0.42627086800150304,0.8663379446674082,0.007666646218817218,0.2779736901177828,1.1166404124879998,0.022437336865526684,-111.87399376248852,0.45073526504583933,-0.10810810810810806,0.603875844702143,0.4634344824921924,1.1223300923847024,-0.021129767400829242,-0.09352342951681183,-0.025896295114019512,0.23956283591618055,0.2067077864035824,0.4269403830581877,Apparel Manufacturing,Consumer Cyclical,VFC
2008Q3,2008,Q3,2008-02-26,2007-12-29,164408000.0,1955188000.0,250615000.0,0.37,850175000.0,0.4348303079,6446685000.0,3576829000.0,2645129000.0,1134387000.0,2869856000.0,1138752000.0,1786216000.0,7679329420.0,8637624420.0,8.176655754793757,2.331769493127125,0.19857616744109569,0.35790304764359715,0.03744729627424781,8.176655754793757,0.04596473580369651,3.9276680401066293,11.677244142620797,2.14696576772331,0.38807722251958543,0.970371951048165,0.008308407741154045,0.3032857972741029,1.1396586879080948,0.025502719614809783,12.214733113406522,0.43483030787832166,-0.19565217391304351,1.1265944119773106,0.4780990889338323,1.1376862317086545,-0.06549529546253957,-0.20655190220407613,-0.2429441848241446,0.34087805628482926,0.2810269670693368,0.4544267323531726,Apparel Manufacturing,Consumer Cyclical,VFC
2008Q2,2008,Q2,2007-11-06,2007-09-29,207207000.0,2073159000.0,331039000.0,0.46,909760000.0,0.438827895,6695984000.0,3367793000.0,2980622000.0,1548875000.0,3328191000.0,1295994000.0,1685982000.0,8855933250.0,10377316250.0,7.67703631771389,1.9243786619320475,0.25615921423946053,0.5093062429905876,0.04317681046966908,7.67703631771389,0.0615260498492633,4.271709622850925,10.684886671299715,2.629595479888461,0.29184342227820487,0.8976885695458466,0.006828416417885714,0.30961229895411935,0.9428423856024534,0.03094496641569036,214.0976029881056,0.43882789501432357,1.5555555555555558,0.602344086951566,0.4682136832171452,0.9617790674799238,0.3960525790819223,1.5373735642036688,0.9650663057544134,0.33887111639486645,0.1615702623367512,0.4314970489283972,Apparel Manufacturing,Consumer Cyclical,VFC
2008Q1,2008,Q1,2007-08-07,2007-06-30,81662000.0,1517393000.0,168462000.0,0.18,651666000.0,0.4294642192,5413422000.0,3177180000.0,2537147000.0,1068400000.0,2236242000.0,1217721000.0,1540694000.0,10119956320.0,10749357320.0,7.18792984869326,2.374716398352677,0.14912009446150698,0.25407751528084654,0.028012945894361048,7.18792984869326,0.02570266714507834,6.669304735160898,30.981228478362027,3.1852008132998444,0.744887462957067,0.7109403549745795,0.006010796694822097,0.28030199751654317,1.031733433171097,0.015085097744088675,135.15079421466632,0.42946421922336536,-0.4,-0.08836718629049738,0.26132355290910086,0.9162580595252116,-0.10452966460364747,-0.40971780489215287,-0.21763845350052247,-0.10049515469941844,0.1860504264388166,0.4254735717587495,Apparel Manufacturing,Consumer Cyclical,VFC
2007Q4,2007,Q4,2007-05-08,2007-03-31,138344000.0,1673619000.0,215325000.0,0.3,727736000.0,0.4348277595,5670788000.0,3248030000.0,2689095000.0,1246683000.0,2422758000.0,1027073000.0,1707305000.0,9244599660.0,10092864660.0,7.256999991062891,2.15699981470831,0.18029593065372926,0.3147815752933317,0.033121484949025136,7.256999991062891,0.04259320264899031,5.523718158075404,16.705819659688892,2.8462174487304615,0.44476088590759266,0.9209501174697416,0.006655777671609849,0.2951298831837833,0.9438790775201074,0.02439590406130506,-207.31985512771635,0.4348277594840881,0.25,0.720946194112661,0.291876964473779,0.9707258157260995,0.5055495904784957,0.27397966701046117,0.017560689762722757,0.29419567053384654,0.13516032547526544,0.48309496384053785,Apparel Manufacturing,Consumer Cyclical,VFC
2007Q3,2007,Q3,2007-02-27,2006-12-30,108592000.0,949444000.0,211609000.0,0.24,483369000.0,0.5091074355,5465693000.0,3265172000.0,2578010000.0,1014848000.0,2200521000.0,958262000.0,1806875000.0,,,,,,,,,,,,,,,,,,,,,,,,,,,,,,,Apparel Manufacturing,Consumer Cyclical,VFC
2007Q2,2007,Q2,2006-11-03,2006-09-30,197707000.0,2033789000.0,306769000.0,0.44,860640000.0,0.4231707419,5676457000.0,3123126000.0,2765467000.0,1245781000.0,2553331000.0,1196154000.0,1759888000.0,,,,,,,,,,,,,,,,,,,,,,,,,,,,,,,Apparel Manufacturing,Consumer Cyclical,VFC
2007Q1,2007,Q1,2006-08-08,2006-07-01,99032000.0,1566828000.0,161207000.0,0.22,654986000.0,0.4180331217,5406569000.0,2921407000.0,2534114000.0,1180054000.0,2485162000.0,1223408000.0,1623467000.0,,,,,,,,,,,,,,,,,,,,,,,,,,,,,,,Apparel Manufacturing,Consumer Cyclical,VFC
