Year,Date,FillingDate,NetIncome,Revenue,OperatingIncome,EPSDiluted,GrossProfit,GrossProfitRatio,TotalAssets,CommonStockEquity,CurrentAssets,CurrentLiability,TotalLiability,Inventory,RetainedEarnings,EnterpriseValue,bookValuePerShare,currentRatio,debtToAssets,debtToEquity,roic,shareholdersEquityPerShare,roe,priceToSalesRatio,peRatio,pbRatio,payoutRatio,inventoryTurnover,dividendYield,assetTurnover,quickRatio,returnOnAssets,priceToFreeCashFlowsRatio,grossProfitMargin,epsdilutedGrowth,fiveYNetIncomeGrowthPerShare,fiveYRevenueGrowthPerShare,fiveYShareholdersEquityGrowthPerShare,grossProfitGrowth,netIncomeGrowth,operatingIncomeGrowth,threeYNetIncomeGrowthPerShare,threeYRevenueGrowthPerShare,threeYShareholdersEquityGrowthPerShare,Industry,Sector,Price,MarketCap,AvgVolume,Symbol
2022,2022-12-31,2023-03-01,86173000.0,297177000.0,146418000.0,0.81,297177000.0,1.0,10408169000.0,1053595000.0,1541760000.0,0.0,9354574000.0,0.0,857518000.0,3230476393.26,9.979037575791581,0.0,0.10828484818030915,1.0697155928036863,0.049505787194196404,9.979037575791581,0.08178949216729388,7.681137481231724,26.48924133150755,2.166541596400894,0.0,0.0,0.0,0.028552284268251217,0.0,0.008279362104900488,16.914336687019283,1.0,-0.07954545454545449,2.9989007520636273,0.6882443926484594,0.14357355060332738,0.09270310517897523,-0.06383556583993308,-0.1004441932332721,0.6572301321099753,0.5328653645411091,0.12841152728274843,Banks—Regional,Financial Services,17.76,1879185600,205704,CLBK
2021,2021-12-31,2022-03-01,92049000.0,271965000.0,162767000.0,0.88,271965000.0,1.0,9224097000.0,1079081000.0,1803110000.0,0.0,377309000.0,0.0,765133000.0,2479042496.32,10.360227347963987,0.0,0.04090470861266962,0.34965771800263373,0.08152931257906992,10.360227347963987,0.08530314221082569,7.988882747118196,23.603694731284424,2.0134693283636724,0.0,0.0,0.0,0.029484186907401344,0.0,0.00997918820671552,23.309192982877743,1.0,0.6923076923076923,2.2961576703359734,0.9279877671983707,1.522804960913073,0.07562795885193578,0.5979896880370814,0.08524356256084063,3.330008718869267,0.566150241397611,0.18725697577394476,Banks—Regional,Financial Services,17.76,1879185600,205704,CLBK
2020,2020-12-31,2021-03-01,57603000.0,252843000.0,149982000.0,0.52,252843000.0,1.0,8798536000.0,1011287000.0,1769365000.0,0.0,799364000.0,0.0,673084000.0,2084209177.44,9.213962792568719,0.0,0.09085193263970279,0.7904422780081223,0.06257052201686378,9.213962792568719,0.05696009144782836,6.754397699125544,29.64779920212489,1.6887413537798863,0.0,0.0,0.0,0.02873693987272428,0.0,0.006546884618077371,39.475802723868526,1.0,0.06122448979591842,0.8457167134146326,0.8547197766828992,1.4286694987797157,0.23938394270784827,0.05274411974340699,-0.05790201005025126,1.5714115366506076,0.3817457233237382,0.0558978324108505,Banks—Regional,Financial Services,17.76,1879185600,205704,CLBK
2019,2019-12-31,2020-03-02,54717000.0,204007000.0,159200000.0,0.49,204007000.0,1.0,8188694000.0,982517000.0,1195975000.0,107800000.0,7206177000.0,0.0,615481000.0,3213530107.2400002,8.843438173501672,11.09438775510204,0.18498945008813372,1.5417768852854454,0.04907137227938263,8.843438173501672,0.05569063944949553,9.225443770262787,34.39616768536287,1.9155445730099327,14.902973481733282,0.0,0.4332742420044421,0.024913252345245773,11.09438775510204,0.006682017913967722,18.02285931894356,1.0,1.4499999999999997,0.7320134543355592,0.4783643402562627,1.3310044809004504,0.09845360269650337,1.4066238564391274,0.0,0.836864037098342,0.35582037734572963,1.1534536787962018,Banks—Regional,Financial Services,17.76,1879185600,205704,CLBK
2018,2018-12-31,2019-03-29,22736000.0,185722000.0,0.0,0.2,185722000.0,1.0,6691618000.0,972060000.0,18894000.0,159600000.0,5719558000.0,0.0,560216000.0,2850219604.67,8.726187808844331,0.11838345864661654,0.1777118777551259,1.2233606978993066,0.0,8.726187808844331,0.023389502705594305,9.170914617923563,74.91381969871568,1.7521969885295143,0.0,0.0,0.0,0.027754423519095083,6.86624686716792,0.0033976834900019694,39.315835018466366,1.0,-0.25925925925925924,-0.2822165230623601,0.34230180370773244,1.3000989529777904,0.18330444976808197,-0.2682801235839341,0.0,-0.2822165230623601,0.34230180370773244,1.3000989529777904,Banks—Regional,Financial Services,17.76,1879185600,205704,CLBK
2017,2017-09-30,2017-09-30,31072000.0,156952000.0,0.0,0.27,156952000.0,1.0,5429328000.0,475914000.0,14687000.0,240000000.0,4953414000.0,0.0,522094000.0,2379079078.5,4.1066303215982,0.06119583333333333,0.1276480256856834,1.4562357904999643,0.0,4.1066303215982,0.06528910685544027,11.385717152377797,57.511942536688984,3.754903361741827,0.0,0.0,0.0,0.028908181638685304,2.8034916666666665,0.005722991869343683,59.235318168257756,1.0,-0.03571428571428574,-0.05708129760568087,0.0903836267385475,0.08244932493904443,0.09038362673854747,-0.05708129760568082,0.0,-0.05708129760568087,0.0903836267385475,0.08244932493904443,Banks—Regional,Financial Services,17.76,1879185600,205704,CLBK
2016,2016-09-30,2016-09-30,32953000.0,143942000.0,0.0,0.28,143942000.0,1.0,5037412000.0,439664000.0,13156000.0,127400000.0,4597748000.0,0.0,491022000.0,2373307078.5,3.7938314773575703,0.10326530612244898,0.12545926360599452,1.4374385894683213,0.0,3.7938314773575703,0.07495041668182977,12.414799561628989,54.229086228871424,4.06449260912879,0.0,0.0,0.0,0.028574593461880824,6.519850863422292,0.006541652737556507,32.299077819147975,1.0,0.0,0.0,0.0,0.0,0.0,0.0,0.0,0.0,0.0,0.0,Banks—Regional,Financial Services,17.76,1879185600,205704,CLBK
TTM,,,,,,,,,,,,,,,,3266359600.0,9.929028790475243,0.0,0.16047664944309403,1.642727333981461,0.05100014242162106,9.929028790475243,0.08053733497219293,6.341166267922402,21.99328828859537,1.7886945817940303,0.0,0.0,0.0,0.027866173310828284,0.0,0.007944972331012304,19.247640117994102,1.0,,,,,,,,,,,Banks—Regional,Financial Services,17.76,1879185600,205704,CLBK
