Quarters,Year,Quarter,FillingDate,Date,NetIncome,Revenue,OperatingIncome,EPSDiluted,GrossProfit,GrossProfitRatio,TotalAssets,CommonStockEquity,CurrentAssets,CurrentLiability,TotalLiability,Inventory,RetainedEarnings,MarketCap,EnterpriseValue,bookValuePerShare,currentRatio,debtToAssets,debtToEquity,roic,shareholdersEquityPerShare,roe,priceToSalesRatio,peRatio,pbRatio,payoutRatio,inventoryTurnover,dividendYield,assetTurnover,quickRatio,returnOnAssets,priceToFreeCashFlowsRatio,grossProfitMargin,epsdilutedGrowth,fiveYNetIncomeGrowthPerShare,fiveYRevenueGrowthPerShare,fiveYShareholdersEquityGrowthPerShare,grossProfitGrowth,netIncomeGrowth,operatingIncomeGrowth,threeYNetIncomeGrowthPerShare,threeYRevenueGrowthPerShare,threeYShareholdersEquityGrowthPerShare,Industry,Sector,Symbol
2023Q1,2023,Q1,2023-05-22,2023-03-31,-5806025.0,2404567.0,-2762605.0,-7.37,827729.0,0.3442320385,27552428.0,-6593707.0,2778260.0,18009537.0,34146135.0,2095212.0,-49276730.0,5714239.75,29952434.75,-8.365833048919587,0.15426604248626713,0.8828401257413684,-3.6890309199362363,-0.18364804292634418,-8.365833048919587,0.8805403394479009,2.3764111168455693,-0.24604784469581167,-0.8666202107554977,0.0,0.7525911459079081,0.0,0.08727241751616228,0.02026365253032324,-0.21072643761195928,-15.088495966623979,0.34423203845016587,-14.354166666666668,-4.002102394516112,12.893517131964172,-23.82017438348244,1.7851219993398264,0.4105019747997279,0.4338711882023445,-4.002102394516112,12.893517131964172,-23.82017438348244,Packaged Foods,Consumer Defensive,SMFL
2022Q4,2022,Q4,2023-03-31,2022-12-31,-9849100.0,3668999.0,-4879817.0,-0.48,-1054268.0,-0.2873448589,29146957.0,-2361984.0,3603976.0,15143522.0,31508941.0,2665501.0,-44992415.0,241704608.75,264920405.75,-0.1148232635841289,0.23798796607552722,0.798900241970371,-9.85845416395708,-0.25180140526944844,-0.1148232635841289,4.16984196336639,65.87753464909639,-6.135195316069488,-102.33117952958192,0.0,1.7719997103733969,0.0,0.12587931563490487,0.041708131041114475,-0.33791177583306553,-124.20899023151148,-0.287344858911109,-4.491990846681921,-7.71568121811147,9.229602192569704,0.48870174278944567,-1.4004567236836907,-3.021588717616617,-2.3738022725622847,-7.71568121811147,9.229602192569704,0.48870174278944567,Packaged Foods,Consumer Defensive,SMFL
2022Q3,2022,Q3,2022-11-14,2022-09-30,-2449057.0,5356985.0,-1446385.0,-0.0874,2632664.0,0.4914450946,34147142.0,2051279.0,8324108.0,16824176.0,32095863.0,5601198.0,-36921994.0,533702767.81,557290244.81,0.07323762157987374,0.4947706205641215,0.6996488900886639,11.64688469974099,-0.06500108990125653,0.07323762157987374,-1.1939170634516318,99.62745234679582,-54.48043551150504,260.18048632584845,0.0,0.4863818418845397,0.0,0.1568794542161098,0.14406351906922515,-0.07172070213079619,-355.88820741166523,0.4914450945821204,0.20545454545454542,0.0,0.0,0.0,0.4780523599362442,0.30917339400656285,0.4454929735134273,0.0,0.0,0.0,Packaged Foods,Consumer Defensive,SMFL
2022Q2,2022,Q2,2022-08-15,2022-06-30,-3545111.0,4285491.0,-2608416.0,-0.11,1781171.0,0.4156282209,26217600.0,3999000.0,8412802.0,11509065.0,22218600.0,4940238.0,-34974272.0,848023990.38,862686963.38,0.12609697510100293,0.7309718035305214,0.5633737641889418,3.6935003750937736,-0.130648005517877,0.12609697510100293,-0.8864993748437109,197.88257410411083,-59.802358119393155,212.059012348087,0.0,0.5069229458175901,0.0,0.16345855455876968,0.18957560844430021,-0.13521874618576835,-461.801940700427,0.4156282208969754,0.9251700680272108,0.0,0.0,0.0,0.17370481489071624,0.8813434817572235,0.20277468406427154,0.0,0.0,0.0,Packaged Foods,Consumer Defensive,SMFL
2022Q1,2022,Q1,2022-05-16,2022-03-31,-29877086.0,4454886.0,-3271868.0,-1.47,1517563.0,0.3406513657,24963087.0,7437425.0,7213020.0,10469351.0,17525662.0,4049497.0,-31589077.0,1136110024.0,1146403054.0,0.3665981209580455,0.6889653427418758,0.4744639555196038,1.5924980756108464,-0.27913037271485613,0.3665981209580455,-4.0171277021280885,255.02561098084215,-9.506533066845943,152.75582933609417,0.0,0.7253550255747813,0.0,0.1784589381914184,0.26390270036795976,-1.196850613868389,-268.7004939495029,0.34065136571395993,-4.653846153846153,0.0,0.0,0.0,0.05984839384636014,-4.56702160822494,-0.6616319692199715,0.0,0.0,0.0,Packaged Foods,Consumer Defensive,SMFL
2021Q4,2021,Q4,2022-03-31,2021-12-31,-5366799.0,4228099.0,-1969069.0,-0.26,1431868.0,0.338655268,22610407.0,-6090738.0,4339504.0,17144748.0,28701145.0,3392544.0,-15014600.0,2718548986.0,2741178948.0,-0.3002185710844498,0.2531098153207035,1.00993560177842,-3.7491441923786577,-0.15407455180280763,-0.3002185710844498,0.8811410045876215,642.9719327764085,-126.63735804154395,-446.34147553219333,0.0,0.8242283666770424,0.0,0.18699791649040196,0.03464915319840221,-0.23735968131843005,8239.575271717717,0.338655268005787,0.0,-3.815427190393156,10.95283707244539,-0.33684784238217175,0.0,0.0,0.0,-3.815427190393156,10.95283707244539,-0.33684784238217175,Packaged Foods,Consumer Defensive,SMFL
2020Q4,2020,Q4,2020-12-31,2020-12-31,-1743122.0,553250.0,-870560.0,-0.05493,-45616.0,-0.08245097153185721,1967369.0,-7125826.0,768217.0,6960287.0,9093195.0,58426.0,-7249077.0,4251913666.0,4257782391.0,-0.224571983113262,0.11037145451042464,3.2295283701227375,-0.891640351588714,2.9127116630922467,-0.224571983113262,0.24462034296094234,7685.338754631722,-609.8129772328042,-596.6906385308876,0.0,10.24999144216616,0.0,0.28121313286932953,0.09090717092556672,-0.886016807218168,-3980.055944697441,-0.08245097153185721,0.0,0.0,0.0,0.0,0.0,0.0,0.0,0.0,0.0,0.0,Packaged Foods,Consumer Defensive,SMFL
2021Q3,2021,Q3,2021-09-30,2021-09-30,,,,,,,15805263.0,-2578209.0,4325460.0,10184613.0,18383472.0,3030957.0,-11346666.0,0.0,14161495.0,0.0,0.42470538644914635,0.9396614279686456,-5.760431369217934,,0.0,,0.0,0.0,0.0,0.0,,,,0.11594755735932234,,0.0,0.0,0.0,0.0,0.0,0.0,0.0,0.0,0.0,0.0,0.0,0.0,Packaged Foods,Consumer Defensive,SMFL
