Quarters,Year,Quarter,FillingDate,Date,NetIncome,Revenue,OperatingIncome,EPSDiluted,GrossProfit,GrossProfitRatio,TotalAssets,CommonStockEquity,CurrentAssets,CurrentLiability,TotalLiability,Inventory,RetainedEarnings,MarketCap,EnterpriseValue,bookValuePerShare,currentRatio,debtToAssets,debtToEquity,roic,shareholdersEquityPerShare,roe,priceToSalesRatio,peRatio,pbRatio,payoutRatio,inventoryTurnover,dividendYield,assetTurnover,quickRatio,returnOnAssets,priceToFreeCashFlowsRatio,grossProfitMargin,epsdilutedGrowth,fiveYNetIncomeGrowthPerShare,fiveYRevenueGrowthPerShare,fiveYShareholdersEquityGrowthPerShare,grossProfitGrowth,netIncomeGrowth,operatingIncomeGrowth,threeYNetIncomeGrowthPerShare,threeYRevenueGrowthPerShare,threeYShareholdersEquityGrowthPerShare,Industry,Sector,Symbol
2023Q2,2023,Q2,2023-05-12,2023-03-31,4873000.0,30501000.0,5161000.0,0.33,9097000.0,0.2982525163,195497000.0,175266000.0,179907000.0,20083000.0,20231000.0,63803000.0,161210000.0,225293460.0,207372460.0,11.95702005730659,8.958173579644475,0.002767305892162028,0.0030867367315965447,0.022220816812797476,11.95702005730659,0.027803453037097896,7.386428641683879,11.558252616458033,1.2854373352504194,0.0,0.3354701189599235,0.0,0.15601773940265068,5.6510979435343325,0.024926213701489026,18.0465764178148,0.29825251631094063,0.3750000000000001,0.2790885827762102,-0.02251868071281774,0.2788417301422697,0.564402407566638,0.40189873417721517,10.417883211678832,8.403150925060855,0.1676674215273707,0.10815009502791839,Farm & Heavy Construction Machinery,Industrials,GENC
2023Q1,2023,Q1,2023-02-10,2022-12-31,3476000.0,25825000.0,-548000.0,0.24,5815000.0,0.2251694095,185336000.0,170393000.0,169253000.0,14943000.0,14943000.0,59315000.0,156337000.0,148035700.0,142350700.0,11.625366718973869,11.326574315733119,0.0015809125048560453,0.0017195542070390217,-0.0024356865239241496,11.625366718973869,0.02039989905688614,5.7322633107454015,10.646986478711161,0.8687897977029573,0.0,0.3373514288122735,0.0,0.13934152026589544,7.18095429297999,0.01875512582552769,-41.08678878712184,0.22516940948693126,2.6,0.46155408985264124,0.10173733275238565,0.2776953988470014,0.17049114331723028,6.2719665271966525,-1.1611290796824463,0.3897797919496945,0.42539662069664647,0.07306323779570464,Farm & Heavy Construction Machinery,Industrials,GENC
2022Q4,2022,Q4,2022-12-16,2022-09-30,478000.0,23072000.0,3401000.0,-0.15,4968000.0,0.2153259362,179313000.0,166917000.0,162479000.0,12390000.0,12396000.0,55815000.0,152861000.0,130757625.0,121572625.0,11.501602067183462,13.113720742534301,0.0022084288367268407,0.00237243660022646,-0.014048471295301792,11.501602067183462,0.0028636987245157773,5.667372789528433,68.38787918410041,0.7833691295673898,1.3389121338912135e-05,0.3243572516348652,4.894552038552245e-08,0.1286688639418224,8.393462469733656,0.0026657297574632067,-13.217186394420297,0.2153259361997226,-1.1676300578034682,-0.5354607505941128,0.23373287814301064,0.28471640707614043,-0.12519809825673534,1.470935960591133,-0.33051181102362204,23.806605143349326,0.5960583646786225,0.07542549373960537,Farm & Heavy Construction Machinery,Industrials,GENC
2022Q3,2022,Q3,2022-08-12,2022-06-30,-1015000.0,29647000.0,5080000.0,-0.0692,5679000.0,0.1915539515,181370000.0,166439000.0,168118000.0,14847000.0,14931000.0,48244000.0,152383000.0,148925280.0,129948280.0,11.354823304680039,11.323364989560181,0.002740254727904284,0.0029860789838919966,0.02485520728233953,11.354823304680039,-0.006098330319216049,5.023283300165278,-36.68110344827586,0.8947739412036841,0.0,0.4968078932095183,0.0,0.16346143243094227,7.823398666397252,-0.0055962948668467774,-48.086948659993546,0.19155395149593551,-3.31438127090301,-1.3852916037430858,0.2266846635401893,0.27949680408313954,-0.08284883720930232,-3.3120728929384966,0.4958775029446408,-1.4119878399354713,0.5603967509296859,0.08305391096925817,Farm & Heavy Construction Machinery,Industrials,GENC
2022Q2,2022,Q2,2022-05-13,2022-03-31,439000.0,30654000.0,3396000.0,0.0299,6192000.0,0.2019964768,186519000.0,167454000.0,173603000.0,18876000.0,19065000.0,47222000.0,153398000.0,150684240.0,128709240.0,11.42406876790831,9.197022674295402,0.0031953849205710945,0.0035591864034301957,0.015267839756809787,11.42406876790831,0.002621615488432644,4.91564689763163,85.81107061503417,0.8998545272134436,0.0,0.5180212612765237,0.0,0.16434786804561466,6.496344564526383,0.0023536476176689775,113.89587301587302,0.20199647680563712,2.5989304812834226,-0.8737998448570802,0.33594675642743876,0.31358351368140586,0.671255060728745,2.602189781021898,52.45454545454545,-0.9416225326176777,0.14020697781176866,0.10754521361287805,Farm & Heavy Construction Machinery,Industrials,GENC
2022Q1,2022,Q1,2022-02-11,2021-12-31,-274000.0,20106000.0,-66000.0,-0.0187,3705000.0,0.1842733512,183466000.0,167015000.0,170637000.0,15736000.0,16451000.0,45734000.0,152959000.0,168534010.0,148011010.0,11.426079222822741,10.843734112862228,0.003951685870951566,0.004340927461605245,-0.0003129613395659089,11.426079222822741,-0.0016405712061790857,8.382274445439172,-153.77190693430657,1.0090950513426937,0.0,0.3586172213233043,0.0,0.10958978775358923,7.723118962887646,-0.0014934647291596262,-84.94657762096774,0.1842733512384363,0.25255745257452566,-1.1933697020891831,0.25324725136348103,0.3509090845304991,0.07484769364664925,0.25745257452574527,0.9065155807365439,-1.87084778741371,-0.062153122596620106,0.16586754506077145,Farm & Heavy Construction Machinery,Industrials,GENC
2021Q4,2021,Q4,2021-12-17,2021-09-30,-369000.0,20043000.0,-706000.0,-0.025018645331886906,3447000.0,0.17198024247867086,179462000.0,167289000.0,166823000.0,11387000.0,12173000.0,41888000.0,153233000.0,162102530.0,139655530.0,11.444824519395224,14.650302977079125,0.004374185064247585,0.004692478286079778,-0.001424552297800494,11.444824519395224,-0.002205763678424762,8.087737863593274,-109.82556233062331,0.9689969454058546,0.0,0.3961993888464477,0.0,0.11168381050027304,10.77834372530078,-0.002056145590710011,-35.86339159292035,0.17198024247867086,-1.1563665333242932,-1.2098711818406784,0.3286161640729418,0.3646100197515249,-0.3850133809099019,-1.1580299785867239,-1.5753871230643848,-1.0969638027355277,-0.032776901940424076,0.16654637418377952,Farm & Heavy Construction Machinery,Industrials,GENC
2021Q3,2021,Q3,2021-08-11,2021-06-30,2335000.0,24919000.0,1227000.0,0.16,5605000.0,0.2249287692122477,181273000.0,167450000.0,168074000.0,12129000.0,13823000.0,40832000.0,153602000.0,177742720.0,151092720.0,11.455839091468837,13.857201747876989,0.0049317879662167,0.005338907136458644,0.005799619057853747,11.455839091468837,0.013944461033144222,7.132819133994141,19.030269807280515,1.0614674231113765,0.0,0.47301136363636365,0.0,0.13746669388160399,10.389067524115756,0.01288112405046532,-94.89734116390817,0.2249287692122477,0.0,0.08304276477493547,0.23012564058602003,0.3884705992953846,-0.0880247315327042,0.02054195804195804,-0.009685230024213076,-0.1368263190628709,0.024376006583625605,0.20176640568653512,Farm & Heavy Construction Machinery,Industrials,GENC
2021Q2,2021,Q2,2021-05-14,2021-03-31,2288000.0,21352000.0,1239000.0,0.16,6146000.0,0.28784188834769575,179220000.0,165115000.0,165914000.0,12269000.0,14105000.0,38104000.0,151267000.0,191763000.0,163347000.0,11.546503496503497,13.523025511451626,0.0055853141390469815,0.006062441328770857,0.00593117396793863,11.546503496503497,0.013857008751476245,8.98103222180592,20.953125,1.1613905459831027,0.0,0.3990657148855763,0.0,0.11913848900792322,10.319178417148912,0.012766432317821671,40.1093913407237,0.28784188834769575,0.4545454545454546,0.4055460122699387,-0.03159843327249788,0.42447365372098517,1.0617242536061724,0.475177304964539,2.171077504725898,-0.3843995749202975,-0.2985905242702414,0.23493566438730956,Farm & Heavy Construction Machinery,Industrials,GENC
2021Q1,2021,Q1,2021-02-12,2020-12-31,1551000.0,18964000.0,-1058000.0,0.11,2981000.0,0.1571925754060325,173312000.0,162771000.0,160066000.0,8727000.0,10541000.0,35473000.0,148979000.0,179653800.0,156802800.0,11.14411885526496,18.341469004239716,0.006381554652880354,0.006794822173482992,-0.005129564085895458,11.14411885526496,0.00952872440422434,9.473412782113478,28.957736943907157,1.1037211788340675,0.0,0.4505680376624475,0.0,0.10942115952732644,14.149077575340897,0.00894917836041359,64.78680129823296,0.1571925754060325,3.5697760000000005,-0.03539719489055381,0.40110025725866005,0.3946110514959614,0.5607329842931937,3.4816,0.3912543153049482,-0.34557374557560167,-0.1881393840858644,0.22480346037918028,Farm & Heavy Construction Machinery,Industrials,GENC
2020Q4,2020,Q4,2020-12-18,2020-09-30,-625000.0,10457000.0,-1738000.0,-0.04280528730908842,1910000.0,0.18265276848044373,171094000.0,161220000.0,161758000.0,8514000.0,9874000.0,27090000.0,147428000.0,161049030.0,126407030.0,11.041709471953975,18.999060371153394,0.0055057453797327785,0.005842947525120953,-0.0065614395988754124,11.041709471953975,-0.0038766902369433073,15.401073921774888,-64.419612,0.9989395236323036,0.0,0.31550387596899226,0.0,0.06111844950728839,15.677589852008456,-0.003652962698867289,9.462340188014101,0.18265276848044373,-1.1476044389968567,0.7186729357088144,0.23992959977491216,0.39866223622963937,-0.6453110492107706,-1.1446089773253123,-1.8629592850049652,-1.603718058032197,-0.4442203572121249,0.2333469057551099,Farm & Heavy Construction Machinery,Industrials,GENC
2020Q3,2020,Q3,2020-08-06,2020-06-30,4322000.0,22940000.0,2014000.0,0.29,5385000.0,0.23474280732345248,170567000.0,161827000.0,162123000.0,7434000.0,8740000.0,24562000.0,148053000.0,184556640.0,165992640.0,11.083281966988562,21.808313155770783,0.0,0.0,0.009953547774609228,11.083281966988562,0.0267075333535195,8.04518918918919,10.675418787598336,1.140456413330285,0.0,0.7147219281817442,0.0,0.1344926040793354,18.282485875706215,0.02533901633962021,-666.2694584837545,0.23474280732345248,8.249999999999998,14.892577910772408,1.0510078133187393,0.37940976750601,-0.2661488143908422,7.598473282442748,-0.5073385518590998,0.6470257219154708,-0.04712109583220094,0.2488986816438845,Farm & Heavy Construction Machinery,Industrials,GENC
2020Q2,2020,Q2,2020-05-04,2020-03-31,-655000.0,25993000.0,4088000.0,-0.04,7338000.0,0.28230677490093486,169707000.0,157384000.0,161378000.0,11814000.0,12323000.0,27063000.0,143731000.0,153153000.0,134415000.0,10.790072672425614,13.659895039783308,0.0,0.0,0.020773405869730782,10.790072672425614,-0.00416179535403853,5.892086330935252,-58.45534351145038,0.9731167081787221,0.0,0.6893175183830322,0.0,0.1531639826288839,11.18765871000508,-0.0038595932990389318,34.847098976109216,0.28230677490093486,-1.2352941176470589,-1.5415467754622167,0.8500086688068367,0.3468371869572704,0.6986111111111111,-1.263157894736842,2.4880546075085324,-1.1892235459542324,0.13840530714365398,0.2406841959616182,Farm & Heavy Construction Machinery,Industrials,GENC
2020Q1,2020,Q1,2020-01-31,2019-12-31,2489000.0,18030000.0,1172000.0,0.17,4320000.0,0.23960066555740434,171795000.0,158022000.0,163765000.0,12058000.0,13773000.0,25691000.0,144386000.0,170218620.0,155875620.0,10.833813245577952,13.581439708077625,0.0,0.0,0.005933827856551969,10.833813245577952,0.01575097138373138,9.44085524126456,17.097089192446767,1.0771830504613282,0.0,0.5336499163131058,0.0,0.10495066794726272,11.330237186929839,0.014488198143135714,42.12289532293987,0.23960066555740434,118.71285714285716,3.223108806714968,1.807363460555388,0.3672011103282965,0.5243472124206069,119.52380952380952,3.1465201465201464,0.760292342197988,0.12623455199793854,0.2808852842823628,Farm & Heavy Construction Machinery,Industrials,GENC
2019Q4,2019,Q4,2019-12-11,2019-09-30,-21000.0,14484000.0,-546000.0,-0.0014441922838869404,2834000.0,0.19566418116542392,165372000.0,155515000.0,156930000.0,6485000.0,9857000.0,25366000.0,141897000.0,168821010.0,158519010.0,10.694931572794168,24.198920585967617,0.0,0.0,0.0013911174011607202,10.694931572794168,-0.00013503520560717615,11.655689726594863,-2009.7739285714285,1.08556094267434,0.0,0.45927619648348184,0.0,0.08758435527175096,20.21048573631457,-0.00012698643059284523,46.43042079207921,0.19566418116542392,-1.0084952487287469,0.9616038487205701,1.8963411134272903,0.33734651250083064,-0.4033684210526316,-1.0085924713584289,-1.390557939914163,-1.0120063143322562,-0.03486226949188155,0.2751974274537034,Farm & Heavy Construction Machinery,Industrials,GENC
2019Q3,2019,Q3,2019-08-02,2019-06-30,2444000.0,18848000.0,1398000.0,0.17,4750000.0,0.25201612903225806,162500000.0,152449000.0,154146000.0,7718000.0,10051000.0,19995000.0,139080000.0,190923330.0,184488330.0,10.484079499346675,19.97227260948432,0.0,0.0,0.007336223917506838,10.484079499346675,0.01603159089269198,10.129633382852292,19.529800531914894,1.2523750893741514,0.0,0.7050762690672668,0.0,0.1159876923076923,17.259134490800726,0.01504,-37.065294117647056,0.25201612903225806,-0.6666666666666666,0.4429511792045245,0.7546035841922593,0.30568575003203535,-0.520734537382706,-0.6723860589812333,-0.7886301784094345,0.13952509711065908,-0.06470609002801848,0.2706913940820633,Farm & Heavy Construction Machinery,Industrials,GENC
2019Q2,2019,Q2,2019-05-03,2019-03-31,7460000.0,26670000.0,6614000.0,0.51,9911000.0,0.3716160479940008,160651000.0,149987000.0,152232000.0,8462000.0,10664000.0,20139000.0,136636000.0,182925780.0,171339780.0,10.314765146826215,17.990073268730796,0.0,0.0,0.03527772406941935,10.314765146826215,0.049737643929140526,6.858859392575928,6.130220509383378,1.2196108996112998,0.0,0.8321664432196236,0.0,0.16601203851827875,15.500709052233514,0.046436063267580034,25.000106601066012,0.3716160479940008,24.5,2.853003430485752,0.8008246483088086,0.30423605995144776,1.0156599552572707,22.833865814696484,2.3003992015968064,3.506814030815342,0.18954726096027338,0.27251606518135707,Farm & Heavy Construction Machinery,Industrials,GENC
2019Q1,2019,Q1,2019-02-01,2018-12-31,313000.0,21327000.0,2004000.0,0.02,4917000.0,0.2305528203685469,153561000.0,142509000.0,145344000.0,9179000.0,11052000.0,20229000.0,129176000.0,159514770.0,155245770.0,9.80049515164019,15.834404619239569,0.0,0.0,0.011257008777962227,9.80049515164019,0.002196352511069476,7.479475312983542,127.40796325878594,1.1193312001347284,0.0,0.8112116268723121,0.0,0.1388829194912771,13.458219849656825,0.002038277948176946,-42.61682340368688,0.2305528203685469,-0.9231804929764114,-0.31094773615226834,1.0900086205098285,0.26130554455772786,-0.22591309823677583,-0.9170421415319374,-0.42364106988783434,-0.8044678921014798,0.5827271671077341,0.22646563861374328,Farm & Heavy Construction Machinery,Industrials,GENC
2018Q4,2018,Q4,2018-12-13,2018-09-30,3773000.0,20545000.0,3477000.0,0.26035053822798787,6352000.0,0.3091749817473838,153023000.0,142179000.0,145081000.0,8486000.0,10844000.0,18214000.0,128863000.0,169266560.0,161254560.0,9.810861164780569,17.096511901956163,0.0,0.0,0.01992852012347104,9.810861164780569,0.026536971001343376,8.238820150888294,11.215648025443944,1.19051730564992,0.0,0.7792357527176897,0.0,0.13426086274612314,14.725783643648361,0.02465642419766963,-9.87322445170322,0.3091749817473838,0.4463918790443771,0.6630982703718044,1.674444909533816,0.26842526215789636,-0.00997506234413965,0.40678598061148397,0.006076388888888889,2.7110889147275694,1.45442824943493,0.2427496893415556,Farm & Heavy Construction Machinery,Industrials,GENC
2018Q3,2018,Q3,2018-08-02,2018-06-30,2682000.0,24118000.0,3456000.0,0.18,6416000.0,0.26602537523841113,148024000.0,138145000.0,139945000.0,9360000.0,9879000.0,16244000.0,125091000.0,234045799.99999997,209134799.99999997,9.532500690035882,14.95138888888889,0.0,0.0,0.020016739009744784,9.532500690035882,0.01941438343769228,9.704196036155567,21.816349739000742,1.6942039161750333,0.0,1.0897562176803743,0.0,0.16293303788574826,13.113888888888889,0.018118683456736746,117.78852541519878,0.26602537523841113,-0.30769230769230776,0.061555026494161946,0.2712782698729226,0.25857041986075074,-0.2684150513112885,-0.28746014877789583,-0.3211549793753683,8.936252876878921,1.1725484362298355,0.18640169940258688,Farm & Heavy Construction Machinery,Industrials,GENC
2018Q2,2018,Q2,2018-05-03,2018-03-31,3764000.0,30829000.0,5091000.0,0.26,8770000.0,0.2844724123390314,147340000.0,135405000.0,139504000.0,11301000.0,11935000.0,15076000.0,122409000.0,233160200.00000003,210277200.00000003,9.34988261289877,12.344394301389258,0.0,0.0,0.029743602781865042,9.34988261289877,0.027798087219822014,7.563015342696812,15.486198193411266,1.721946752335586,0.0,1.463186521623773,0.0,0.20923713859101398,10.941067162198035,0.02554635536853536,-113.57048222113981,0.2844724123390314,0.625,0.24646244046505422,0.7135141222410639,0.2642611147723728,0.7253590399370451,0.6044330775788577,2.0106445890005915,2.1343822200532254,1.209960241167843,0.16706995207905417,Farm & Heavy Construction Machinery,Industrials,GENC
2018Q1,2018,Q1,2018-02-02,2017-12-31,2346000.0,23122000.0,1691000.0,0.16,5083000.0,0.21983392440100338,145851000.0,131549000.0,138422000.0,13427000.0,14302000.0,16925000.0,118645000.0,239279900.0,214416900.0,9.098699681837045,10.309227675579058,0.0,0.0,0.014032907058562302,9.098699681837045,0.017833658940774922,10.348581437591903,25.498710571184997,1.8189412310241813,0.0,1.0658197932053175,0.0,0.15853165216556622,8.955611826915916,0.016084908571075963,143.8844858689116,0.21983392440100338,1.2566111655239962,3.373596698407371,3.6144978183958374,0.26675705147481144,0.3880393227744402,1.2977473065621938,1.0178997613365155,3.113935923636852,2.6320874956156635,0.14823396209352901,Farm & Heavy Construction Machinery,Industrials,GENC
2017Q4,2017,Q4,2017-12-06,2017-09-30,1021000.0,18556000.0,838000.0,0.07090277777777777,3662000.0,0.19734856650140117,142893000.0,128918000.0,137118000.0,12374000.0,13975000.0,16687000.0,116299000.0,254159999.99999997,231226999.99999997,8.952638888888888,11.081137869726847,0.0,0.0,0.004184591016505267,8.952638888888888,0.007919762950092307,13.696917439103254,62.233104799216456,1.9714857506321848,0.0,0.8925510876730389,0.0,0.1298594052892724,9.598432196541134,0.007145206553155158,-106.78991596638654,0.19734856650140117,-0.6060956790123457,3.8040968374884576,0.314764584673289,0.235422631129583,-0.45261584454409565,-0.6054868624420402,-0.7791249341064839,2.8850632371198013,2.7469451799049556,0.11948172031238585,Farm & Heavy Construction Machinery,Industrials,GENC
2017Q3,2017,Q3,2017-08-03,2017-06-30,2588000.0,23743000.0,3794000.0,0.18,6690000.0,0.28176725771806427,140943000.0,127792000.0,135659000.0,12829000.0,13151000.0,15321000.0,115278000.0,233280000.0,208061000.0,8.874444444444444,10.574401746044119,0.0,0.0,0.02064341591625887,8.874444444444444,0.020251658945786902,9.825211641325865,22.534775888717153,1.8254663828721671,0.0,1.1130474512107564,0.0,0.16845817103368027,9.247096422168525,0.01836203287853955,-125.75741239892183,0.28176725771806427,-0.21739130434782614,1.1525957774049218,0.024110119565532676,0.22095019208778216,0.004957187922487607,-0.24216691068814056,-0.06551724137931035,0.5429309480857888,1.2319327968458644,0.10522203225224899,Farm & Heavy Construction Machinery,Industrials,GENC
2017Q2,2017,Q2,2017-05-05,2017-03-31,3415000.0,22526000.0,4060000.0,0.23,6657000.0,0.2955251709136109,138606000.0,125148000.0,133499000.0,13034000.0,13458000.0,14598000.0,112690000.0,215130500.0,188094500.0,8.696872828353023,10.242366119380083,0.0,0.0,0.02271177264781885,8.696872828353023,0.02728769137341388,9.550319630649028,15.74893850658858,1.7190086937066513,0.0,1.0870667214686944,0.0,0.16251821710459866,9.023477059996932,0.024638183051238764,33.68783275916066,0.2955251709136109,1.3,0.22493966495773904,0.15564975605685918,0.2109784495761959,0.6040963855421687,1.4497847919655666,1.6295336787564767,0.7823162089811184,0.5369720536678083,0.09966392739829341,Farm & Heavy Construction Machinery,Industrials,GENC
2017Q1,2017,Q1,2017-02-03,2016-12-31,1394000.0,15783000.0,1544000.0,0.1,4150000.0,0.2629411392004055,133740000.0,121627000.0,128506000.0,11751000.0,12113000.0,12537000.0,109275000.0,225766000.0,205204000.0,8.45806675938804,10.935750148923496,0.0,0.0,0.008883635704566894,8.45806675938804,0.011461270934907545,14.304378128365963,40.48888091822094,1.8562161362197538,0.0,0.9278934354311239,0.0,0.11801256168685509,9.738149944685558,0.010423209211903693,96.77068152593228,0.2629411392004055,-0.1686484918793503,0.5817316113649912,1.2829182248558118,0.2109367046437865,0.13667488359353602,-0.191415313225058,0.49034749034749037,2.1031730043595678,0.5640234250334657,0.08853750089046668,Farm & Heavy Construction Machinery,Industrials,GENC
2016Q4,2016,Q4,2016-12-02,2016-09-30,1724000.0,14792000.0,1036000.0,0.120286063143206,3651000.0,0.24682260681449433,128712000.0,120205000.0,123420000.0,8191000.0,8507000.0,11634000.0,107881000.0,171703350.0,153484350.0,8.38688295831153,15.067757294591624,0.0,0.0,0.010901308454989296,8.38688295831153,0.01434216546732665,11.607852217414818,24.89897766821346,1.428421030739154,0.0,0.9576242049166237,0.0,0.11492323948039034,13.452325723354901,0.013394244514885948,24.132586085734363,0.24682260681449433,-0.17986961522901534,1.3883591414508258,0.21123885489571595,0.21195080917634504,-0.29120559114735,-0.18448438978240303,-0.6290726817042607,-0.2316223161093727,0.9469768326911187,0.08432216463047151,Farm & Heavy Construction Machinery,Industrials,GENC
2016Q3,2016,Q3,2016-08-09,2016-06-30,2114000.0,19863000.0,2793000.0,0.146667,5151000.0,0.259326385742335,125894000.0,118253000.0,119804000.0,7641000.0,7641000.0,11557000.0,106157000.0,148294077.75,137406077.75,8.250688993546136,15.679099594293941,0.0,0.0,0.014877905614118985,8.250688993546136,0.017876924898311247,7.46584492523788,17.537142591059602,1.2540407241253921,0.0,1.2729947218136195,0.0,0.15777558898756097,14.099725166862976,0.01679190430044323,-23.471680555555555,0.259326385742335,0.2941243944835131,0.9319393756091006,-0.1402961484063871,0.14170183436741643,-0.05329902591435398,0.2969325153374233,-0.027506963788300837,-0.15395182024350368,0.05864548659320493,0.08933358080971181,Farm & Heavy Construction Machinery,Industrials,GENC
2016Q2,2016,Q2,2016-05-10,2016-03-31,1630000.0,22078000.0,2872000.0,0.113333,5441000.0,0.24644442431379654,127104000.0,116067000.0,120489000.0,11037000.0,11037000.0,13845000.0,104044000.0,139562997.3,122419997.30000001,8.105803477896501,10.916825224245718,0.0,0.0,0.015590744411253687,8.105803477896501,0.014043612740916884,6.3213605081982065,21.405367684049082,1.2024347773268889,0.0,1.2016612495485735,0.0,0.17370027693857,9.61221346380357,0.012824144008056395,20.88016117594255,0.24644442431379654,0.06249355470764159,-0.3366453306652642,0.3160304637501371,0.13364049463116992,0.657830591102986,0.03492063492063492,1.5757847533632288,-0.4540749278232776,0.2410915919912354,0.09604072750107351,Farm & Heavy Construction Machinery,Industrials,GENC
2016Q1,2016,Q1,2016-02-10,2015-12-31,1575000.0,13258000.0,1115000.0,0.106667,3282000.0,0.24754864987177552,123915000.0,114325000.0,116769000.0,9590000.0,9590000.0,15071000.0,102413000.0,107778923.1,97420923.1,7.990843642971972,12.176120959332637,0.0,0.0,0.00733563202978489,7.990843642971972,0.0137765143232014,8.129350060340926,17.10776557142857,0.94274150973103,0.0,0.6619335146971004,0.0,0.10699269660654481,10.50636079249218,0.012710325626437478,-135.7417167506297,0.24754864987177552,1.7010422275655777,0.422350607097687,0.6994476072655599,0.1450436065069237,1.9095744680851063,1.7248044178554993,2.110557768924303,2.610345718076787,1.673847943120934,0.11251694043424802,Farm & Heavy Construction Machinery,Industrials,GENC
2015Q4,2015,Q4,2015-12-09,2015-09-30,-2173000.0,8249000.0,-1004000.0,-0.15215488569127894,1128000.0,0.1367438477391199,120144000.0,112745000.0,112366000.0,7399000.0,7399000.0,12770000.0,100838000.0,86070316.05,74918316.05,7.894478871267024,15.18664684416813,0.0,0.0,-0.004695626378290687,7.894478871267024,-0.019273581977027807,10.434030312765183,-9.902245288771283,0.7634069453190828,0.0,0.5576350822239624,0.0,0.06865927553602344,13.350317610487904,-0.018086629378079637,58.2737414014895,0.1367438477391199,-8.607744284563946,-2.054845122871305,0.0654580972006688,0.15150518734181187,-0.5298040850354314,-9.169172932330827,-3.9101449275362317,-5.017493914167283,-0.4106767099095634,0.08940145800385951,Farm & Heavy Construction Machinery,Industrials,GENC
2015Q3,2015,Q3,2015-08-05,2015-06-30,266000.0,10940000.0,345000.0,0.02,2399000.0,0.2192870201096892,119085000.0,114749000.0,112363000.0,4186000.0,4336000.0,13152000.0,103012000.0,92068546.05,82500546.05,8.034800266078493,26.842570473005257,0.0,0.0,0.0018951315913542017,8.034800266078493,0.0023181029900042702,8.41577203382084,86.53058839285714,0.8023472627212438,0.0,0.6494069343065694,0.0,0.09186715371373388,23.606784519827997,0.002233698618633749,-195.47462006369426,0.2192870201096892,-0.75,1.169845364534822,-0.1320606797548323,0.1971606658436272,-0.339664189375172,-0.7753378378378378,-0.77,-0.7769159519507919,-0.5242080882667486,0.10543155570676721,Farm & Heavy Construction Machinery,Industrials,GENC
2015Q2,2015,Q2,2015-05-08,2015-03-31,1184000.0,13754000.0,1500000.0,0.08,3633000.0,0.264141340700887,122833000.0,114391000.0,116097000.0,8052000.0,8442000.0,13351000.0,102746000.0,95284714.05,85274714.05,8.011415764961306,14.418405365126677,0.0,0.0,0.00820597090469517,8.011415764961306,0.010350464634455507,6.927782030681983,20.119238608530406,0.8329738707590632,0.0,0.7580705565126208,0.0,0.11197316681999137,12.64903129657228,0.009639103498245585,21.74953527733394,0.264141340700887,2.0,-0.5564940710489064,-0.42226850638933777,0.16960392048982523,9.530434782608696,2.0802919708029197,1.9179926560587515,-0.571990015478424,-0.28886937792410855,0.11553336853844677,Farm & Heavy Construction Machinery,Industrials,GENC
2015Q1,2015,Q1,2015-02-06,2014-12-31,-1096000.0,6287000.0,-1634000.0,-0.08,345000.0,0.05487513917607762,117367000.0,113144000.0,110548000.0,3774000.0,4223000.0,13304000.0,101563000.0,89479075.95,83850075.95,7.924081661238926,29.291997880233176,0.0,0.0,-0.009101888184992224,7.924081661238926,-0.00968677084069858,14.232396365516145,-20.410373163777376,0.7908424304426218,0.0,0.44663259170174385,0.0,0.05356701628225992,25.364334923158452,-0.009338229655695383,-57.21168539002558,0.05487513917607762,-1.126927374301676,-3.94117404289166,-0.42646033943618494,0.18931745146122944,0.078125,-1.0409683426443204,0.0012224938875305623,-2.2524398421202707,-0.08415799366792125,0.1344863557075054,Farm & Heavy Construction Machinery,Industrials,GENC
2014Q4,2014,Q4,2014-12-09,2014-09-30,-537000.0,4910000.0,-1636000.0,-0.03761294389577642,320000.0,0.06517311608961303,117828000.0,114175000.0,110619000.0,2960000.0,3653000.0,13673000.0,102657000.0,93467235.9,86274235.9,7.997128248231421,37.37128378378378,0.0,0.0,-0.00364673419555289,7.997128248231421,-0.004703306328005255,19.036096924643587,-43.51361075418995,0.8186313632581563,0.0,0.3356980911285014,0.0,0.04167091014020437,32.465202702702705,-0.004557490579488746,-36.5820884148728,0.06517311608961303,-1.3318798928447708,0.5287924895698105,-0.524953813166198,0.19748892255597766,-0.8597106532222709,-1.3229104028863499,-5.397849462365591,0.878561736770692,-0.5963830661734485,0.15562910555774861,Farm & Heavy Construction Machinery,Industrials,GENC
2014Q3,2014,Q3,2014-08-05,2014-06-30,1663000.0,10547000.0,372000.0,0.113333,2281000.0,0.21627002939224424,119590000.0,114638000.0,112129000.0,3601000.0,4952000.0,12615000.0,103195000.0,104793180.0,95056180.0,8.029558030398544,31.138294918078312,0.0,0.0,0.0020441024632479473,8.029558030398544,0.014506533610146723,9.935828197591732,15.753634996993386,0.9141225422634728,0.0,0.6552516845025763,0.0,0.08819299272514425,27.46153846153846,0.013905844970315244,30.821523529411763,0.21627002939224424,-0.15000037500093752,3.3071408655433663,-0.08752179715355338,0.18814354342143294,-0.3818428184281843,-0.1251972645975802,-0.7956043956043956,0.5256880733944955,-0.5417336519661091,0.11110249575963183,Farm & Heavy Construction Machinery,Industrials,GENC
2014Q2,2014,Q2,2014-05-09,2014-03-31,1901000.0,14541000.0,1820000.0,0.133333,3690000.0,0.25376521559727666,119280000.0,112912000.0,111226000.0,5310000.0,6368000.0,12747000.0,101532000.0,98321415.9,92669415.9,7.90866428521398,20.946516007532956,0.0,0.0,0.01021050939658912,7.90866428521398,0.016836120164375797,6.761668103981845,12.930223027354025,0.8707791545628455,0.0,0.8512591197928925,0.0,0.12190643863179075,18.470809792843692,0.015937290409121396,151.26371676923077,0.25376521559727666,3.000030000300003,6.680396595177496,-0.047344641453393385,0.16349689493993705,1.4086161879895562,3.2623318385650224,4.1271477663230245,-0.2240816326530612,-0.13068691337358765,0.10606951138278284,Farm & Heavy Construction Machinery,Industrials,GENC
2014Q1,2014,Q1,2014-02-07,2013-12-31,446000.0,10019000.0,-582000.0,0.033333,1532000.0,0.15290947200319394,115809000.0,110934000.0,107735000.0,4171000.0,4875000.0,14031000.0,99630000.0,90801720.0,85799720.0,7.770119773061568,25.829537281227523,0.0,0.0,-0.0026559338991573905,7.770119773061568,0.0040204085311987305,9.062952390458129,50.897825112107626,0.8185202012007139,0.0,0.6048749198203976,0.0,0.0865131380117262,22.269479741069286,0.0038511687347270074,-19.934515916575194,0.15290947200319394,-0.7870714805369128,2.365004743802811,-0.47461056462510665,0.13860736639154966,0.1875968992248062,-0.8004474272930648,-193.0,-0.5963800904977375,0.28696210661528593,0.11341509926330369,Farm & Heavy Construction Machinery,Industrials,GENC
2013Q4,2013,Q4,2013-12-13,2013-09-30,2235000.0,7568000.0,-3000.0,0.15654549275057786,1290000.0,0.17045454545454544,116948000.0,110428000.0,108791000.0,6036000.0,6520000.0,14126000.0,99184000.0,81664440.0,72107440.0,7.734678153673741,18.023691186216038,0.0,0.0,-5.664020157120004e-05,7.734678153673741,0.020239432028108812,10.790755813953488,9.134724832214765,0.7395265693483536,0.0,0.4444287130114682,0.0,0.06471252180456272,15.55168986083499,0.019111057906077915,76.60829268292683,0.17045454545454544,-0.09685118961433847,15.843827719983816,-0.6450354487729782,0.12627975175143158,-0.7404426559356136,-0.10204901566894335,-1.0011181513231457,0.08528391175346352,-0.02219318744002588,0.12819632069586484,Farm & Heavy Construction Machinery,Industrials,GENC
2013Q3,2013,Q3,2013-08-13,2013-06-30,2489000.0,18690000.0,2683000.0,0.173333,4970000.0,0.26591760299625467,116913000.0,108135000.0,108472000.0,6110000.0,8778000.0,11894000.0,96950000.0,67672980.0,59181980.0,7.574070182811515,17.7531914893617,0.0,0.0,0.01836883341479396,7.574070182811515,0.023017524390807786,3.620812199036918,6.797205705102451,0.625819392426134,0.0,1.153522784597276,0.0,0.15986246183059197,15.437152209492636,0.02128933480451276,32.33300525561395,0.26591760299625467,-0.1612932882366319,2.680207063937113,-0.21049973248143658,0.10328292479062864,0.1488673139158576,-0.16392341283170977,0.4210805084745763,2.5897682643519144,0.4832631514495365,0.12851329254342114,Farm & Heavy Construction Machinery,Industrials,GENC
2013Q2,2013,Q2,2013-05-14,2013-03-31,2977000.0,17737000.0,1888000.0,0.206667,4326000.0,0.24389693860292044,116142000.0,105586000.0,107861000.0,8934000.0,10556000.0,13515000.0,94460000.0,69481875.89999999,63083875.89999999,7.395531274077187,12.073091560331319,0.0,0.0,0.014348304262954897,7.395531274077187,0.028195025855700568,3.917340920110503,5.834890485387975,0.6580595524027807,0.0,0.9923048464668887,0.0,0.15271822424273734,10.366689053055742,0.02563241549138124,32.99234373219373,0.24389693860292044,4.099989500052499,1.23411278624658,-0.28497343691253824,0.0640495355785617,9.37410071942446,4.050204918032787,1.9487437185929648,0.11524988885653485,-0.2548858428547828,0.07968961117917553,Farm & Heavy Construction Machinery,Industrials,GENC
2013Q1,2013,Q1,2013-02-11,2012-12-31,-976000.0,4948000.0,-1990000.0,-0.066667,417000.0,0.08427647534357316,111033000.0,102547000.0,103072000.0,8350000.0,8486000.0,15106000.0,91483000.0,71860424.1,67568424.1,7.182671429572039,12.343952095808383,0.0,0.0,-0.010458309356547379,7.182671429572039,-0.009517587057641861,14.523125323362974,-18.406870927254097,0.7007559860356714,0.0,0.29994704091089636,0.0,0.044563328019597774,10.41688622754491,-0.008790179496185819,77.18627722878624,0.08427647534357316,-1.6365782797783934,-1.0753989354467324,-0.7265038623710548,0.0719856871466006,-0.7205093833780161,-1.703601108033241,-0.4399421128798842,-3.4006318854501245,-0.5485649118591067,0.07803993503600411,Farm & Heavy Construction Machinery,Industrials,GENC
2012Q4,2012,Q4,2012-12-14,2012-09-30,-361000.0,13993000.0,-1382000.0,-0.025285424108706312,1492000.0,0.10662474094189953,110312000.0,103460000.0,102090000.0,5878000.0,6852000.0,11918000.0,92459000.0,70147184.1,66786184.099999994,7.246620438467465,17.368152432800272,0.0,0.0,-0.02152755723398967,7.246620438467465,-0.0034892712159288615,5.013019659829914,-48.57838234072022,0.6780126048714479,0.0,1.0489176036247692,0.0,0.12684930016679963,14.620959510037428,-0.0032725360794836466,-9.480630368968779,0.10662474094189953,-1.2917537714321057,-1.4242958410457884,-0.07395577941341965,0.24530518142272018,-0.7404766046268917,-1.3028523489932886,-1.5755935027072054,0.6832292155208596,0.3538332571008943,0.08510798272512764,Farm & Heavy Construction Machinery,Industrials,GENC
2012Q3,2012,Q3,2012-08-14,2012-06-30,1192000.0,22986000.0,2401000.0,0.086667,5749000.0,0.2501087618550422,114386000.0,103772000.0,105958000.0,10436000.0,10614000.0,11983000.0,92820000.0,71860424.1,61100424.099999994,7.2684737689990895,10.153123802223075,0.0,0.0,0.016175728359137893,7.2684737689990895,0.011486720888100837,3.1262692116940745,15.071397671979865,0.6924837538064217,0.0,1.4384544771759993,0.0,0.20095116535240326,8.47019931008049,0.010420855699124019,-26.207302735229757,0.2501087618550422,-0.5517216408993809,-0.7877349195864856,0.09406417298891771,0.26233469014796257,0.41392031480570585,-0.5690527838033261,1.4326241134751774,2.6537052986937413,0.9886435925503386,0.07552497241690301,Farm & Heavy Construction Machinery,Industrials,GENC
2012Q2,2012,Q2,2012-05-14,2012-03-31,2766000.0,19339000.0,987000.0,0.193333,4066000.0,0.21024872020269922,116954000.0,102533000.0,108285000.0,13909000.0,14421000.0,14657000.0,91628000.0,66626475.89999999,53124475.89999999,7.181690831407159,7.785246962398447,0.0,0.0,0.006383597178037958,7.181690831407159,0.02697668067841573,3.4451872330523807,6.021915753796095,0.6498051934499136,0.0,1.0420277000750495,0.0,0.16535560989790857,6.6132719821698185,0.023650324059031756,7.234145048859934,0.21024872020269922,2.2222166666666667,-0.7333878246113315,-0.261789275018971,0.34285517448025354,4.623789764868603,2.161142857142857,1.611903285802852,9.26511151092107,0.2669969038534369,0.05654693149423068,Farm & Heavy Construction Machinery,Industrials,GENC
2012Q1,2012,Q1,2012-02-13,2011-12-31,875000.0,6864000.0,-1613000.0,0.06,723000.0,0.10533216783216784,107497000.0,99721000.0,98786000.0,7776000.0,7776000.0,15524000.0,88862000.0,66055395.89999999,61763395.89999999,6.984730685718288,12.703960905349794,0.0,0.0,-0.011794364610596901,6.984730685718288,0.008774480801436007,9.623455113636362,18.872970257142857,0.662402060749491,0.0,0.39558103581551146,0.0,0.0638529447333414,10.200617283950617,0.008139762039870881,25.6326720605355,0.10533216783216784,1.193717774762551,-0.3871261469496393,-0.42361619892904273,0.5585380528603145,-0.519281914893617,1.1978742650384442,-0.16799420709630702,3.677980158805962,-0.6400565840489801,0.02351907606262933,Farm & Heavy Construction Machinery,Industrials,GENC
2011Q4,2011,Q4,2011-12-16,2011-09-30,-4422000.0,12165000.0,-1381000.0,-0.30972893465013657,1504000.0,0.12363337443485409,104375000.0,98799000.0,95424000.0,5576000.0,5576000.0,12878000.0,87987000.0,69005024.10000001,67290024.10000001,6.9201512922882955,17.113342898134864,0.0,0.0,-0.00947863211499196,6.9201512922882955,-0.044757538031761454,5.672422860665845,-3.901233836499322,0.6984384872316522,0.0,0.8278459388103743,0.0,0.11655089820359281,13.589311334289814,-0.04236646706586826,-97.46472330508476,0.12363337443485409,-5.223595579754497,-19.199713129356734,0.04655446782619276,0.9758374960136623,-0.6468654613759098,-5.056880733944954,-1.9543883897719418,-34.32590880437066,-0.42942074977844613,0.007672992296244464,Farm & Heavy Construction Machinery,Industrials,GENC
2011Q3,2011,Q3,2011-08-12,2011-06-30,1090000.0,23015000.0,1447000.0,0.073333,4259000.0,0.18505322615685424,113837000.0,103175000.0,105630000.0,9861000.0,10662000.0,13182000.0,92409000.0,73002584.1,70579584.1,7.226658261539539,10.711895345299665,0.0,0.0,0.010198091838303315,7.226658261539539,0.01056457475163557,3.1719567282207253,16.743711949541286,0.7075607860431306,0.0,1.4228493400091033,0.0,0.2021750397498177,8.645370652063685,0.009575094213656368,-20.30669933240612,0.18505322615685424,-0.5769241863926662,10.451985711283882,0.5337280049726151,1.0533844055582835,0.5921495327102804,-0.5551020408163265,10.457516339869281,0.6116615908764373,-0.027803710169088468,0.052676892451778846,Farm & Heavy Construction Machinery,Industrials,GENC
2011Q2,2011,Q2,2011-05-13,2011-03-31,2450000.0,16727000.0,-153000.0,0.173333,2675000.0,0.15992108566987506,116324000.0,102084000.0,107754000.0,13438000.0,14240000.0,16853000.0,91319000.0,74430284.10000001,68412284.10000001,7.150241647404917,8.018603958922458,0.0,0.0,-0.0037545767073092462,7.150241647404917,0.02399984326632969,4.4497090990613986,7.594926948979593,0.7291082255789351,0.0,0.833798136830238,0.0,0.14379663697947112,6.341717517487721,0.021061861696640417,17.9393309472162,0.15992108566987506,1.1666624999999997,-0.7799939995660998,-0.20615842875353968,0.6776858619328473,1.7407786885245902,1.2171945701357465,0.907608695652174,0.8386215405791471,-0.32568927548266496,0.028757910992005493,Farm & Heavy Construction Machinery,Industrials,GENC
2011Q1,2011,Q1,2011-02-15,2010-12-31,1105000.0,7785000.0,-1656000.0,0.08,976000.0,0.12536929993577392,110573000.0,99634000.0,102500000.0,8414000.0,10939000.0,18022000.0,88869000.0,69005024.10000001,67136024.10000001,6.978636968550816,12.18207748989779,0.0,0.0,-0.012162926908511644,6.978636968550816,0.01109059156512837,8.863843815028902,15.611996402714935,0.6925851024750588,0.0,0.37781600266341137,0.0,0.07040597614245793,9.48775849774186,0.009993398026643032,-60.79737806167402,0.12536929993577392,-0.44538350217076694,4.8047909224627015,-0.3614902808822673,0.84605714270496,6.392265193370166,-0.46695610226724554,0.4317089910775566,-0.9146354265690172,-0.5696913032656956,0.04153433989453035,Farm & Heavy Construction Machinery,Industrials,GENC
2010Q4,2010,Q4,2010-12-22,2010-09-30,2073000.0,7791000.0,-2914000.0,0.14424381588560692,-181000.0,-0.02323193428314722,107227000.0,98528000.0,99096000.0,6174000.0,8699000.0,17341000.0,87763000.0,68408340.0,65404340.0,6.85579097519396,16.050534499514093,0.0,0.0,-0.0404951775203653,6.85579097519396,0.02103970444949659,8.780431266846362,8.24992040520984,0.6943035482299448,0.0,0.4597197393460585,0.0,0.07265893851362064,12.68383543893748,0.01933281729415166,124.83273722627737,-0.02323193428314722,2.3522815480477273,-0.6311471581383162,-0.13135315076809354,0.759433087830471,-1.120026525198939,2.3153553299492384,-0.919631093544137,1.4204478799216298,-0.48778893484486535,0.17814256958181557,Farm & Heavy Construction Machinery,Industrials,GENC
2010Q3,2010,Q3,2010-08-13,2010-06-30,-1576000.0,12684000.0,-1518000.0,-0.106667,1508000.0,0.11888994008199306,103640000.0,96455000.0,95645000.0,7185000.0,7185000.0,18478000.0,85690000.0,72633561.0,70177561.0,6.7115471593083535,13.311760612386918,0.0,0.0,-0.011660998767375388,6.7115471593083535,-0.01633922554559121,5.72639238410596,-11.52182122461929,0.7530305427401379,0.0,0.6048273622686438,0.0,0.12238517946738711,10.443145441892833,-0.015206483983018139,-8.24912674616695,0.11888994008199306,-1.5714293367333272,-1.1890715220617434,-0.2152729755300225,0.918914020595873,-0.7566564466677425,-1.5845697329376855,-1.5552304316020482,-1.2788003872100324,-0.4002496807285832,0.165611801461536,Farm & Heavy Construction Machinery,Industrials,GENC
2010Q2,2010,Q2,2010-05-10,2010-03-31,2696000.0,24042000.0,2734000.0,0.186667,6197000.0,0.25775725813160305,112326000.0,98769000.0,103902000.0,13557000.0,13557000.0,20526000.0,87266000.0,71328940.64999999,60067940.64999999,6.8496827213148865,7.664084974551892,0.0,0.0,0.022424069137233184,6.8496827213148865,0.027296013931496724,2.966847211130521,6.614330549888725,0.722179435349148,0.0,0.8693851700282569,0.0,0.21403771166070187,5.538024636719038,0.024001566867866746,13.372504808773902,0.25775725813160305,15.000375009375237,-0.8689469380929834,0.3800286278371001,1.643891804238742,2.8088506453595574,13.035714285714286,3.0236861584011843,-0.742703162207441,-0.09133523464685568,0.2807752522066486,Farm & Heavy Construction Machinery,Industrials,GENC
2010Q1,2010,Q1,2010-02-16,2009-12-31,-224000.0,11070000.0,-1351000.0,-0.013333,1627000.0,0.14697380307136404,106446000.0,96073000.0,98026000.0,9657000.0,10373000.0,21101000.0,84570000.0,71809110.0,65882110.0,6.6627136863275425,10.150771461116289,0.0,0.0,-0.008848140640245824,6.6627136863275425,-0.0023315603759641104,6.486821138211382,-80.14409598214286,0.7474431942377151,0.0,0.44751433581346856,0.0,0.10399639253706104,7.423941182561872,-0.002104353381057062,34.40781504551988,0.14697380307136404,0.8329668171155518,0.4174555289711849,0.08745624893891013,4.682954678234944,14.79611650485437,0.8053866203301477,0.7018976169461606,-1.1553451922743507,-0.07961640129436005,0.4866847818036993,Farm & Heavy Construction Machinery,Industrials,GENC
2009Q4,2009,Q4,2009-12-29,2009-09-30,-1151000.0,10439000.0,-4532000.0,-0.07982246263740074,103000.0,0.009866845483283839,105601000.0,96297000.0,96950000.0,6851000.0,9304000.0,22240000.0,84794000.0,82671319.35,79780319.35,6.6782482055549774,14.151218800175156,0.007443111334172972,0.00816224804511044,-0.01714594734801907,6.6782482055549774,-0.011952604961732971,7.9194673196666345,-17.956411674630754,0.8585035811084457,0.0,0.46474820143884893,0.0,0.09885323055652882,9.763246241424609,-0.010899517996988664,163.3820540513834,0.009866845483283839,-0.4966805287045683,-36.98448222055621,-0.11227005089869364,5.025881079943683,-0.9471794871794872,-0.5810439560439561,-6.405228758169935,-4.2058127807000485,-0.11080834433838269,0.9067694700440904,Farm & Heavy Construction Machinery,Industrials,GENC
2009Q3,2009,Q3,2009-08-10,2009-06-30,-728000.0,11674000.0,-612000.0,-0.053333,1950000.0,0.16703786191536749,105684000.0,97448000.0,96523000.0,7960000.0,8236000.0,28459000.0,85945000.0,65367919.349999994,62274919.349999994,6.758070668192379,12.126005025125629,0.006888459937171189,0.007470651013874066,-0.005036776463063639,6.758070668192379,-0.007470651013874066,5.599444864656501,-22.44777450206044,0.6707979573721369,0.0,0.34168452862012016,0.0,0.11046137542106657,8.427763819095478,-0.006888459937171189,-13.649596857381498,0.16703786191536749,-0.9999625004687441,-2.081868303339228,-0.09950399221534553,5.088351953326467,-0.050170482221139796,-1.1538461538461537,0.4046692607003891,-8.573078123374597,-0.22972852444741257,0.9202398147952268,Farm & Heavy Construction Machinery,Industrials,GENC
2009Q2,2009,Q2,2009-05-11,2009-03-31,-338000.0,15416000.0,-1028000.0,-0.026667,2053000.0,0.1331733264141152,108587000.0,98014000.0,99889000.0,10297000.0,10573000.0,32155000.0,86710000.0,65176139.99999999,56866139.99999999,6.797323069454558,9.70078663688453,0.0,0.0,-0.0064338377231712915,6.797323069454558,-0.003448486950843757,4.227824338349766,-48.20720414201183,0.6649676576815556,0.0,0.41558078059399783,0.0,0.14196911232467976,6.3933184422647376,-0.0031127114663817954,8.029584821978563,0.1331733264141152,-0.33335,-1.1758035992926246,-0.2453968921790576,5.05371364610537,-0.6007390120575652,-0.024242424242424242,-1.7327156094084106,-1.0300518975749207,-0.2756070068766007,0.5948793586231792,Farm & Heavy Construction Machinery,Industrials,GENC
2009Q1,2009,Q1,2009-02-06,2008-12-31,-330000.0,19260000.0,1403000.0,-0.02,5142000.0,0.26697819314641746,109875000.0,98402000.0,101020000.0,11197000.0,11473000.0,42886000.0,87010000.0,67194870.0,66954870.0,6.8242310759735085,9.022059480217916,0.0,0.0,0.008860804698632166,6.8242310759735085,-0.0033535903741793867,3.4888302180685358,-50.905204545454545,0.6828608158370765,0.0,0.32919833978454505,0.0,0.1752901023890785,5.088327230508172,-0.0030034129692832765,-18.6912016689847,0.26697819314641746,-3.1519402985074625,-2.14428378237803,0.38947747632016766,5.575527651105098,0.01942902458366376,-3.462686567164179,0.15854665565648224,-2.716425673567045,0.5640546952066863,0.8052121894350572,Farm & Heavy Construction Machinery,Industrials,GENC
2008Q4,2008,Q4,2008-12-12,2008-09-30,134000.0,21531000.0,1211000.0,0.009293938132889444,5044000.0,0.2342668710231759,110623000.0,99015000.0,101622000.0,11333000.0,11608000.0,35044000.0,87383000.0,77665440.60000001,73597440.60000001,6.867457344985435,8.966910791493868,0.0,0.0,0.006689318357247459,6.867457344985435,0.0013533303034893704,3.6071450745436815,144.89821007462686,0.7843805544614453,0.0,0.4704657002625271,0.0,0.19463402728184917,5.78584664254831,0.0012113213346229988,-12.144713150899141,0.2342668710231759,-0.8008456053980448,1.4461090303786934,1.6026023056075605,6.189343877691153,0.04973985431841831,-0.8038067349926794,0.336644591611479,-0.9762340210472413,1.3928271258402112,0.7624270818276998,Farm & Heavy Construction Machinery,Industrials,GENC
2008Q3,2008,Q3,2008-08-11,2008-06-30,683000.0,23907000.0,906000.0,0.046667,4805000.0,0.20098715857280294,114371000.0,98980000.0,105763000.0,13643000.0,15391000.0,30388000.0,87246000.0,100349280.0,89749280.0,6.865029823831322,7.752180605438687,0.0,0.0,0.006573867326860157,6.865029823831322,0.006900383915942615,4.197485255364538,36.73106881405563,1.0138339058395636,0.0,0.628603396077399,0.0,0.20903026116760368,5.474089276552078,0.005971793549064011,13.638119054090785,0.20098715857280294,-0.49999464283801015,-0.7267037997375075,0.5485630933598461,6.050369071389827,-0.30683785343335257,-0.4825757575757576,-0.738150289017341,-0.9183252734847723,0.4742954844098117,0.9627966053234589,Farm & Heavy Construction Machinery,Industrials,GENC
2008Q2,2008,Q2,2008-05-09,2008-03-31,1320000.0,24573000.0,3460000.0,0.093333,6932000.0,0.2820982379033899,116834000.0,98298000.0,108635000.0,15188000.0,18536000.0,40437000.0,86566000.0,162265241.2181,158991241.2181,6.9503637065693304,7.152686331314196,0.0,0.0,0.021660977529866014,6.9503637065693304,0.013428553988890923,6.603395646363896,30.732053261003788,1.6507481456194428,0.0,0.4362588718253085,0.0,0.21032404950613692,4.423689755069792,0.011298081038053992,-47.26630970524323,0.2820982379033899,-0.8970592290223423,-0.6666666741810561,0.09058583979578416,7.665559676877361,0.5848193872885231,-0.8993135011441648,1.720125786163522,-0.9345794385915227,0.4380988356950494,1.6827534044890098,Farm & Heavy Construction Machinery,Industrials,GENC
2008Q1,2008,Q1,2008-02-11,2007-12-31,13110000.0,18323000.0,1272000.0,0.906667,4374000.0,0.238716367407084,128165000.0,96884000.0,120094000.0,26332000.0,31281000.0,39307000.0,85246000.0,98806504.51470001,92160504.51470001,6.700342659136423,4.560762570256722,0.0,0.0,0.008249342836962216,6.700342659136423,0.13531646092234012,5.392485101495389,1.8841820082894738,1.0198433643811158,0.0,0.35487317780547994,0.0,0.14296414777825459,3.006569952909008,0.10229001677525065,-7.813879360593121,0.238716367407084,14.214102625275059,6.555555655720048,0.24978316612760026,11.61957342530694,0.2507863883328567,14.27972027972028,17.98507462686567,34.99999958504958,0.7949646815675778,4.715050271281397,Farm & Heavy Construction Machinery,Industrials,GENC
2007Q4,2007,Q4,2007-12-19,2007-09-30,858000.0,15238000.0,67000.0,0.05959385330382627,3497000.0,0.22949205932537078,104227000.0,83781000.0,96392000.0,14048000.0,20446000.0,34694000.0,72136000.0,95023270.3116114,91316270.3116114,5.819152242013833,6.861617312072893,0.0,0.0,0.00045290166571711427,5.819152242013833,0.01024098542628997,6.235941088831304,27.687433074478847,1.1341863944284671,0.0,0.3384158644145962,0.0,0.14620012088998052,4.295629271070615,0.00823203200706151,-25.98394047350599,0.22949205932537078,-0.848490075066607,0.3449621938294736,-0.20266492796496305,12.517577446037798,-0.3746423462088698,-0.8484901995408793,-0.9718959731543624,29.358454330786294,0.297819587553343,4.250706220726487,Farm & Heavy Construction Machinery,Industrials,GENC
2007Q3,2007,Q3,2007-08-10,2007-06-30,5663000.0,21187000.0,2384000.0,0.393333,5592000.0,0.2639354321045924,105606000.0,82900000.0,97859000.0,16263000.0,22706000.0,29713000.0,71278000.0,89264284.2321198,81890284.2321198,5.757960884483913,6.017278484904384,0.0,0.0,0.018185811782407548,5.757960884483913,0.06831121833534379,4.213162988253164,3.9406800385007856,1.0767706179990326,0.0,0.5248544408171507,0.0,0.2006230706588641,4.082518600504212,0.05362384712989792,-49.371838623960066,0.2639354321045924,-0.4537041666666667,7.428571210278926,0.01385898136794031,14.592892751904918,-0.27639751552795033,-0.46020398436755316,-0.4196689386562804,7.428571210278926,0.6368012592038808,4.187352148183705,Farm & Heavy Construction Machinery,Industrials,GENC
2007Q2,2007,Q2,2007-05-15,2007-03-31,10491000.0,26491000.0,4108000.0,0.72,7728000.0,0.29172171680948245,99055000.0,77211000.0,91218000.0,17801000.0,21844000.0,31853000.0,65615000.0,89510411.9551836,85085411.9551836,5.348075479685888,5.124318858491096,0.0,0.0,0.033797888327785644,5.348075479685888,0.1358744220383106,3.378898945120365,2.133028594871404,1.1592961100773673,0.0,0.5890496970458041,0.0,0.2674372823179042,3.232009437672041,0.10591085760436121,-9.013232499766751,0.29172171680948245,6.199999999999999,3.5416666551223797,0.06129645499080478,18.021732277665677,1.5479723046488625,6.074173971679029,19.17699115044248,4.449999986146856,0.29513128012585454,3.763009964505619,Farm & Heavy Construction Machinery,Industrials,GENC
2007Q1,2007,Q1,2007-02-09,2006-12-31,1483000.0,12370000.0,-226000.0,0.1,3033000.0,0.24518997574777687,87956000.0,66462000.0,79971000.0,17451000.0,21494000.0,29300000.0,55124000.0,,,,,,,,,,,,,,,,,,,,,,,,,,,,,,,Farm & Heavy Construction Machinery,Industrials,GENC
