Year,Date,FillingDate,NetIncome,Revenue,OperatingIncome,EPSDiluted,GrossProfit,GrossProfitRatio,TotalAssets,CommonStockEquity,CurrentAssets,CurrentLiability,TotalLiability,Inventory,RetainedEarnings,EnterpriseValue,bookValuePerShare,currentRatio,debtToAssets,debtToEquity,roic,shareholdersEquityPerShare,roe,priceToSalesRatio,peRatio,pbRatio,payoutRatio,inventoryTurnover,dividendYield,assetTurnover,quickRatio,returnOnAssets,priceToFreeCashFlowsRatio,grossProfitMargin,epsdilutedGrowth,fiveYNetIncomeGrowthPerShare,fiveYRevenueGrowthPerShare,fiveYShareholdersEquityGrowthPerShare,grossProfitGrowth,netIncomeGrowth,operatingIncomeGrowth,threeYNetIncomeGrowthPerShare,threeYRevenueGrowthPerShare,threeYShareholdersEquityGrowthPerShare,Industry,Sector,Price,MarketCap,AvgVolume,Symbol
2022,2022-09-30,2022-12-16,-372000.0,103479000.0,8353000.0,-0.0254,20544000.0,0.1985330357,179313000.0,166917000.0,162479000.0,12390000.0,12396000.0,55815000.0,152861000.0,122883580.0,11.387433483422022,13.113720742534301,0.0022084288367268407,0.00237243660022646,0.010943899440025533,11.387433483422022,-0.0022286525638490987,1.276283883686545,-355.023064516129,0.7912230629594349,-1.7204301075268818e-05,1.485890889545821,4.8459671482800835e-08,0.57708587776681,8.393462469733656,-0.0020745846648040018,-9.674645080946451,0.19853303568840056,-1.0651282051282052,-1.0434011401994459,0.26078547817593245,0.27161057747826867,0.1301573330399384,-1.0640826873385012,10.91583452211127,-1.03621856475945,0.26306271197846925,0.0654827162477821,Farm & Heavy Construction Machinery,Industrials,14.6994,215459395,55529,GENC
2021,2021-09-30,2021-12-17,5805000.0,85278000.0,701000.0,0.39,18178000.0,0.2131616595,179462000.0,167289000.0,166823000.0,11387000.0,12173000.0,41888000.0,153233000.0,139622260.0,11.447173942794581,14.650302977079125,0.004374185064247585,0.004692478286079778,0.00363262495302602,11.447173942794581,0.03470042859960906,1.9004814840873379,27.91890783807063,0.9687980680140356,0.0,1.601890756302521,0.0,0.4751869476546567,10.77834372530078,0.032346680634340416,139.59453919035315,0.21316165951359084,0.026315789473684233,-0.19156923410185858,0.19506934122873812,0.36503299609847795,-0.040890624175592256,0.049538962212981374,-0.8733742774566474,-0.5418227526848495,-0.14245354948309447,0.16678584586316594,Farm & Heavy Construction Machinery,Industrials,14.6994,215459395,55529,GENC
2020,2020-09-30,2020-12-18,5531000.0,77420000.0,5536000.0,0.38,18953000.0,0.2448075433,171094000.0,161220000.0,161758000.0,8514000.0,9874000.0,27090000.0,147428000.0,126340850.0,11.046248715313464,18.999060371153394,0.0055057453797327785,0.005842947525120953,0.0280991806403754,11.046248715313464,0.034307157920853495,2.0793444846292948,29.105559573314046,0.9985290286564942,0.0,2.158250276854928,0.0,0.45249979543408886,15.677589852008456,0.032327258699895965,6.393536280233528,0.24480754327047274,-0.4492753623188405,3.975680481296264,0.9313020244013811,0.39938418910658746,-0.1543369623416027,-0.4575323656335818,-0.41541710665258713,-0.3519142450015143,-0.05264498206912839,0.23351119708382567,Farm & Heavy Construction Machinery,Industrials,14.6994,215459395,55529,GENC
2019,2019-09-30,2019-12-11,10196000.0,81329000.0,9470000.0,0.69,22412000.0,0.2755720592,165372000.0,155515000.0,156930000.0,6485000.0,9857000.0,25366000.0,141897000.0,158635110.0,10.687581609511374,24.198920585967617,0.0,0.0,0.048415454344648334,10.687581609511374,0.06556280744622706,2.077206285580789,16.568959395841507,1.086307494453911,0.0,2.322676023022944,0.0,0.49179425779454805,20.21048573631457,0.06165493553926904,82.04813501699854,0.27557205916708677,-0.1882352941176471,1.8805085078302093,0.9940912319329092,0.3364274371709559,-0.158108260395928,-0.18847500795924865,-0.3095151294203427,0.4260892226944114,0.14466339080573418,0.27445443027108735,Farm & Heavy Construction Machinery,Industrials,14.6994,215459395,55529,GENC
2018,2018-09-30,2018-12-13,12564000.0,98614000.0,13715000.0,0.85,26621000.0,0.2699515281805829,153023000.0,142179000.0,145081000.0,8486000.0,10844000.0,18214000.0,128863000.0,161254560.0,9.810861164780569,17.096511901956163,0.0,0.0,0.08139969065027568,9.810861164780569,0.08836748042959931,1.716455675664713,13.472346386501114,1.19051730564992,0.0,3.952618864609641,0.0,0.644439071250727,14.725783643648361,0.08210530443136,-10.887409789670032,0.2699515281805829,0.4912280701754387,0.8405358167100525,0.9849822289853937,0.26842526215789636,0.2581407438914883,0.4925160370634355,0.3398788589292692,7.807479457870787,1.4774869628423326,0.2428802165644673,Farm & Heavy Construction Machinery,Industrials,14.6994,215459395,55529,GENC
2017,2017-09-30,2017-12-06,8418000.0,80608000.0,10236000.0,0.57,21159000.0,0.2624925565700675,142893000.0,128918000.0,137118000.0,12374000.0,13975000.0,16687000.0,116299000.0,231156399.99999997,8.955126424006668,11.081137869726847,0.0,0.0,0.054884494619722994,8.955126424006668,0.06529732077754852,3.1521610758237393,30.18405797101449,1.9709381157014536,0.0,3.5625936357643675,0.0,0.5641144072837718,9.598432196541134,0.05891121328546535,56.66578947368421,0.2624925565700675,0.18749999999999994,0.8668191534519875,0.2652603487603509,0.23576589943498164,0.20736091298145506,0.19522930569359648,0.30962128966223135,1.4038051408687844,0.9976929643745531,0.1197927738606805,Farm & Heavy Construction Machinery,Industrials,14.6994,215459395,55529,GENC
2016,2016-09-30,2016-12-02,7043000.0,69991000.0,7816000.0,0.48,17525000.0,0.2503893357717421,128712000.0,120205000.0,123420000.0,8191000.0,8507000.0,11634000.0,107881000.0,153502320.0,8.386005302078972,15.067757294591624,0.0,0.0,0.04871826941032474,8.386005302078972,0.05859157272991972,2.4534771613493165,24.38184296464575,1.428570525352523,0.0,4.509712910434932,0.0,0.543779911740941,13.452325723354901,0.05471906271365529,25.679874383131448,0.2503893357717421,4.7894637119376,30.316933452430785,0.16787302558042683,0.21182398301381083,1.334798827604583,4.871907641561298,10.84382871536524,0.043121649567954744,0.4243646005137984,0.0842086943327914,Farm & Heavy Construction Machinery,Industrials,14.6994,215459395,55529,GENC
2015,2015-09-30,2015-12-09,-1819000.0,39230000.0,-794000.0,-0.126667,7506000.0,0.1913331633953607,120144000.0,112745000.0,112366000.0,7399000.0,7399000.0,12770000.0,100838000.0,74927356.1,7.8936497934607575,15.18664684416813,0.0,0.0,-0.0036125775546727505,7.8936497934607575,-0.016133753159785356,2.194222689268417,-47.32235079714129,0.7634871267018493,0.0,2.484259984338293,0.0,0.3265248368624317,13.350317610487904,-0.015140165135171128,22.51617998953701,0.1913331633953607,-1.5277791666666667,-1.6164603726712115,-0.2898865555894985,0.15138425632024682,-0.04052153905151477,-1.5237546789519147,-29.53846153846154,-1.4065822618104238,-0.3793561414825254,0.08928704911307979,Farm & Heavy Construction Machinery,Industrials,14.6994,215459395,55529,GENC
2014,2014-09-30,2014-12-09,3473000.0,40017000.0,-26000.0,0.24,7823000.0,0.19549191593572732,117828000.0,114175000.0,110619000.0,2960000.0,3653000.0,13673000.0,102657000.0,86274235.9,7.997128248231421,37.37128378378378,0.0,0.0,-0.00017921451594312662,7.997128248231421,0.030418217648346835,2.335688230002249,26.912535531241005,0.8186313632581563,0.0,2.3545673955971624,0.0,0.3396221611162033,32.465202702702705,0.029475167192857386,-30.544848333333334,0.19549191593572732,-0.49295738940661227,2.375015413655564,-0.2883056011364453,0.19748892255597766,-0.2890120876124693,-0.4835687732342007,-1.0100853374709078,14.504464285714286,-0.32960865777658643,0.15562910555774861,Farm & Heavy Construction Machinery,Industrials,14.6994,215459395,55529,GENC
2013,2013-09-30,2013-12-13,6725000.0,48943000.0,2578000.0,0.473333,11003000.0,0.224812537032875,116948000.0,110428000.0,108791000.0,6036000.0,6520000.0,14126000.0,99184000.0,72107440.0,7.734678153673741,18.023691186216038,0.0,0.0,0.024790569693913515,7.734678153673741,0.06089940957003658,1.6685622050139959,12.143411152416355,0.7395265693483536,0.0,2.6858275520317147,0.0,0.4185022403119335,15.55168986083499,0.057504189896364195,13.180187217559716,0.224812537032875,0.5106388411051502,-0.5556251659219476,-0.4418383283981964,0.12362083163837051,-0.08536990856192851,0.5038014311270125,5.559796437659033,1.280065014465156,-0.11369644776853736,0.12819632069586484,Farm & Heavy Construction Machinery,Industrials,14.6994,215459395,55529,GENC
2012,2012-09-30,2012-12-14,4472000.0,63182000.0,393000.0,0.313333,12030000.0,0.19040232977746827,110312000.0,103460000.0,102090000.0,5878000.0,6852000.0,11918000.0,92459000.0,66786184.099999994,7.246620438467465,17.368152432800272,0.0,0.0,0.0024791597757858313,7.246620438467465,0.04322443456408274,1.1102400066474627,15.685864065295169,0.6780126048714479,0.0,4.291995301225038,0.0,0.5727572702879107,14.620959510037428,0.040539560519254475,42.61675826245443,0.19040232977746827,22.500562514062853,-0.7540070142024267,-0.14620342071682074,0.2563255697767094,0.2778840025493945,18.964285714285715,1.225473321858864,2.7705352519054656,0.12367932401222269,0.08510798272512764,Farm & Heavy Construction Machinery,Industrials,14.6994,215459395,55529,GENC
2011,2011-09-30,2011-12-16,224000.0,59692000.0,-1743000.0,0.013333,9414000.0,0.1577095758225558,104375000.0,98799000.0,95424000.0,5576000.0,5576000.0,12878000.0,87987000.0,67290024.10000001,6.9201512922882955,17.113342898134864,0.0,0.0,0.0015595031130507227,6.9201512922882955,0.0022672294253990423,1.1560179605307246,308.05814330357146,0.6984384872316522,0.0,3.904177667339649,0.0,0.5718994011976047,13.589311334289814,0.0021461077844311376,-53.533765787432124,0.1577095758225558,-0.9354855879264711,-0.9798851661263608,-0.0744758725562398,0.6306288283601359,0.02874002841219539,-0.9245537217918491,0.4283371597244998,-0.9851985185377719,-0.31925328440727263,0.005294078902446498,Farm & Heavy Construction Machinery,Industrials,14.6994,215459395,55529,GENC
2010,2010-09-30,2010-12-22,2969000.0,55587000.0,-3049000.0,0.206667,9151000.0,0.1646248223505496,107227000.0,98528000.0,99096000.0,6174000.0,8699000.0,17341000.0,87763000.0,65404340.0,6.85579097519396,16.050534499514093,0.0,0.0,-0.03894753837101034,6.85579097519396,0.030133566092887303,1.230653570079335,23.040868979454363,0.6943035482299448,0.0,2.6778155815696905,0.0,0.5184048793680696,12.68383543893748,0.02768892163354379,-81.82815789473685,0.1646248223505496,2.14815,-0.9114616707703238,0.07802722304699868,0.7883952225215567,-0.010488754325259515,2.1638573108584866,0.36066261270706645,-0.8377569930055822,-0.25377612897439067,0.1885685991582163,Farm & Heavy Construction Machinery,Industrials,14.6994,215459395,55529,GENC
2009,2009-09-30,2009-12-29,-2551000.0,56789000.0,-4769000.0,-0.18,9248000.0,0.16284843895824896,105601000.0,96297000.0,96950000.0,6851000.0,9304000.0,22240000.0,84794000.0,79780319.35,6.6782482055549774,14.151218800175156,0.007443111334172972,0.00816224804511044,-0.024508616721363986,6.6782482055549774,-0.026490960258367342,1.455762900385638,-32.407416444531556,0.8585035811084457,0.0,2.137634892086331,0.0,0.5377695286976449,9.763246241424609,-0.02415696821052831,345.90510188284514,0.16284843895824896,-1.169811320754717,-1.8845660390443497,-0.051650030587278545,4.685287801512083,-0.562866326337682,-1.1673116022824161,-1.6964077102803738,-1.226811801751218,-0.12818849909744662,0.5736280302220629,Farm & Heavy Construction Machinery,Industrials,14.6994,215459395,55529,GENC
2008,2008-09-30,2008-12-12,15247000.0,88343000.0,6848000.0,1.06,21156000.0,0.23947568001992234,110623000.0,99015000.0,101622000.0,11333000.0,11608000.0,35044000.0,87383000.0,73414088.10540001,6.883708396893707,8.966910791493868,0.0,0.0,0.043563637064280056,6.883708396893707,0.1539867696813614,0.8770597342788904,5.081792359506789,0.782528789631874,0.0,1.9172183540691703,0.0,0.7985952288402954,5.78584664254831,0.13782848051490196,-5.126171889209395,0.23947568001992234,-0.1675390490939919,0.8928572193339408,0.424445868914693,6.077671853273974,0.06579345088161209,-0.17561503108948365,0.08132006947734091,-0.545714267697877,0.7117967889962993,0.795677735038872,Farm & Heavy Construction Machinery,Industrials,14.6994,215459395,55529,GENC
TTM,,,,,,,,,,,,,,,,197538395.0,11.95702005730659,8.958173579644475,0.002767305892162028,0.0030867367315965447,0.06400177999585499,11.95702005730659,0.0460196019233743,1.9758759686368013,27.581132258064518,1.2293531272465854,8.19252432155658e-07,1.308496465683432,0.0,0.5577834953989064,5.6510979435343325,0.03995969247609938,-52.43596860550012,0.23438947223623274,,,,,,,,,,,Farm & Heavy Construction Machinery,Industrials,14.6994,215459395,55529,GENC
