Quarters,Year,Quarter,FillingDate,Date,NetIncome,Revenue,OperatingIncome,EPSDiluted,GrossProfit,GrossProfitRatio,TotalAssets,CommonStockEquity,CurrentAssets,CurrentLiability,TotalLiability,Inventory,RetainedEarnings,MarketCap,EnterpriseValue,bookValuePerShare,currentRatio,debtToAssets,debtToEquity,roic,shareholdersEquityPerShare,roe,priceToSalesRatio,peRatio,pbRatio,payoutRatio,inventoryTurnover,dividendYield,assetTurnover,quickRatio,returnOnAssets,priceToFreeCashFlowsRatio,grossProfitMargin,epsdilutedGrowth,fiveYNetIncomeGrowthPerShare,fiveYRevenueGrowthPerShare,fiveYShareholdersEquityGrowthPerShare,grossProfitGrowth,netIncomeGrowth,operatingIncomeGrowth,threeYNetIncomeGrowthPerShare,threeYRevenueGrowthPerShare,threeYShareholdersEquityGrowthPerShare,Industry,Sector,Symbol
2023Q3,2023,Q3,2023-04-13,2023-02-28,4132000.0,17206000.0,3793000.0,0.14,8875000.0,0.5158084389,84396000.0,68634000.0,76581000.0,9388000.0,15762000.0,21619000.0,-58417000.0,930231550.0,919435550.0,2.460617359194063,8.157328504473796,0.07573818664391678,0.0931316840050121,0.04639586657420339,2.460617359194063,0.06020339773290206,54.064369987213766,56.28216057599226,13.553509193694088,0.0,0.3853554743512651,0.0,0.20387222143229536,5.768427780144866,0.048959666334897387,-773.9031198003328,0.515808438916657,0.07692307692307698,11.112878118642524,0.8216188353913703,1.8583695959308706,0.12185564403994438,0.10926174496644295,0.08837876614060258,12.985391697280496,1.3347911625464173,2.433730287671715,Semiconductor Equipment & Materials,Technology,AEHR
2023Q2,2023,Q2,2023-01-13,2022-11-30,3725000.0,14815000.0,3485000.0,0.13,7911000.0,0.5339858252,67543000.0,56667000.0,65535000.0,10746000.0,10876000.0,17972000.0,-62549000.0,718984530.0,700726530.0,2.0547155444359837,6.098548297040759,0.009120116074204581,0.010870524291033582,0.05990156507026384,2.0547155444359837,0.06573490744172093,48.53084913938576,48.25399530201342,12.687887659484357,0.0,0.3841531270865791,0.0,0.21934175266126762,4.349525404801787,0.05515005255911049,-3423.735857142857,0.5339858251771853,5.5,47.7252529098227,0.4675438109095815,1.4542971116007322,0.7654541397009597,5.32427843803056,6.609170305676856,11.281368741647501,0.7835543309693149,1.9331231467764858,Semiconductor Equipment & Materials,Technology,AEHR
2023Q1,2023,Q1,2022-10-14,2022-08-31,589000.0,10671000.0,458000.0,0.02,4481000.0,0.4199231562,61578000.0,51518000.0,59329000.0,9899000.0,10060000.0,17233000.0,-66274000.0,396098680.0,360765680.0,1.8911239997063358,5.993433680169714,0.01321900678813862,0.015800302806785977,0.0084176890232414,1.8911239997063358,0.011432897239799681,37.11917158654297,168.12337860780983,7.688549244924103,0.0,0.35919456856032034,0.0,0.17329240962681478,4.168400848570562,0.009565104420409887,73.66536730518877,0.41992315621778653,-0.9,45.305752147419426,0.20362718993384876,1.3368452978139045,-0.5719335116545663,-0.8983431135657577,-0.9213058419243986,2.188789991526046,0.6076235023335039,1.8056738393657044,Semiconductor Equipment & Materials,Technology,AEHR
2022Q4,2022,Q4,2022-08-26,2022-05-31,5794000.0,20289000.0,5820000.0,0.2,10468000.0,0.5159446005,62328000.0,50989000.0,60007000.0,11014000.0,11339000.0,15051000.0,-66863000.0,226285140.00000003,195807140.00000003,1.8882716735177574,5.448247684764845,0.016140418431523553,0.019729745631410698,0.1096200530707904,1.8882716735177574,0.11363235207593794,11.15309478042289,9.763770279599587,4.437920728000157,0.0,0.6525147830708923,0.0,0.32551983057373896,4.026057744688578,0.0929598254396098,-234.49237305699484,0.5159446005224506,1.574002574002574,6.780401199307693,1.4078853326403973,1.4053479112430745,0.636392058777552,1.5831475702184574,1.566137566137566,43.09387845794912,1.345279549625665,1.7588147091435433,Semiconductor Equipment & Materials,Technology,AEHR
2022Q3,2022,Q3,2022-04-13,2022-02-28,2243000.0,15283000.0,2268000.0,0.0777,6397000.0,0.4185696526,57355000.0,43988000.0,55274000.0,12817000.0,13367000.0,14152000.0,-72657000.0,365445600.0,334618600.0,1.6370064381675413,4.312553639697277,0.02080027896434487,0.027121033009002454,0.04838895530516174,1.6370064381675413,0.05099117941256706,23.911902113459398,40.731787784217566,8.30784759479858,0.0,0.6278971170152629,0.0,0.2664632551651992,3.1647811500351097,0.03910731409641705,-120.92839179351422,0.4185696525551266,2.0711462450592886,1.5249566221086674,2.536842102925313,19.75450291796901,0.41557866784686875,2.1283124128312414,2.015957446808511,1.5856662336096148,3.038462062034234,1.4412700926165212,Semiconductor Equipment & Materials,Technology,AEHR
2022Q2,2022,Q2,2022-01-14,2021-11-30,717000.0,9611000.0,752000.0,0.0253,4519000.0,0.4701904068,58185000.0,40862000.0,56077000.0,16545000.0,17323000.0,13033000.0,-74900000.0,456491100.00000006,422839100.00000006,1.5593207403167335,3.3893623451193715,0.023700266391681706,0.03374773628309921,0.016459301399143186,1.5593207403167335,0.0175468650580001,47.49673291020706,159.16705020920503,11.171531006803388,0.0,0.390700529425305,0.0,0.1651800292171522,2.564037473556966,0.012322763598865687,139.85634191176473,0.47019040682551244,-0.15666666666666665,1.3020471930629602,0.39440920135249474,5.829057963534678,0.9811486190267427,0.03017241379310345,1.75730110775428,1.9697780342044457,0.3832843090592244,0.9418778116758606,Semiconductor Equipment & Materials,Technology,AEHR
2022Q1,2022,Q1,2021-10-14,2021-08-31,696000.0,5646000.0,-993000.0,0.03,2281000.0,0.40400283386468294,24001000.0,14232000.0,21699000.0,8760000.0,9769000.0,10146000.0,-75617000.0,179032540.0,174065540.0,0.5930247093628901,2.477054794520548,0.06512228657139287,0.10982293423271501,-0.055377062373471626,0.5930247093628901,0.048903878583473864,31.70962451292951,64.30766522988506,12.579577009555932,0.0,0.33165779617583285,0.0,0.2352401983250698,1.2321917808219178,0.02899879171701179,98.64051790633609,0.40400283386468294,0.4999999999999999,1.5115352212523203,-0.4108772490065987,12.060658339755753,-0.3545557441992077,0.2275132275132275,-2.6522462562396005,1.4247767749398799,0.1013533791756091,-0.2745345222579783,Semiconductor Equipment & Materials,Technology,AEHR
2021Q4,2021,Q4,2021-08-27,2021-05-31,567000.0,7638000.0,601000.0,0.02,3534000.0,0.4626865671641791,21665000.0,11449000.0,19184000.0,9061000.0,10216000.0,8849000.0,-76313000.0,59384089.99999999,59625089.99999999,0.48391732533074094,2.1172056064452045,0.22261712439418416,0.42125949864616996,0.03335923623445826,0.48391732533074094,0.0495239758930911,7.774821942916993,26.18346119929453,5.186836404926194,0.0,0.46378121821674767,0.0,0.35255019616893607,1.0797925173821874,0.02617124394184168,-280.1136320754717,0.4626865671641791,1.6666666666666667,1.1044334738404675,1.7366136224349742,10.166894767325003,0.8658922914466737,1.7714285714285714,1.9217791411042944,1.7645658681409,-0.021451770798246908,-0.44770005547722275,Semiconductor Equipment & Materials,Technology,AEHR
2021Q3,2021,Q3,2021-04-13,2021-02-28,-735000.0,5267000.0,-652000.0,-0.03,1894000.0,0.35959749382950446,18891000.0,10485000.0,16369000.0,6911000.0,8406000.0,8339000.0,-76880000.0,72692250.0,72940250.0,0.4456960680127524,2.368542902619013,0.26393520724154357,0.4755364806866953,-0.039338439127044884,0.4456960680127524,-0.07010014306151645,13.801452439719005,-24.725255102040816,6.932975679542203,0.0,0.404484950233841,0.0,0.27881001535122546,1.0792938793228186,-0.03890741622995077,-272.2556179775281,0.35959749382950446,0.625,0.8617520785147215,0.7574723346495087,1.866215456433743,4.023872679045093,0.626144455747711,0.6646090534979424,-3.5547003546311005,-0.33884010393839825,-0.48225835070477757,Semiconductor Equipment & Materials,Technology,AEHR
2021Q2,2021,Q2,2021-01-14,2020-11-30,-1966000.0,1683000.0,-1944000.0,-0.08,377000.0,0.22400475341651813,17111000.0,10792000.0,14368000.0,4483000.0,6319000.0,9057000.0,-76167000.0,38603400.0,38899400.0,0.4612754316977261,3.2049966540263215,0.21886505756530886,0.34701630837657527,-0.11732598342180893,0.4612754316977261,-0.18217197924388437,22.937254901960785,-4.908875890132248,3.577038547071905,0.0,0.1441978580103787,0.0,0.098357781544036,1.0881106401962972,-0.11489684997954532,-12.677635467980295,0.22400475341651813,-18.536168347216133,-0.04622372976916528,-0.7968370661651565,0.2578311040317514,0.6607929515418502,-19.373831775700936,0.1111111111111111,-31.31434860659942,-0.8034783338530604,-0.4490201026931581,Semiconductor Equipment & Materials,Technology,AEHR
2021Q1,2021,Q1,2020-10-14,2020-08-31,107000.0,2012000.0,-2187000.0,0.004562,227000.0,0.11282306163021869,18691000.0,12321000.0,15970000.0,4173000.0,6370000.0,8102000.0,-74201000.0,41381440.0,38850440.0,0.5299810736407433,3.8269829858614903,0.2023433738162752,0.3069556042529015,0.11901296275952983,0.5299810736407433,0.008684360035711387,20.56731610337972,96.68560747663551,3.3586105023942863,0.0,0.22031597136509504,0.0,0.10764539082981114,1.7802540138988736,0.005724680327430314,69.43194630872483,0.11282306163021869,1.0350923076923078,-0.7970652731154403,-0.8308632804195253,0.2717779817854417,3.4408602150537635,1.0370883882149047,0.23020063357972545,8.857273743977977,-0.7340694461861423,-0.34510704741727444,Semiconductor Equipment & Materials,Technology,AEHR
2020Q4,2020,Q4,2020-08-28,2020-05-31,-2885000.0,3773000.0,-2841000.0,-0.13,-93000.0,-0.024648820567187913,20574000.0,14077000.0,17651000.0,3865000.0,6518000.0,7989000.0,-74286000.0,37587800.0,36096800.0,0.6104509973980919,4.566882276843467,0.19160104986876642,0.28003125665979967,-0.1405621604935625,0.6104509973980919,-0.20494423527740285,9.962311158229525,-3.257175043327556,2.67015699367763,0.0,0.48391538365252224,0.0,0.18338679887236317,2.367399741267788,-0.14022552736463498,-26.925358166189113,-0.024648820567187913,-14.000000000000002,0.14643139179257778,0.16664612905349527,0.7323284324149445,-1.0310932798395185,-12.775510204081632,-12.141176470588235,-2.3703734310821645,-0.47565796193082366,-0.22238571276542346,Semiconductor Equipment & Materials,Technology,AEHR
2020Q3,2020,Q3,2020-04-14,2020-02-29,245000.0,6111000.0,255000.0,0.01,2991000.0,0.4894452626411389,21688000.0,16575000.0,18485000.0,3327000.0,5133000.0,9330000.0,-71401000.0,48573000.0,45931000.0,0.7166018158236057,5.556056507363992,0.11139800811508668,0.14576168929110106,0.011268099977400673,0.7166018158236057,0.01478129713423831,7.948453608247423,49.56428571428572,2.930497737556561,0.0,0.33440514469453375,0.0,0.2817687200295094,2.5755936278929967,0.011296569531538177,-123.91071428571429,0.4894452626411389,0.0,1.0777975912257736,0.6523399092792056,0.5329667936543789,-0.06589631480324797,-0.02390438247011952,0.02,1.0666144467749323,0.6429620749560607,8.085312147080726,Semiconductor Equipment & Materials,Technology,AEHR
2020Q2,2020,Q2,2020-01-14,2019-11-30,251000.0,6874000.0,250000.0,0.01,3202000.0,0.4658132091940646,24300000.0,15988000.0,20867000.0,6344000.0,8332000.0,9800000.0,-71646000.0,43135470.0,40376470.0,0.7005214038469965,3.289249684741488,0.10465020576131687,0.15905679259444583,0.011586002853018583,0.7005214038469965,0.01569927445584188,6.275162932790224,42.963615537848604,2.697990367775832,0.0,0.3746938775510204,0.0,0.282880658436214,1.6603089533417403,0.010329218106995885,-271.2922641509434,0.4658132091940646,1.5,1.0609918516114571,0.35033310213632557,0.09330576926280437,0.4099515631880229,1.6077481840193704,1.5827505827505828,1.1214061826133779,0.14509791588946885,2.0679392301266413,Semiconductor Equipment & Materials,Technology,AEHR
2020Q1,2020,Q1,2019-10-15,2019-08-31,-413000.0,5533000.0,-429000.0,-0.02,2271000.0,0.410446412434484,22025000.0,15306000.0,18293000.0,4540000.0,6739000.0,9217000.0,-71897000.0,30428720.0,27854720.0,0.6740355821736833,4.029295154185022,0.12222474460839955,0.17587874036325624,-0.02104032500359228,0.6740355821736833,-0.026982882529726904,5.499497560093982,-18.419322033898307,1.9880256108715537,0.0,0.35391125094933273,0.0,0.2512145289443814,1.883920704845815,-0.018751418842224744,-126.78633333333333,0.410446412434484,-5.130524576621231,0.7715844160434597,-0.21992260566808883,0.15544609729728023,-0.3279076649896419,-4.754545454545455,-4.487804878048781,0.6792027665950793,-0.3898454539317713,13.571613232222607,Semiconductor Equipment & Materials,Technology,AEHR
2019Q4,2019,Q4,2019-08-28,2019-05-31,110000.0,7242000.0,123000.0,0.004842,3379000.0,0.4665838166252416,21307000.0,15472000.0,20034000.0,5512000.0,5854000.0,9061000.0,-71484000.0,39558750.0,34130750.0,0.6844503428445035,3.6346153846153846,0.0,0.0,0.007538646007916414,0.6844503428445035,0.007109617373319545,5.462406793703397,89.90625,2.5567961478800414,0.0,0.42633263436706764,0.0,0.33988829961984324,1.8662917271407837,0.005162622612287042,-44.298712206047036,0.4665838166252416,1.0345857142857144,-0.7680725651284244,-0.32041845688463155,0.10589700075769343,11.422794117647058,1.034364261168385,1.0394736842105263,1.0212051438835175,1.7157152047077566,13.965611971067215,Semiconductor Equipment & Materials,Technology,AEHR
2019Q3,2019,Q3,2019-04-12,2019-02-28,-3201000.0,3163000.0,-3116000.0,-0.14,272000.0,0.08599430920012646,25451000.0,15060000.0,24220000.0,10019000.0,10410000.0,9189000.0,-71594000.0,32677845.0,26487845.0,0.6705552339819226,2.4174069268390057,0.2400691524890967,0.40571049136786186,-0.1470975117652897,0.6705552339819226,-0.21254980079681274,10.33128201074929,-2.552159090909091,2.1698436254980082,0.0,0.3146153009032539,0.0,0.12427802443911831,1.421698772332568,-0.12577108954461513,-17.59711631663974,0.08599430920012646,-3.6666666666666674,-8.383135474537669,-0.7244042260011805,0.1535146584569978,-0.8865721434528774,-4.089030206677266,-4.5150442477876105,0.36933872778819,0.10551232255381529,3.3122565218065603,Semiconductor Equipment & Materials,Technology,AEHR
2019Q2,2019,Q2,2019-01-14,2018-11-30,-629000.0,5911000.0,-565000.0,-0.03,2398000.0,0.40568431737438676,29901000.0,17902000.0,28541000.0,11618000.0,12017000.0,9983000.0,-68393000.0,41912720.0,34020720.0,0.8029963218803265,2.456619039421587,0.20434099194006888,0.3413026477488549,-0.02426280029384215,0.8029963218803265,-0.03513573902357278,7.090631026899002,-16.658473767885532,2.341231147357837,0.0,0.351898226985876,0.0,0.1976856961305642,1.5381304871750732,-0.02103608574964048,-20.90409975062344,0.40568431737438676,0.5714285714285715,-3.2253946759266836,-0.4211943966442935,0.4848012070908298,0.5441081777205409,0.5848184818481849,0.6081830790568654,0.6487265597768064,-0.2511843110389805,1.1896543381179732,Semiconductor Equipment & Materials,Technology,AEHR
2019Q1,2019,Q1,2018-10-12,2018-08-31,-1515000.0,4740000.0,-1442000.0,-0.07,1553000.0,0.32763713080168777,29888000.0,18139000.0,28448000.0,11264000.0,11768000.0,9585000.0,-67764000.0,56140699.99999999,46386699.99999999,0.8174402884182064,2.5255681818181817,0.20442987152034262,0.3368432658911737,-0.059623792301136465,0.8174402884182064,-0.08352169358840068,11.844029535864978,-9.264141914191418,3.0950272892662216,0.0,0.33249869587897757,0.0,0.15859207708779444,1.6100852272727273,-0.05068923982869379,-53.21393364928909,0.32763713080168777,-8.0,-3.3740600074927927,-0.39452571367075007,0.7136758264000838,-0.5086997785510914,-8.93193717277487,-6.791164658634538,-4.010325942003661,-0.5825383712760708,0.9615843129887467,Semiconductor Equipment & Materials,Technology,AEHR
2018Q4,2018,Q4,2018-08-28,2018-05-31,191000.0,7269000.0,249000.0,0.01,3161000.0,0.434860365937543,30955000.0,19305000.0,29456000.0,11148000.0,11670000.0,9049000.0,-66249000.0,57285800.0,46547800.0,0.8761857214178732,2.6422676713311803,0.19738329833629462,0.3164983164983165,0.009403499891746754,0.8761857214178732,0.009893809893809894,7.880836428669693,74.98141361256545,2.9674074074074075,0.0,0.45397281467565476,0.0,0.23482474559844937,1.767491926803014,0.0061702471329349055,35.123114653586754,0.434860365937543,0.0,1.1079541535046802,0.07560935782658991,0.8584433879695016,-0.004722921914357683,-0.2846441947565543,-0.18892508143322476,1.0591441306939111,1.3524081564422046,1.4864263368519899,Semiconductor Equipment & Materials,Technology,AEHR
2018Q3,2018,Q3,2018-04-12,2018-02-28,267000.0,7393000.0,307000.0,0.01,3176000.0,0.4295955633707561,31972000.0,18794000.0,30443000.0,6591000.0,13198000.0,9368000.0,-66440000.0,49995280.0,47028280.0,0.8608464639061928,4.618874222424518,0.19110471662704867,0.3251037565180377,0.018701130523026605,0.8608464639061928,0.014206661700542727,6.762515893412687,46.812059925093635,2.660172395445355,0.0,0.45014944491887277,0.0,0.2312335793819592,2.9943862843271125,0.00835105717502815,-45.95154411764706,0.4295955633707561,2.8138825324180012,1.0785371682296685,-0.05071691995269262,0.7702845248305915,0.014372404982433726,3.45,0.6417112299465241,1.08982421648599,1.1178242905459335,0.8415373984034434,Semiconductor Equipment & Materials,Technology,AEHR
2018Q2,2018,Q2,2018-01-12,2017-11-30,60000.0,7923000.0,187000.0,0.002622,3131000.0,0.3951785939669317,31001000.0,18121000.0,29741000.0,6538000.0,12899000.0,8225000.0,-66707000.0,55194749.99999999,51345749.99999999,0.8371910371910372,4.548944631385745,0.1970904164381794,0.33717785994150434,0.006173909454830589,0.8371910371910372,0.0033110755477070803,6.966395304808784,229.97812499999998,3.0458997847800893,0.0,0.5826139817629179,0.0,0.25557240089029387,2.9700214132762315,0.0019354214380181284,34.60485893416927,0.3951785939669317,5.027586206896552,1.0317874547221033,-0.32643458959248434,0.3270626633503742,0.07299520219328307,5.0,0.0872093023255814,1.0153732074261874,0.641104295941772,0.30660645900262506,Semiconductor Equipment & Materials,Technology,AEHR
2018Q1,2018,Q1,2017-10-13,2017-08-31,10000.0,6970000.0,172000.0,0.000435,2918000.0,0.41865136298421807,31599000.0,17332000.0,30364000.0,8079000.0,14286000.0,9020000.0,-66767000.0,71961120.0,64078120.0,0.8092636690479525,3.7583859388538183,0.1933605493844742,0.35252711747057464,0.014674515826294685,0.8092636690479525,0.0005769674590353104,10.324407460545194,1799.0279999999998,4.151922455573506,0.0,0.4492239467849224,0.0,0.22057660052533307,2.3881668523332094,0.0003164657109402196,-17.72004924895346,0.41865136298421807,1.0125795257374204,1.0144587086035468,-0.38265623149525024,0.15343038259890113,0.11886503067484662,1.0125786163522013,1.283828382838284,1.0058640265522876,0.041909623889424145,0.3872569532167386,Semiconductor Equipment & Materials,Technology,AEHR
2017Q4,2017,Q4,2017-08-29,2017-05-31,-795000.0,6683000.0,-606000.0,-0.03458,2608000.0,0.3902439024390244,30892000.0,16813000.0,29378000.0,7884000.0,14098000.0,6604000.0,-66777000.0,98089860.0,86396860.0,0.7850305831815847,3.726281075596144,0.19778583452026416,0.3634092666389104,-0.026075536733236492,0.7850305831815847,-0.047284839112591445,14.677519078258268,-30.845867924528303,5.834167608398263,0.0,0.6170502725620836,0.0,0.21633432603910396,2.766742770167428,-0.02573481807587725,-344.17494736842104,0.3902439024390244,0.783875,0.5632319244433073,-0.3883285996394142,0.11490398596876442,4.184890656063618,0.7001131648434553,0.7545565006075334,-2.769181717960335,-0.33808779273396095,0.26840898908105404,Semiconductor Equipment & Materials,Technology,AEHR
2017Q3,2017,Q3,2017-04-06,2017-02-28,-2651000.0,2681000.0,-2469000.0,-0.16,503000.0,0.1876165609847072,12153000.0,1315000.0,11196000.0,4730000.0,10857000.0,7207000.0,-65982000.0,87361280.0,91417280.0,0.07887476007677544,2.367019027484144,0.5015222578787131,4.634980988593156,-0.33344994597304306,0.07887476007677544,-2.0159695817490495,32.585333830660204,-8.238521312712184,66.43443346007605,0.0,0.3022061884279173,0.0,0.22060396609890562,0.7684989429175476,-0.21813543980910063,-27.44620797989318,0.1876165609847072,-0.7777777777777779,-0.05791885024418929,-0.489975011849098,-0.8986934819155743,-0.6561859193438141,-0.8257575757575758,-0.9228971962616822,-9.236972282077284,-0.6853172843563902,-0.8643166329631661,Semiconductor Equipment & Materials,Technology,AEHR
2017Q2,2017,Q2,2017-01-13,2016-11-30,-1452000.0,4216000.0,-1284000.0,-0.09,1463000.0,0.34701138519924096,13930000.0,3660000.0,13042000.0,4191000.0,10289000.0,6069000.0,-63331000.0,47926710.0,48823710.0,0.22833614074489986,3.111906466237175,0.4343862167982771,1.6532786885245903,-0.13501066909637902,0.22833614074489986,-0.39672131147540984,11.367815464895635,-8.251844008264463,13.094729508196723,0.0,0.45361674081397263,0.0,0.3026561378320172,1.5707468384633738,-0.10423546302943287,-17.574884488448845,0.34701138519924096,-0.5,0.40753051518012895,-0.38809612241025576,-0.7515499159227916,-0.33680870353581144,-0.9231788079470199,-1.2526315789473683,-8.14503866850822,-0.42581223048376327,-0.5777891278423362,Semiconductor Equipment & Materials,Technology,AEHR
2017Q1,2017,Q1,2016-10-14,2016-08-31,-755000.0,5318000.0,-570000.0,-0.06,2206000.0,0.41481760060172995,11336000.0,-714000.0,10452000.0,6002000.0,12071000.0,6031000.0,-61879000.0,32227140.0,35891140.0,-0.05361567920702861,1.741419526824392,0.5298165137614679,-8.411764705882353,-0.10828343765380097,-0.05361567920702861,1.057422969187675,6.0600112824370065,-10.671238410596025,-45.13605042016807,0.0,0.516000663239927,0.0,0.46912491178546223,0.6857714095301566,-0.06660197600564573,26.350891251022077,0.41481760060172995,0.738539306257626,-5.083829303800382,-0.13634439476494306,-1.0508165584334868,23.510204081632654,0.7529450261780105,0.8011165387299372,-2.6322017061261493,0.1319222524137911,-1.112399516729105,Semiconductor Equipment & Materials,Technology,AEHR
2016Q4,2016,Q4,2016-08-29,2016-05-30,-3056000.0,1571000.0,-2866000.0,-0.22948,-98000.0,-0.062380649267982174,10046000.0,-703000.0,8748000.0,4680000.0,10769000.0,7033000.0,-61124000.0,13456828.5,18479828.5,-0.05278966734249456,1.8692307692307693,0.5934700378260004,-8.480796586059745,-0.5447922569985015,-0.05278966734249456,4.347083926031295,8.56577243793762,-1.1008531168193716,-19.142003556187763,0.0,0.2373098251101948,0.0,0.15638064901453314,0.3121794871794872,-0.3042006768863229,-8.394777604491578,-0.062380649267982174,0.00226086956521748,-13.23420356603506,-0.7189374001022685,-1.0518093955283114,-1.5798816568047338,-0.02722689075630252,-0.01667257892869812,-1.8577653996168726,-0.6153875637447412,-1.1119701061402931,Semiconductor Equipment & Materials,Technology,AEHR
2016Q3,2016,Q3,2016-04-13,2016-02-29,-2975000.0,1677000.0,-2819000.0,-0.23,169000.0,0.10077519379844961,13439000.0,2047000.0,12094000.0,7367000.0,11411000.0,7378000.0,-58068000.0,15665160.0,19110160.0,0.1554998480704953,1.6416451744264966,0.44028573554579953,2.89057156814851,-0.3500845643828078,0.1554998480704953,-1.4533463605276014,9.341180679785332,-1.3163999999999998,7.652740595994137,0.0,0.204391433992952,0.0,0.12478607039214228,0.5998371114429212,-0.22137063769625717,-9.946133333333334,0.10077519379844961,-1.8750000000000002,-1.1089694297279467,-0.7348834440678083,-0.8488157864794788,-0.9000591366055588,-1.838740458015267,-1.983068783068783,-0.4512979969063904,-0.6428803514211322,-0.6802229129180655,Semiconductor Equipment & Materials,Technology,AEHR
2016Q2,2016,Q2,2016-01-13,2015-11-30,-1048000.0,4620000.0,-945000.0,-0.08,1691000.0,0.366017316017316,12948000.0,4785000.0,12279000.0,4181000.0,8181000.0,7419000.0,-55093000.0,25835040.0,27753040.0,0.3667228694052728,2.9368572111934945,0.2991195551436515,0.8094043887147335,-0.11137944925676181,0.3667228694052728,-0.21901776384535004,5.592,-6.1629389312977105,5.399172413793104,0.0,0.3947971424720313,0.0,0.3568118628359592,1.0662520928007653,-0.08093914118010503,-13.561700787401575,0.366017316017316,-5.0,0.08570581233707734,-0.1357426620480634,-0.6713684314094799,-0.5001477978125923,-4.5646258503401365,-2.985294117647059,0.0789580121883272,-0.3484530164353735,-0.4186939346396732,Semiconductor Equipment & Materials,Technology,AEHR
2016Q1,2016,Q1,2015-10-14,2015-08-31,294000.0,6633000.0,476000.0,0.02,3383000.0,0.5100256294286145,14563000.0,5402000.0,14004000.0,5224000.0,9179000.0,7258000.0,-54045000.0,29945826.299999997,30120826.299999997,0.41672452364421814,2.6807044410413474,0.2628579276248026,0.7086264346538319,0.04782922236159007,0.41672452364421814,0.05442428730099963,4.514673043871551,25.46413801020408,5.543470251758608,0.0,0.44778175806007164,0.0,0.4554693401084941,1.2023353751914243,0.020188148046419007,-14.145406849315068,0.5100256294286145,1.1454122437109204,1.1296616084300821,1.0446252548347787,-0.6404786535512206,3.9604105571847508,1.154736842105263,1.2628382109331862,1.7023117771787062,-0.029361745579496952,-0.4060492950205406,Semiconductor Equipment & Materials,Technology,AEHR
2015Q4,2015,Q4,2015-08-31,2015-05-31,-1900000.0,1818000.0,-1811000.0,-0.13754,682000.0,0.37513751375137516,14868000.0,4568000.0,14295000.0,6519000.0,10318000.0,7123000.0,-54339000.0,31111200.0,29375200.0,0.35238756460695825,2.1928209848136215,0.25497713209577616,0.8299036777583187,-0.21642489397639497,0.35238756460695825,-0.4159369527145359,17.112871287128712,-4.093578947368421,6.810683012259195,0.0,0.1594833637512284,0.0,0.12227602905569007,1.0599785243135451,-0.12779122948614474,-49.54012738853503,0.37513751375137516,0.017571428571428696,-0.5510756311496882,-0.6592357351164507,-0.7292666410381609,-0.19953051643192488,-0.10081112398609501,-0.027226318774815655,-0.7246083129657959,-0.7250879930884422,-0.4995375864289775,Semiconductor Equipment & Materials,Technology,AEHR
2015Q3,2015,Q3,2015-04-14,2015-02-28,-1726000.0,2027000.0,-1763000.0,-0.14,852000.0,0.4203256043413912,10749000.0,5926000.0,10153000.0,4833000.0,4841000.0,6854000.0,-52439000.0,33466012.3,31307012.3,0.46746075569929796,2.100765570039313,0.010698669643687785,0.01940600742490719,-0.3034423407917384,0.46746075569929796,-0.2912588592642592,16.510119536260483,-4.8473366599073,5.647318984137698,0.0,0.171432740005836,0.0,0.18857568145874035,0.5940409683426443,-0.16057307656526187,-41.93735877192982,0.4203256043413912,0.22222222222222213,-1.7628951762906944,-0.7351695713708333,-0.6588928514660506,0.2276657060518732,0.18353831598864712,0.17885421518397765,0.09415345859137188,-0.4928696522391794,-0.39959473150962505,Semiconductor Equipment & Materials,Technology,AEHR
2015Q2,2015,Q2,2015-01-13,2014-11-30,-2114000.0,2615000.0,-2147000.0,-0.18,694000.0,0.2653919694072658,11974000.0,7512000.0,11342000.0,4472000.0,4480000.0,6035000.0,-50713000.0,31420320.000000004,28466320.000000004,0.6407369498464688,2.5362254025044724,0.05361616836479038,0.08546325878594249,-0.2656943339520905,0.6407369498464688,-0.2814164004259851,12.015418738049714,-3.7157426679280987,4.1826837060702875,0.0,0.3183098591549296,0.0,0.21838984466343744,1.1064400715563507,-0.17654918991147486,-44.316389280677015,0.2653919694072658,-1.2499999999999998,0.287601393685916,0.1553441798050173,-0.4549068814217729,-0.568944099378882,-1.330760749724366,-1.2065775950668036,-0.17932898520797466,-0.4810985127712871,-0.30282105784305224,Semiconductor Equipment & Materials,Technology,AEHR
2015Q1,2015,Q1,2014-10-14,2014-08-31,-907000.0,3558000.0,-973000.0,-0.08,1610000.0,0.45250140528386734,11415000.0,6645000.0,10828000.0,4782000.0,4790000.0,6304000.0,-48599000.0,28933140.0,27858140.0,0.5833552804845931,2.2643245503973235,0.08760402978537013,0.1504890895410083,-0.1207493343476607,0.5833552804845931,-0.1364936042136945,8.13185497470489,-7.974955898566703,4.354121896162528,0.0,0.309010152284264,0.0,0.3116951379763469,0.8726474278544541,-0.0794568550153307,-121.05916317991631,0.45250140528386734,-4.809523809523809,-1.7039414708528586,1.0928559737930243,-0.5593325808662662,-0.4474948524365134,-4.794979079497908,-5.568075117370892,-6.735515588141175,-0.32447293358271256,-0.4471000249057316,Semiconductor Equipment & Materials,Technology,AEHR
2014Q4,2014,Q4,2014-08-28,2014-05-31,239000.0,5370000.0,213000.0,0.021,2914000.0,0.5426443202979516,12225000.0,7050000.0,11673000.0,5117000.0,5196000.0,6148000.0,-47692000.0,25749355.5,24717355.5,0.6189096655254148,2.281219464529998,0.06355828220858896,0.1102127659574468,0.028401853844853473,0.6189096655254148,0.033900709219858154,4.795038268156425,26.934472280334727,3.6523908510638297,0.0,0.39947950553025374,0.0,0.4392638036809816,1.0160250146570255,0.019550102249488752,-41.33122873194222,0.5426443202979516,0.050000000000000044,1.0442548722021958,2.2300203046547784,-0.4722215679711006,0.015331010452961672,0.12735849056603774,-0.18702290076335878,2.3014343682634437,0.12317055068604732,-0.392583108177892,Semiconductor Equipment & Materials,Technology,AEHR
2014Q3,2014,Q3,2014-04-11,2014-02-28,212000.0,5612000.0,262000.0,0.02,2870000.0,0.5114041339985744,11943000.0,6384000.0,11554000.0,5463000.0,5580000.0,5931000.0,-47931000.0,25807700.0,24367700.0,0.5813148788927336,2.1149551528464214,0.033994808674537386,0.06359649122807018,0.034958397844995784,0.5813148788927336,0.03320802005012531,4.598663578047042,30.43360849056604,4.0425595238095235,0.0,0.46231664137582196,0.0,0.4698986854224232,0.9562511440600403,0.017750983839906222,-36.554815864022665,0.5114041339985744,1.0,1.0058931167448995,2.49643914922984,-0.635573059823162,0.1507618283881315,0.5474452554744526,0.46368715083798884,1.180146409096107,0.06347646498135788,-0.4348185296404128,Semiconductor Equipment & Materials,Technology,AEHR
2014Q2,2014,Q2,2014-01-13,2013-11-30,137000.0,4950000.0,179000.0,0.01,2494000.0,0.5038383838383839,11626000.0,5844000.0,11299000.0,5651000.0,5803000.0,5650000.0,-48143000.0,30580980.0,28562980.0,0.5408106607440311,1.9994691205096442,0.04094271460519525,0.08145106091718002,0.02791526272652764,0.5408106607440311,0.02344284736481862,6.177975757575758,55.80470802919709,5.232885010266941,0.0,0.4346902654867257,0.0,0.4257698262515052,0.9253229516899664,0.01178393256494065,140.92617511520737,0.5038383838383839,1.5,-0.8774930933715044,-0.5823661167826044,-0.8882900905219356,0.2829218106995885,1.8253012048192772,2.140127388535032,1.1443192383583316,0.11811193638423778,-0.5153630422912722,Semiconductor Equipment & Materials,Technology,AEHR
2014Q1,2014,Q1,2013-10-15,2013-08-31,-166000.0,3752000.0,-157000.0,-0.02,1944000.0,0.5181236673773987,11444000.0,5073000.0,11120000.0,6200000.0,6392000.0,5369000.0,-48280000.0,16590600.0,15102600.0,0.4770098730606488,1.793548387096774,0.08275078643830829,0.18667455154740784,-0.022201209643070104,0.4770098730606488,-0.03272225507589198,4.42180170575693,-24.985843373493978,3.2703725606150207,0.0,0.3367479977649469,0.0,0.3278573925200979,0.8540322580645161,-0.014505417686123732,99.9433734939759,0.5181236673773987,0.7509339975093399,-1.1514869378293398,-0.6943515069650953,-0.8970698397546808,0.5046439628482973,0.8056206088992974,0.8144208037825059,0.9107639806334686,0.40972557924491865,-0.5884685875157631,Semiconductor Equipment & Materials,Technology,AEHR
2013Q4,2013,Q4,2013-08-28,2013-05-31,-854000.0,3262000.0,-846000.0,-0.0803,1292000.0,0.39607602697731453,10975000.0,5014000.0,10522000.0,5701000.0,5981000.0,5369000.0,-48114000.0,15303765.0,14080765.0,0.47146215326751295,1.8456411155937555,0.10031890660592255,0.21958516154766652,-0.14032003387177283,0.47146215326751295,-0.17032309533306741,4.691528203556101,-4.480024882903981,3.0522068209014757,0.0,0.3669212143788415,0.0,0.29722095671981774,0.8693211717242589,-0.07781321184510251,-1912.970625,0.39607602697731453,0.49812500000000004,-1.103679790688974,-0.7640699751245774,-0.8952153770867104,0.6888888888888889,0.41426611796982166,0.4088050314465409,0.1502224151025279,-0.2547325566636338,-0.6377836643586974,Semiconductor Equipment & Materials,Technology,AEHR
2013Q3,2013,Q3,2013-04-12,2013-02-28,-1458000.0,3340000.0,-1431000.0,-0.16,765000.0,0.22904191616766467,9415000.0,4553000.0,8878000.0,4524000.0,4883000.0,5722000.0,-47261000.0,8426700.0,8260700.0,0.48627576631421554,1.962422634836428,0.1290493892724376,0.266857017351197,-0.24809292649098474,0.48627576631421554,-0.32022842082143643,2.5229640718562876,-1.4449074074074075,1.8508016692290796,0.0,0.45001747640685075,0.0,0.354753053637812,0.6522988505747126,-0.15485926712692513,10.263946406820951,0.22904191616766467,-0.7777777777777779,-1.6488305030438961,-0.7347383004582411,-0.8676447217246106,-0.6619531595227574,-0.7977805178791615,-0.8657105606258149,-1.8725354251487507,-0.4091706400175279,-0.6451634965581939,Semiconductor Equipment & Materials,Technology,AEHR
2013Q2,2013,Q2,2013-01-11,2012-11-30,-811000.0,5054000.0,-767000.0,-0.09,2263000.0,0.4477641472101306,11452000.0,5867000.0,10925000.0,5351000.0,5607000.0,6444000.0,-45802000.0,8369070.0,8862070.0,0.6308602150537634,2.041674453373201,0.14713587146349982,0.2871995909323334,-0.10360652515723269,0.6308602150537634,-0.13823078234191238,1.6559299564701226,-2.579861282367448,1.4264649735810466,0.0,0.43311607697082555,0.0,0.441320293398533,0.7645299943935713,-0.07081732448480614,-8.699656964656965,0.4477641472101306,-2.0,-1.5047124482438328,-0.5559231585674196,-0.8127222566756138,-0.07858306188925081,-1.739864864864865,-1.9163498098859315,0.655466232174355,1.8149312115392155,-0.46330930018475486,Semiconductor Equipment & Materials,Technology,AEHR
2013Q1,2013,Q1,2012-10-12,2012-08-31,-296000.0,4832000.0,-263000.0,-0.03,2456000.0,0.5082781456953642,12108000.0,6431000.0,11495000.0,5426000.0,5699000.0,6710000.0,-44991000.0,10082600.0,9633600.0,0.7016146628845734,2.1185035016586804,0.1199207135777998,0.22578137148188462,-0.03358989162073557,0.7016146628845734,-0.04602705644534287,2.086630794701987,-8.51570945945946,1.5678121598507233,0.0,0.3540983606557377,0.0,0.3990749917409977,0.8217840029487652,-0.024446646845061117,-35.009027777777774,0.5082781456953642,0.6470172961524885,-1.3244664030181306,-0.4613413517660055,-0.7706795019669456,0.13231904103273398,0.62002567394095,0.6857825567502986,-1.2854979368852404,2.532175898998562,-0.46999927306238676,Semiconductor Equipment & Materials,Technology,AEHR
2012Q4,2012,Q4,2012-08-28,2012-05-31,-779000.0,4676000.0,-837000.0,-0.08499,2169000.0,0.463857998289136,11613000.0,6454000.0,10928000.0,4855000.0,5159000.0,6070000.0,-44717000.0,11640820.0,10975820.0,0.7041239362862753,2.250875386199794,0.12124343408249376,0.21815928106600557,-0.1067354922608039,0.7041239362862753,-0.12070034087387667,2.48948246364414,-3.735821566110398,1.8036597458940193,0.0,0.4130148270181219,0.0,0.4026522001205545,0.9600411946446962,-0.06707999655558426,-6.871794569067296,0.463857998289136,0.4334,-1.72383141367646,-0.5177057315727783,-0.7568740934660015,0.9575812274368231,0.4276267450404115,0.38,0.8207403076999082,2.4953242347244027,-0.39955465595822587,Semiconductor Equipment & Materials,Technology,AEHR
2012Q3,2012,Q3,2012-04-13,2012-02-29,-1361000.0,2855000.0,-1350000.0,-0.15,1108000.0,0.3880910683012259,10456000.0,7050000.0,9697000.0,3082000.0,3406000.0,5650000.0,-43938000.0,7244000.0,4985000.0,0.7785753727222529,3.146333549643089,0.06847742922723794,0.10156028368794326,-0.17616454027896006,0.7785753727222529,-0.1930496453900709,2.5373029772329247,-1.3306392358559882,1.027517730496454,0.0,0.30920353982300885,0.0,0.2730489671002295,1.2329656067488644,-0.13016449885233358,-9.181242078580482,0.3880910683012259,0.0,-5.404181990560829,-0.5694972899238258,-0.7187552210091044,-0.01773049645390071,0.00873998543335761,0.06184850590687978,0.9541161032610603,1.1572844313987618,-0.5119102381851001,Semiconductor Equipment & Materials,Technology,AEHR
2012Q2,2012,Q2,2012-01-17,2011-11-30,-1373000.0,3860000.0,-1439000.0,-0.15,1128000.0,0.2922279792746114,11908000.0,8253000.0,11024000.0,3318000.0,3655000.0,5579000.0,-42577000.0,6196199.999999999,3070199.999999999,0.9190423162583519,3.3224834237492464,0.0,0.0,-0.17335078293781744,0.9190423162583519,-0.16636374651641828,1.6052331606217614,-1.1282228696285506,0.7507815339876408,0.0,0.4896934934576089,0.0,0.32415183070204906,1.5753465943339362,-0.11530063822640242,-7.6496296296296284,0.2922279792746114,-16.0,-2.7245791229418117,-0.46697680983077555,-0.6585973677523506,-0.37402885682574916,-12.07258064516129,-0.6333711691259932,-2.477403659508388,-0.6081079452812738,-0.8101625182194334,Semiconductor Equipment & Materials,Technology,AEHR
2012Q1,2012,Q1,2011-10-14,2011-08-31,124000.0,4130000.0,-881000.0,0.01,1802000.0,0.43631961259079904,12946000.0,9424000.0,11941000.0,3133000.0,3522000.0,5169000.0,-41204000.0,10003840.000000002,6111840.000000002,1.0550828481862964,3.811362910947973,0.0,0.0,-0.11950623982637004,1.0550828481862964,0.013157894736842105,2.4222372881355936,20.16903225806452,1.061528013582343,0.0,0.4503772489843297,0.0,0.3190174571296153,2.082668368975423,0.009578248107523559,-6.148641671788569,0.43631961259079904,1.6321112515802783,-0.8085088934466759,-0.5021742816677678,-0.5927759709326176,0.1199502796768179,1.8611111111111112,-1.3875338753387534,-0.8652658881879532,-0.5994117000042056,-0.7723320778685527,Semiconductor Equipment & Materials,Technology,AEHR
2011Q4,2011,Q4,2011-08-26,2011-05-31,-144000.0,3749000.0,-369000.0,-0.01582,1609000.0,0.4291811149639904,12083000.0,9101000.0,10571000.0,2540000.0,2982000.0,4958000.0,-41328000.0,13219360.0,9199360.0,1.0189207344379758,4.161811023622048,0.0,0.0,-0.029192396439951654,1.0189207344379758,-0.015822437094824744,3.5261029607895438,-22.950277777777778,1.4525173057905725,0.0,0.43162565550625254,0.0,0.31027062815525946,2.146456692913386,-0.011917570139865927,43.91813953488372,0.4291811149639904,0.8561818181818182,-1.2345906444652526,-0.5406323083047221,-0.5839736407138774,0.0024922118380062306,0.8477801268498943,0.5989130434782609,-1.020815531904958,-0.6771480030209722,-0.7735401999998198,Semiconductor Equipment & Materials,Technology,AEHR
2011Q3,2011,Q3,2011-04-13,2011-02-28,-946000.0,4242000.0,-920000.0,-0.11,1605000.0,0.3783592644978784,12562000.0,9080000.0,10944000.0,2935000.0,3482000.0,4687000.0,-41184000.0,15801237.200000001,11993237.200000001,1.0285455369279566,3.7287904599659285,0.0,0.0,-0.10089496869928125,1.0285455369279566,-0.10418502202643172,3.7249498349834984,-4.175802642706131,1.74022436123348,0.0,0.5626200128013655,0.0,0.33768508199331315,2.0568994889267462,-0.07530647985989491,-11.979709780136467,0.3783592644978784,-0.22222222222222227,-3.2348612999043453,-0.42897781426704557,-0.5642277585206761,0.18537666174298376,-0.2333767926988266,0.3118922961854899,-1.4464959975834466,-0.6426848387921308,-0.7200489101259377,Semiconductor Equipment & Materials,Technology,AEHR
2011Q2,2011,Q2,2011-01-13,2010-11-30,-767000.0,3577000.0,-1337000.0,-0.09,1354000.0,0.3785294939893766,12766000.0,9743000.0,11005000.0,2465000.0,3023000.0,4253000.0,-40238000.0,8119830.0,3059830.0,1.1159088306035965,4.464503042596349,0.0,0.0,-0.13903949738124488,1.1159088306035965,-0.07872318587703993,2.270011182555214,-2.6466199478487615,0.833401416401519,0.0,0.5226898659769574,0.0,0.2801973993420022,2.664503042596349,-0.06008146639511202,-14.195506993006992,0.3785294939893766,0.4705882352941177,-4.966914732575933,-0.4720589084553001,-0.5187635143133955,0.4343220338983051,0.4940633245382586,0.22086247086247085,-1.5084373967115037,-0.6652190108192111,-0.6687302788092507,Semiconductor Equipment & Materials,Technology,AEHR
2011Q1,2011,Q1,2010-10-14,2010-08-31,-1516000.0,2169000.0,-1716000.0,-0.17,944000.0,0.4352236053480867,12822000.0,10046000.0,10924000.0,2207000.0,2776000.0,3942000.0,-39471000.0,10400400.0,4995400.0,1.1591092650282682,4.949705482555506,0.0,0.0,-0.17092700311241557,1.1591092650282682,-0.1509058331674298,4.795020746887967,-1.7151055408970977,1.0352777224766077,0.0,0.31075596144089296,0.0,0.16916237716424895,3.0774807430901676,-0.11823428482296054,-4.051577717179587,0.4352236053480867,-0.7989417989417991,-4.363623467193254,-0.5969775360307262,-0.49616827276235975,-0.47438752783964366,-0.851037851037851,-0.9815242494226328,-2.7574714589579084,-0.7442843431508911,-0.6211488613447924,Semiconductor Equipment & Materials,Technology,AEHR
2010Q4,2010,Q4,2010-08-27,2010-05-31,-819000.0,3567000.0,-866000.0,-0.0945,1796000.0,0.5035043453882815,14474000.0,11281000.0,12442000.0,2615000.0,3193000.0,3635000.0,-37955000.0,19847430.0,12081430.0,1.301603784469828,4.757934990439771,0.0,0.0,-0.07849132826498567,1.301603784469828,-0.07259994681322578,5.564179983179142,-6.058434065934066,1.7593679638329935,0.0,0.4872077028885832,0.0,0.24644189581318227,3.1977055449330782,-0.056584219980654965,-23.488082840236686,0.5035043453882815,-1.525,0.5898945435884092,-0.058318011057443414,-0.4419780245586034,-0.5526774595267746,-1.5335504885993485,-1.5835579514824798,-1.8048128976708395,-0.6109084815551915,-0.5505711654735599,Semiconductor Equipment & Materials,Technology,AEHR
2010Q3,2010,Q3,2010-04-13,2010-02-28,1535000.0,5193000.0,1484000.0,0.18,4015000.0,0.77315617176969,16967000.0,11787000.0,14781000.0,4591000.0,5180000.0,4035000.0,-37136000.0,21674520.0,13303520.0,1.370422043948378,3.2195600087126985,0.01779925738197678,0.025621447357257996,0.12235766549605576,1.370422043948378,0.13022821752778485,4.173795493934142,3.530052117263844,1.8388495800458131,0.0,0.2919454770755886,0.0,0.3060647138563093,2.1768677847963405,0.09046973536865681,5.817101449275362,0.77315617176969,1.72,2.0836472170466784,1.1514269532110382,-0.46601143360475095,10.504297994269342,1.711306765523633,1.6312207571246278,4.229437998653074,-0.17561969671312358,-0.5049624501647211,Semiconductor Equipment & Materials,Technology,AEHR
2010Q2,2010,Q2,2010-01-13,2009-11-30,-2158000.0,1646000.0,-2351000.0,-0.25,349000.0,0.2120291616038882,13581000.0,10022000.0,10601000.0,2966000.0,3559000.0,3950000.0,-38671000.0,12789000.0,7737000.0,1.1754632887637815,3.574173971679029,0.0,0.0,-0.21792169152101282,1.1754632887637815,-0.21532628217920574,7.769744835965978,-1.4815801668211308,1.276092596288166,0.0,0.3283544303797468,0.0,0.12119873352477727,2.03068105192178,-0.1588984610853398,6.353204172876304,0.2120291616038882,-3.2727272727272725,-2.1319491356498848,-0.7012661748883557,-0.5708111381124558,7.12280701754386,-3.2455775234131115,-3.406345957011259,-3.8549271839438983,-0.7606024845748719,-0.5633429997780182,Semiconductor Equipment & Materials,Technology,AEHR
2010Q1,2010,Q1,2009-10-14,2009-08-31,961000.0,1268000.0,977000.0,0.11,-57000.0,-0.044952681388012616,14427000.0,11247000.0,11333000.0,2580000.0,3180000.0,4118000.0,-36513000.0,7221600.0,4476600.0,1.3237994350282485,4.392635658914728,0.0,0.0,0.08659727425699873,1.3237994350282485,0.08544500755757091,5.695268138801262,1.8786680541103018,0.6420912243264871,0.0,0.32175813501699857,0.0,0.08789076037984335,1.342248062015504,0.0666112150828308,-4.208391608391608,-0.044952681388012616,1.2324549354409247,1.6315992491223879,-0.8141204708351734,-0.5314158180999788,0.9623015873015873,1.2385799404170805,1.2440669497876593,0.5602152623517836,-0.8393130003673582,-0.4890610338931964,Semiconductor Equipment & Materials,Technology,AEHR
2009Q4,2009,Q4,2009-09-02,2009-05-31,-4028000.0,1240000.0,-4003000.0,-0.47321,-1512000.0,-1.2193548387096773,13911000.0,9963000.0,10642000.0,3343000.0,3948000.0,4472000.0,-37474000.0,8580960.0,4220960.0,1.1726694915254237,3.183368232126832,0.0,0.0,-0.394346117672425,1.1726694915254237,-0.40429589481079997,6.920129032258065,-0.5325819265143992,0.861282746160795,0.0,0.6153846153846154,0.0,0.0891380921572856,1.5827101405922823,-0.28955502839479547,-2.6225427872860636,-1.2193548387096773,0.8557286585365854,-6.2269312908925,-0.8162438679269488,-0.6095502814426474,0.7781039037276196,0.8544797687861272,0.8332916874895885,-7.8987732194829645,-0.8402646997279766,-0.5211978687681442,Semiconductor Equipment & Materials,Technology,AEHR
2009Q3,2009,Q3,2009-04-13,2009-02-28,-27680000.0,1235000.0,-24012000.0,-3.28,-6814000.0,-5.517408906882591,18602000.0,13479000.0,15285000.0,4494000.0,5123000.0,5927000.0,-33446000.0,9041500.0,1642500.0,1.5951479289940829,3.4012016021361817,0.0,0.0,-2.0563909289758295,1.5951479289940829,-2.0535648045107204,7.321052631578947,-0.08166094653179191,0.6707841828028785,0.0,1.358022608402227,0.0,0.06639071067627136,1.8856252781486427,-1.4880120417159446,-1.4158315064202944,-5.517408906882591,-33.8,-12.869905194487425,-0.50944669365722,-0.48829698434510077,-2.4838850174216027,-32.74311926605505,-21.263291139240508,-69.31737015121631,-0.82631796819831,-0.324170721128177,Semiconductor Equipment & Materials,Technology,AEHR
2009Q2,2009,Q2,2009-01-13,2008-11-30,872000.0,9242000.0,1185000.0,0.1,4592000.0,0.4968621510495564,46662000.0,40792000.0,41668000.0,5255000.0,5870000.0,10517000.0,-5766000.0,16346440.0,4619440.0,4.841205791597437,7.929210275927688,0.0,0.0,0.015675394515329157,4.841205791597437,0.021376740537360266,1.7687123999134386,4.686479357798165,0.4007266130613845,0.0,0.4421412950461158,0.0,0.19806266340919806,5.431208372978116,0.01868758304401869,4.2915305854555,0.4968621510495564,0.0,1.7830937259028394,1.1921598482266564,0.47871964225696284,-0.06628710858072387,0.008092485549132947,-0.12546125461254612,3.6732231560945894,0.41343233843068883,1.0877734791056486,Semiconductor Equipment & Materials,Technology,AEHR
2009Q1,2009,Q1,2008-10-14,2008-08-31,865000.0,9690000.0,1355000.0,0.1,4918000.0,0.5075335397316821,45314000.0,38905000.0,40244000.0,5797000.0,6409000.0,10767000.0,-6638000.0,36686150.0,29234150.0,4.634306134603931,6.942211488701052,0.0,0.0,0.021351233460342577,4.634306134603931,0.02223364606091762,3.785980392156863,10.602933526011562,0.9429674848991132,0.0,0.4432060926906288,0.0,0.21384119698106546,4.554079696394687,0.019089023259919673,-5.823198412698413,0.5075335397316821,-0.8648648648648649,1.9126727071158574,0.981537057532475,0.35633143883864943,-0.0848529959062151,-0.8669640110735158,-0.24680377987770985,4.159535828313106,0.8588381405921621,1.014400656428665,Semiconductor Equipment & Materials,Technology,AEHR
2008Q4,2008,Q4,2008-08-29,2008-05-31,6502000.0,10914000.0,1799000.0,0.74,5374000.0,0.49239508887667216,45199000.0,37772000.0,40223000.0,6861000.0,7427000.0,10209000.0,-7503000.0,73036500.0,57388500.0,4.499344848123883,5.862556478647427,0.0,0.0,0.1705266668408317,4.499344848123883,0.1721380917081436,6.692001099505223,2.8082320824361733,1.9336148469765964,0.0,0.5426584386325791,0.0,0.24146551914865372,3.8733420784142254,0.14385274010486956,9.058228947042045,0.49239508887667216,2.217391304347826,9.187826157336742,1.0104853642252174,0.270539004853921,-0.028209764918625677,2.375908618899273,0.05637110980622431,4.361295600491398,1.9746316888055913,0.9289535957863219,Semiconductor Equipment & Materials,Technology,AEHR
2008Q3,2008,Q3,2008-04-14,2008-02-29,1926000.0,10792000.0,1703000.0,0.23,5530000.0,0.512416604892513,36412000.0,29484000.0,33828000.0,6818000.0,6928000.0,9431000.0,-14005000.0,58582500.0,52808500.0,3.674018691588785,4.961572308594896,0.0,0.0,0.0619409976314208,3.674018691588785,0.06532356532356533,5.428326538176427,7.604166666666667,1.986925111925112,0.0,0.5579471954193617,0.0,0.2963858068768538,3.5275740686418304,0.05289465011534659,-36.682842830306825,0.512416604892513,0.43750000000000006,2.7336842105263157,1.382775524598836,0.010695012406304308,0.13226863226863228,0.40995607613469986,0.06972361809045226,2.457269010629599,3.791970390035936,0.4315910800576304,Semiconductor Equipment & Materials,Technology,AEHR
2008Q2,2008,Q2,2008-01-11,2007-11-30,1366000.0,9675000.0,1592000.0,0.16,4884000.0,0.5048062015503876,31936000.0,26632000.0,29541000.0,5164000.0,5304000.0,10678000.0,-15931000.0,47673180.0,41686180.0,3.3685808246901088,5.720565453137103,0.0,0.0,0.05217658355222812,3.3685808246901088,0.05129167918293782,4.927460465116279,8.724959736456809,1.7900713427455692,0.0,0.4486795280014984,0.0,0.3029496492985972,3.5809450038729667,0.042773046092184366,-16.343222488858416,0.5048062015503876,0.7777777777777779,1.6213840944349114,1.9941852629047043,-0.10328058010999032,0.168141592920354,0.7535301668806161,1.2203626220362622,3.1379742863453592,0.893625358927735,0.2299468508671472,Semiconductor Equipment & Materials,Technology,AEHR
2008Q1,2008,Q1,2007-10-12,2007-08-31,779000.0,7660000.0,717000.0,0.09,4181000.0,0.545822454308094,28890000.0,23947000.0,26474000.0,4780000.0,4943000.0,10646000.0,-17297000.0,54006300.0,46332300.0,3.059537498402964,5.538493723849372,0.0,0.0,0.029375481686625553,3.059537498402964,0.03253017079383639,7.050430809399478,17.331931964056484,2.2552428279116383,0.0,0.3267894044711629,0.0,0.2651436483212184,3.243305439330544,0.02696434752509519,-55.05229357798165,0.545822454308094,-0.18181818181818185,1.8060924020845948,1.0041959250199475,-0.24095322759516197,-0.0460871549167237,-0.15233949945593037,-0.14336917562724014,1.555744079773439,0.21887803191454552,0.08298193649780293,Semiconductor Equipment & Materials,Technology,AEHR
2007Q4,2007,Q4,2007-08-29,2007-05-31,919000.0,8279000.0,837000.0,0.11,4383000.0,0.5294117647058824,28675000.0,22668000.0,26192000.0,5822000.0,6007000.0,9701000.0,-18203000.0,47353350.0,40789350.0,2.8961287849750863,4.4987976640329785,0.0,0.0,0.03527383616054871,2.8961287849750863,0.04054173283924475,5.719694407537142,12.881760065288358,2.0889955002646903,0.0,0.4016080816410679,0.0,0.28871839581517,2.7765372724149775,0.032048823016564955,-72.9635593220339,0.5294117647058824,2.666666666666667,1.2701802520505285,1.1575433020731467,-0.3038049459173157,0.3209764918625678,2.4679245283018867,11.876923076923077,2.7897779165168415,0.3317331425245316,-0.035710677926463166,Semiconductor Equipment & Materials,Technology,AEHR
2007Q3,2007,Q3,2007-04-13,2007-02-28,265000.0,5687000.0,65000.0,0.03,3318000.0,0.5834359064533146,25753000.0,21496000.0,23695000.0,4024000.0,4257000.0,7079000.0,-19122000.0,45891150.0,39092150.0,2.768319381841597,5.888419483101392,0.0,0.0,0.002978854542662385,2.768319381841597,0.012327874953479718,8.069483031475295,43.29353773584906,2.13486927800521,0.0,0.3346517869755615,0.0,0.22082864132334096,4.021868787276342,0.010290063293596862,-20.59746409335727,0.5834359064533146,-0.625,1.3319674530234735,0.5356818370580523,-0.3992407553073283,0.1213247718823927,-0.6142649199417758,1.7926829268292683,1.1445002270766071,1.4582029004119748,-0.11195861510001286,Semiconductor Equipment & Materials,Technology,AEHR
2007Q2,2007,Q2,2007-01-16,2006-11-30,687000.0,6249000.0,-82000.0,0.08,2959000.0,0.4735157625220035,24576000.0,20860000.0,22747000.0,3469000.0,3716000.0,5938000.0,-19387000.0,,,,,,,,,,,,,,,,,,,,,,,,,,,,,,,Semiconductor Equipment & Materials,Technology,AEHR
2007Q1,2007,Q1,2006-10-13,2006-08-31,557000.0,7136000.0,231000.0,0.07,3253000.0,0.45585762331838564,23820000.0,19906000.0,22172000.0,3659000.0,3914000.0,6285000.0,-20074000.0,,,,,,,,,,,,,,,,,,,,,,,,,,,,,,,Semiconductor Equipment & Materials,Technology,AEHR
