Quarters,Year,Quarter,FillingDate,Date,NetIncome,Revenue,OperatingIncome,EPSDiluted,GrossProfit,GrossProfitRatio,TotalAssets,CommonStockEquity,CurrentAssets,CurrentLiability,TotalLiability,Inventory,RetainedEarnings,MarketCap,EnterpriseValue,bookValuePerShare,currentRatio,debtToAssets,debtToEquity,roic,shareholdersEquityPerShare,roe,priceToSalesRatio,peRatio,pbRatio,payoutRatio,inventoryTurnover,dividendYield,assetTurnover,quickRatio,returnOnAssets,priceToFreeCashFlowsRatio,grossProfitMargin,epsdilutedGrowth,fiveYNetIncomeGrowthPerShare,fiveYRevenueGrowthPerShare,fiveYShareholdersEquityGrowthPerShare,grossProfitGrowth,netIncomeGrowth,operatingIncomeGrowth,threeYNetIncomeGrowthPerShare,threeYRevenueGrowthPerShare,threeYShareholdersEquityGrowthPerShare,Industry,Sector,Symbol
2023Q1,2023,Q1,2023-05-05,2023-03-31,110073000.0,1550641000.0,164740000.0,2.83,448157000.0,0.2890140271,3800614000.0,1928868000.0,2597815000.0,953083000.0,1492317000.0,1614294000.0,205043000.0,11541675562.0,11930165562.0,53.1715381864067,2.725696502822944,0.1393051228038417,0.2744848273702503,0.04850921252246421,53.1715381864067,0.05706611338878555,7.443164189519044,26.213684468489095,5.983652360866581,0.8627910568440944,0.6829511848523255,0.00822844131164809,0.40799749724649753,0.9990934682498795,0.028961899314163448,-210.34582762894112,0.28901402710234025,-0.14501510574018125,2.3135512894645625,0.723891606054874,0.537022637366887,0.03369161573059624,-0.20046342366947287,0.200912676138476,2.8148975871345567,0.6259752132839314,0.4519779486914788,Industrial Distribution,Industrials,WSO
2022Q4,2022,Q4,2023-02-24,2022-12-31,137671000.0,1581223000.0,137179000.0,3.31,433550000.0,0.2741864999,3488214000.0,1889237000.0,2298739000.0,906522000.0,1239936000.0,1370173000.0,1029516000.0,9676258610.0,9907894610.0,48.69399700758928,2.5357785028934763,0.10869201258867718,0.20068472086879519,0.06284529300871414,48.69399700758928,0.07287121732212529,6.11947752467552,17.57134510899173,5.121781232317597,0.6189030369504107,0.837611746837808,0.008805572839066566,0.45330447042526634,0.9868651836359184,0.039467475332648744,47.051156845964584,0.2741864999433982,-0.1786600496277916,2.05402915789651,0.573358599589167,0.39667224992460764,-0.21294077495062158,-0.1266802418152638,-0.41935552141136834,2.640181725736351,0.4534628766791225,0.29729437090794214,Industrial Distribution,Industrials,WSO
2022Q3,2022,Q3,2022-11-03,2022-09-30,157641000.0,2035796000.0,236253000.0,4.03,550848000.0,0.2705811388,3584587000.0,1908775000.0,2409876000.0,939522000.0,1268434000.0,1385191000.0,977050000.0,9127028316.42,9322402316.42,53.84372596016669,2.5650022032480346,0.09083389522977124,0.17058165577399118,0.07577411039014705,53.84372596016669,0.08258752341161216,4.4832725461784975,14.474388510000571,4.781615599753769,0.5440082212114868,1.0720167832450542,0.009396048420899153,0.5679304198782175,1.0535240260472878,0.043977451237757655,32.79682459455963,0.2705811387781487,-0.1825557809330628,1.4441227417384193,0.6693003616417557,0.8291213780177202,-0.07503362534066123,-0.18132812621717206,-0.1770969393619578,1.0295753009428115,0.5685737419080918,0.42158892480038096,Industrial Distribution,Industrials,WSO
2022Q2,2022,Q2,2022-08-04,2022-06-30,192557000.0,2133755000.0,287097000.0,4.93,595533000.0,0.2791009277,3788592000.0,1834437000.0,2623931000.0,1061343000.0,1568817000.0,1480519000.0,905167000.0,8454985298.219999,8831480298.22,51.81561278790535,2.472274278908892,0.13343849113338146,0.27558537033433145,0.08866135543996201,51.81561278790535,0.10496790023315056,3.9624911473997715,10.977249980810877,4.60903552328044,0.4450058943585536,1.038974845983064,0.010134730810003871,0.5632052752051422,1.0478064113109522,0.05082547817236588,51.54724490452616,0.27910092770725786,0.29736842105263156,1.633117854847074,0.6866621059215166,0.816267280360797,0.32235466007043284,0.4275113055081919,0.9209337802846304,1.271977797012823,0.6545170516850489,0.43948595750807884,Industrial Distribution,Industrials,WSO
2022Q1,2022,Q1,2022-05-05,2022-03-31,134890000.0,1523570000.0,149457000.0,3.8,450358000.0,0.2955939012,3473889000.0,1725210000.0,2320128000.0,836839000.0,1393174000.0,1390298000.0,798299000.0,10768712353.279999,11212580353.279999,48.805089889871496,2.772490287857043,0.15961218104550837,0.32139565618098664,0.047587701568282285,48.805089889871496,0.07818758296091491,7.068078495428499,19.958322250129733,6.241971906770769,0.5619022907554303,0.7719294712356631,0.007038445963960947,0.43857762870373806,1.076216572124387,0.038829680510805036,-98.08195744063828,0.2955939011663396,0.5447154471544715,4.198633171393127,0.7627643777624282,0.7793016513505924,0.09278630686767657,0.4105258755006222,0.21444590707425285,3.0986856655916726,0.741705969728286,0.3755725836262901,Industrial Distribution,Industrials,WSO
2021Q4,2021,Q4,2022-02-25,2021-12-31,95631000.0,1511865000.0,123066000.0,2.46,412119000.0,0.2725898146,3085861000.0,1664948000.0,1961400000.0,726722000.0,1088446000.0,1115469000.0,760796000.0,12154729387.6,12406175387.6,42.85812654713981,2.698968794119347,0.11980902574678509,0.222057385576006,0.04295044828127263,42.85812654713981,0.05743782989018276,8.039560005423764,31.77507656408487,7.300365769741758,0.785121979274503,0.9859045836325349,0.006177184008440128,0.48993295550253235,1.123846532786953,0.030990054315473057,573.3362918679245,0.2725898145667768,-0.256797583081571,1.193904824831294,0.5135066569240141,0.5139432468025109,-0.146157575456218,-0.32111596209136406,-0.4049004105435713,1.3291615753115484,0.47067207434113195,0.1911837574964066,Industrial Distribution,Industrials,WSO
2021Q3,2021,Q3,2021-11-04,2021-09-30,140865000.0,1782569000.0,206799000.0,3.31,482664000.0,0.2707687613,3090921000.0,1644581000.0,1980861000.0,796693000.0,1069396000.0,1042144000.0,756992000.0,10260099616.72,10396782616.72,42.415672408366284,2.486354216743463,0.08860918800577562,0.16653725173767664,0.07533026072006678,42.415672408366284,0.08565403589120876,5.755793810348996,18.209100231995173,6.23873169927173,0.5361942285166649,1.247337220192219,0.007361624430713484,0.5767112779653701,1.1400162923484956,0.04557379499508399,44.21923050976606,0.27076876126534233,-0.026470588235294076,1.0455613449625674,0.3159072244123842,0.45031942683572157,0.009881972879497679,-0.022463255194237416,-0.04605527186172347,0.7176769423444834,0.3276990137735545,0.16110066187173924,Industrial Distribution,Industrials,WSO
2021Q2,2021,Q2,2021-08-05,2021-06-30,144102000.0,1849640000.0,216783000.0,3.4,477941000.0,0.2583967691,3131684000.0,1575703000.0,2022062000.0,815264000.0,1200151000.0,1044608000.0,691658000.0,11103053428.4,11392829428.4,40.67885567088424,2.480254248930408,0.12343614489839971,0.245327323740578,0.08010262294935477,40.67885567088424,0.09145251357647984,6.002818617893212,19.26249016044191,7.04641257165849,0.5231572080887149,1.3131232002818283,0.0067898439367290115,0.5906215314188787,1.1709716116497233,0.04601422110276771,97.87513710563199,0.2583967691010143,1.6771653543307086,1.0420437861951344,0.39470272612481955,0.4381724567913285,0.6211226473012438,1.6156610760182966,1.6475696140693699,0.5454014955445848,0.3388967334982068,0.14429167866950454,Industrial Distribution,Industrials,WSO
2021Q1,2021,Q1,2021-05-06,2021-03-31,55092000.0,1136118000.0,81880000.0,1.27,294821000.0,0.2594985732,2692264000.0,1491407000.0,1695355000.0,630820000.0,895437000.0,986648000.0,622944000.0,10080686001.75,10247049001.75,38.57717373425677,2.687541612504359,0.09666139724781819,0.17449160423680457,0.03502147163549112,38.57717373425677,0.03693961473963848,8.872921652284358,45.744781464414075,6.759178414577645,1.2437558992231177,0.852682010200193,0.006797255661777859,0.4219935340664957,1.256944928822802,0.020463074943616228,-236.81927318697583,0.2594985732115854,0.22115384615384612,0.9775375693076598,0.2231610225489604,0.41220060518901347,0.04456073468346537,0.19739187133231906,0.17372170697094366,0.556176837149432,0.18516726264612438,0.11514527015030845,Industrial Distribution,Industrials,WSO
2020Q4,2020,Q4,2021-02-26,2020-12-31,46010000.0,1154716000.0,69761000.0,1.04,282244000.0,0.2444272011,2484347000.0,1486678000.0,1484445000.0,487145000.0,704586000.0,781299000.0,636373000.0,8738023758.35,8808098758.35,38.54497426585153,3.047234396329635,0.0870015340047103,0.14538588719278822,0.030600519619886715,38.54497426585153,0.03094819456533291,7.567249226952775,47.4789380479787,5.877549649856929,1.48356878939361,1.1166941209447343,0.0078117205775244235,0.464796584374083,1.599527861314393,0.018519957155743543,55.73678987038585,0.2444272011472951,-0.5889328063241106,0.15916747534766956,0.16966658690957467,0.4217762156185525,-0.2448583728191394,-0.5679365943900309,-0.5550417461299519,0.026702946594088645,0.15577059765413848,0.10557151270170868,Industrial Distribution,Industrials,WSO
2020Q3,2020,Q3,2020-11-05,2020-09-30,106489000.0,1536671000.0,156781000.0,2.53,373763000.0,0.2432290321,2647685000.0,1489612000.0,1644119000.0,609498000.0,837747000.0,884653000.0,658622000.0,8962118859.33,9094004859.33,38.709120479789654,2.697496956511752,0.08478576567831898,0.15070098790826067,0.06516949035254141,38.709120479789654,0.0714877431169996,5.832165023827481,21.04001084461775,6.016411561755678,0.639868906647635,1.3145357558274262,0.007603001150678113,0.5803828627650193,1.2087389950418213,0.0402196635929123,83.03332461809995,0.24322903210902008,0.2281553398058251,0.68436151562735,0.19706816908050576,0.4296313964684948,0.17094038515158255,0.2299775924599783,0.21301518773839642,0.5209619663421023,0.1607559020806922,0.3149847736433955,Industrial Distribution,Industrials,WSO
2020Q2,2020,Q2,2020-08-06,2020-06-30,86578000.0,1355385000.0,129249000.0,2.06,319199000.0,0.2355043032,2636727000.0,1437039000.0,1631469000.0,638858000.0,900645000.0,854368000.0,620272000.0,6827322672.299999,7010458672.299999,37.40292389226907,2.553727119328552,0.0996345089954326,0.1828127141991275,0.054155174033325336,37.40292389226907,0.060247495022751646,5.037183289102358,19.714369332567166,4.750965472962111,0.7863083000300307,1.212809936701749,0.00997125861301442,0.5140407027348679,1.1835838324009404,0.032835405409813,31.720170753498483,0.2355043032053623,2.121212121212121,0.21419827771016747,0.01646603845479241,0.4239598964666058,0.28909395634351714,1.8384368238148319,1.8567734235130295,0.09093204195788836,-0.012754023076268627,0.31106636012245154,Industrial Distribution,Industrials,WSO
2020Q1,2020,Q1,2020-05-07,2020-03-31,30502000.0,1008156000.0,45243000.0,0.66,247615000.0,0.2456117902,2581829000.0,1404342000.0,1590379000.0,520474000.0,898943000.0,942815000.0,601771000.0,6060287413.04,6388709413.04,36.62007280091605,3.055635824267879,0.1470500176425317,0.270345827440894,0.018376533387279088,36.62007280091605,0.021719780509306136,6.011259579906285,49.67122986230411,4.315392840946152,2.007671628089961,0.806670449664038,0.010104801278604936,0.39048132157474413,1.202870844653143,0.011814105426811768,159.48124771157896,0.24561179023881224,-0.21428571428571422,-0.10547869101764538,0.14393397937402752,0.4662523182616933,-0.04953919261786958,-0.18176940823005527,-0.13049410950742799,0.0835798097254604,0.07518392042509445,0.33506886585554857,Industrial Distribution,Industrials,WSO
2019Q4,2019,Q4,2020-02-28,2019-12-31,37278000.0,1072315000.0,52033000.0,0.84,260521000.0,0.2429519311,2556161000.0,1435427000.0,1546730000.0,461717000.0,841394000.0,920786000.0,632507000.0,6889353767.85,7196300767.85,37.53504069666905,3.349952460056701,0.14920852012060273,0.26570560537038806,0.0227957913660533,37.53504069666905,0.025969972698019473,6.4247481083916576,46.20254418054885,4.799515243791569,1.6352272117602875,0.8816315625997789,0.008848144841170424,0.419502136211295,1.3173957207553544,0.014583588435939676,51.24405890904628,0.24295193110233468,-0.582089552238806,-0.018949101036436294,0.11952617492138069,0.48646425617433975,-0.22160739308795277,-0.5534499281264974,-0.5847956016246539,-0.13124971223397827,0.09047816713046221,0.32590773231014847,Industrial Distribution,Industrials,WSO
2019Q3,2019,Q3,2019-11-01,2019-09-30,83480000.0,1394915000.0,125319000.0,2.01,334691000.0,0.2399364836,2693059000.0,1443109000.0,1690827000.0,542288000.0,940037000.0,970475000.0,656187000.0,6445952218.64,6782055218.64,37.875735397789065,3.1179502404626325,0.14713862562981353,0.274582862417184,0.05048339855845481,37.875735397789065,0.05784732823369545,4.621035847087457,19.30388182390992,4.466711952208739,0.7220412074748442,1.0924794559365258,0.009350984611039724,0.517966743394779,1.2925825391673798,0.0309982068718138,51.86887215861725,0.23993648358502132,-0.08636363636363653,0.4077373242523984,0.1286961979605923,0.5035909346258188,0.020449168252109858,-0.07403915478897455,-0.06756696428571428,0.23362368779261744,0.0478943941881413,0.2950853242224644,Industrial Distribution,Industrials,WSO
2019Q2,2019,Q2,2019-08-08,2019-06-30,90155000.0,1371854000.0,134400000.0,2.2,327984000.0,0.2390808351,2632434000.0,1355595000.0,1695094000.0,580518000.0,999072000.0,967394000.0,632983000.0,6189746812.76,6545563812.76,35.995914039762035,2.919968028553809,0.1564073401270459,0.3037278833279851,0.05740331901558028,35.995914039762035,0.06650585167398818,4.51195740418441,17.164180613277136,4.566073799888611,0.6678830902334868,1.079053622412378,0.0097278615461092,0.5211351927531707,1.2253418498651205,0.03424777221385227,592.5470814436148,0.2390808351326016,1.75,0.4917883229174632,0.08828084265319286,0.4064584868567065,0.4030800821355236,1.5731369694893969,1.4377856780091416,0.314055600759344,0.06397449419541729,0.27261033466256174,Industrial Distribution,Industrials,WSO
2019Q1,2019,Q1,2019-05-09,2019-03-31,35037000.0,931278000.0,55132000.0,0.8,233760000.0,0.2510099025,2398943000.0,1335212000.0,1490384000.0,469773000.0,799688000.0,893640000.0,603041000.0,5465437830.629999,5712744830.629999,35.479836157544895,3.172562067211185,0.13530125559465148,0.24309248269188713,0.02490048180854779,35.479836157544895,0.0262407767455655,5.868750073157531,38.99761559658361,4.093310897917334,1.7114764391928532,0.78053578622264,0.010971673607544787,0.38820347127880905,1.2388792033599207,0.014605182365733575,111.9874975540939,0.2510099025210517,-0.14893617021276587,0.9430987119139962,0.13464840230971517,0.4683431425036779,-0.06362660428450113,-0.11507084585659082,-0.057604868209633855,0.29199331442852594,0.029998720684528288,0.2988158862762595,Industrial Distribution,Industrials,WSO
2018Q4,2018,Q4,2019-02-28,2018-12-31,39593000.0,991326000.0,58502000.0,0.94,249644000.0,0.2518283592,2161033000.0,1347849000.0,1441806000.0,357566000.0,559320000.0,837129000.0,627969000.0,5212413007.0199995,5265517007.0199995,35.979441691866,4.032279355419699,0.0629319404192347,0.10090002663503107,0.03323095168804565,35.979441691866,0.02937495223871517,5.258021081884263,32.912465631677314,3.8672084239555016,1.370621069380951,0.8859829249733314,0.010411109005927585,0.4587278398802795,1.6355078502989657,0.018321330585881843,54.16281856082962,0.25182835918759316,-0.517948717948718,0.3141030813723346,0.11072906175102055,0.48675436954230544,-0.21743900642301628,-0.4998547301138158,-0.5216399421081466,0.02701005933303819,0.033869517905130084,0.32714356211283124,Industrial Distribution,Industrials,WSO
2018Q3,2018,Q3,2018-11-08,2018-09-30,79163000.0,1296007000.0,122297000.0,1.95,319009000.0,0.2461475903,2230748000.0,1367244000.0,1501845000.0,508821000.0,570198000.0,810869000.0,642643000.0,6533699472.3,6582834472.3,36.53057293067991,2.9516175629543593,0.0523353601572208,0.08538856268522663,0.06585121850747323,36.53057293067991,0.05789968725406731,5.041407548184539,20.633690841365283,4.778736986448651,0.6844864393719288,1.2048777299415812,0.008293310739149346,0.5809741844439623,1.3174868961776343,0.03548719980921198,76.64343412514077,0.24614759025221314,-0.1875,0.6070330969624229,0.11130254851022926,0.5122381080745528,-0.005477513202770868,-0.11999066220527585,-0.10956999111732413,0.2874285070038373,0.03804373232794357,0.34917180616256427,Industrial Distribution,Industrials,WSO
2018Q2,2018,Q2,2018-08-03,2018-06-30,89957000.0,1332743000.0,137346000.0,2.4,320766000.0,0.2406810615,2325620000.0,1328446000.0,1621453000.0,522923000.0,723626000.0,872902000.0,617666000.0,6662152094.64,6733670094.64,35.549376465083206,3.1007490586568194,0.06171171558552128,0.10803450046144142,0.07396159161909141,35.549376465083206,0.06771596286187019,4.998827301767858,18.514824012139133,5.014996540800303,0.6023322253965784,1.1593248726661183,0.008133107625026071,0.5730699770383811,1.3996075904100604,0.0386808678975929,391.2468930373503,0.24068106153999683,1.926829268292683,0.6258806895121795,0.10325673107569622,0.5501040472843731,0.38960200664549693,1.628861159005231,1.5464152622504033,0.2970840240289652,0.027608507827851087,0.35339383029184157,Industrial Distribution,Industrials,WSO
2018Q1,2018,Q1,2018-05-09,2018-03-31,34219000.0,926577000.0,53937000.0,0.82,230833000.0,0.2491244656,2076278000.0,1292714000.0,1371724000.0,377731000.0,526652000.0,810021000.0,581893000.0,6762543603.61,6795939603.61,34.59385495941441,3.631483780785797,0.0440543125727865,0.07075733688967552,0.0309392660539281,34.59385495941441,0.026470665591925204,7.298415138310146,49.40635029961425,5.23127590759441,1.3612612875887664,0.8589209415558362,0.006888088673488774,0.4462682742869693,1.4420950358853257,0.016480933670731952,-149.91894128779816,0.24912446564074006,-0.22641509433962273,1.3695317464508325,0.20342820110792748,0.5873729515565087,-0.04190843813555804,-0.20890070512079528,-0.12106052211322231,0.029863999427833906,0.07895896097089874,0.3851234077989411,Industrial Distribution,Industrials,WSO
2017Q4,2017,Q4,2018-03-01,2017-12-31,43255000.0,964345000.0,61366000.0,1.06,240930000.0,0.2498379729,2046877000.0,1297953000.0,1337397000.0,416477000.0,495900000.0,761314000.0,594556000.0,6330370698.599999,6272203698.599999,34.86429762617377,3.2112145448608205,0.01090881376848731,0.017203242336201695,0.040775426823389506,34.86429762617377,0.03332555184972029,6.5644252820308076,36.587508372442485,4.87719562927163,1.0329210495896428,0.9502189635288462,0.007057880513992811,0.4711299213387028,1.341320168940902,0.021132193092208276,53.75289296413287,0.2498379729246276,-0.36526946107784425,0.6940928387771302,0.16808317067239445,0.6085788641824518,-0.1857584616164518,-0.33483522736010085,-0.46386978971003223,0.16934166957465538,0.03421415508434872,0.3806973770653253,Industrial Distribution,Industrials,WSO
2017Q3,2017,Q3,2017-11-07,2017-09-30,65029000.0,1229591000.0,114461000.0,1.67,295895000.0,0.24064506,2148219000.0,1052139000.0,1438941000.0,460399000.0,816184000.0,786056000.0,595980000.0,5756986328.73,5975608328.73,29.436934370380015,3.1254216451382386,0.13280256808081486,0.27115143531415525,0.06095795113755752,29.436934370380015,0.06180647233873091,4.682033561346821,22.132380663742328,5.471697493135412,0.6863553183964077,1.1878237682811403,0.0077528410615222195,0.5723769317746468,1.3795077747779643,0.030271122264536345,38.6507215807424,0.24064506002402425,-0.1164021164021164,0.5304348484739382,0.16235690679455106,0.09711836150985334,-0.04635520404282611,-0.11832257714626607,-0.11509261836286606,0.1689711219191176,0.06058996894438643,0.16858741348853784,Industrial Distribution,Industrials,WSO
2017Q2,2017,Q2,2017-07-28,2017-06-30,73756000.0,1275924000.0,129348000.0,1.89,310278000.0,0.2431790608,2154418000.0,1018665000.0,1451741000.0,424436000.0,874058000.0,770012000.0,575584000.0,5505983163.0,5836373163.0,28.528627558391246,3.4204002488007617,0.17704270944635628,0.3744351675968056,0.0657234521230967,28.528627558391246,0.0724045687247525,4.315290850395478,18.662831373040834,5.405097026991209,0.5077824177016107,1.2540661703973444,0.006802054944823667,0.5922360470437956,1.5649638579196863,0.034234767812003054,-667.9586513405313,0.24317906082180443,1.9076923076923074,0.8213349504288193,0.21767740126600538,0.0845106566497178,0.4196727612145171,1.8171574806157136,1.6560709665496212,0.28718505374622366,0.06753996836143154,0.11469124811085772,Industrial Distribution,Industrials,WSO
2017Q1,2017,Q1,2017-05-05,2017-03-31,26181000.0,872095000.0,48699000.0,0.65,218556000.0,0.2506103119,1935279000.0,978336000.0,1300501000.0,378898000.0,727061000.0,751505000.0,539280000.0,5106870645.4800005,5341844645.4800005,27.42935120238079,3.4323247945357327,0.14591952891546903,0.28864827625682793,0.02749296970349134,27.42935120238079,0.026760744774801296,5.855865066856249,48.76504569611551,5.2199557672210775,1.4278675375272143,0.8696402552211895,0.00732013841648545,0.4506301158644309,1.396209533964286,0.013528281968646381,169.2698258362612,0.2506103119499596,-0.41964285714285715,0.8017114537362984,0.2781572626683053,0.14115126351574164,-0.041723666210670314,-0.34329144405147116,-0.16143196611220167,0.5319701496109428,0.12109361907688444,0.13517152566602525,Industrial Distribution,Industrials,WSO
2016Q4,2016,Q4,2017-02-21,2016-12-31,39867000.0,913611000.0,58074000.0,1.12,228072000.0,0.249637975,1874649000.0,1005828000.0,1240156000.0,314888000.0,622901000.0,685011000.0,550482000.0,5262763292.360001,5442595292.360001,28.30893868555333,3.938403495846142,0.12580595087400362,0.23447547692050727,0.03248627487301881,28.30893868555333,0.03963600138393443,5.760398344984901,33.00200223468031,5.232269624985584,0.9357614066772016,1.0007707905420498,0.00708867146925598,0.4873504320008706,1.689438784583725,0.021266381066535656,54.32922422636991,0.2496379750243813,-0.3170731707317072,0.649301567248276,0.318526293811337,0.16780269846931964,-0.24530449630051224,-0.3681833309561166,-0.5132103939647946,0.39511904458586156,0.0792937089528531,0.16979131161356245,Industrial Distribution,Industrials,WSO
2016Q3,2016,Q3,2016-11-03,2016-09-30,63099000.0,1241232000.0,119300000.0,1.64,302204000.0,0.243471003,1957597000.0,1039019000.0,1349009000.0,358127000.0,651263000.0,739718000.0,558235000.0,5005780366.5,5189858366.5,29.24574519484164,3.7668452811432815,0.11237655145568777,0.21172663830016583,0.06449200052540688,29.24574519484164,0.060729399558622124,4.032912756438764,19.833041595350167,4.817794830027171,0.47756699789220114,1.2694405165211609,0.006019840622985511,0.6340590019294063,1.6304551178771776,0.032232885522403235,49.564144782961705,0.24347100300346752,-0.017964071856287442,0.7473055029862997,0.2615030179882254,0.19964485020363795,0.03543810238435419,-0.02355271506166726,0.014542052895654392,0.3494406819108686,0.12126088396538716,0.2106716877011931,Industrial Distribution,Industrials,WSO
2016Q2,2016,Q2,2016-08-09,2016-06-30,64621000.0,1214435000.0,117590000.0,1.67,291861000.0,0.2403265716,2019591000.0,1003303000.0,1406825000.0,406549000.0,746351000.0,749333000.0,525270000.0,4990425541.75,5228660541.75,28.28510272101987,3.4604069866116998,0.13308585748302504,0.2678941456369611,0.064587371320703,28.28510272101987,0.06440825951880937,4.109257013961225,19.306516232145896,4.9739964315366345,0.466272573931075,1.2311936081822101,0.006037761659386249,0.6013271994181,1.566979626072134,0.0319970726746158,-1786.1222411417323,0.24032657161560725,0.7395833333333334,0.6661452003762071,0.27662450656702814,0.18256929055478932,0.373806172833695,1.5304851783686415,1.3207941896265887,0.2304527778177031,0.059112315318555805,0.23335080852323228,Industrial Distribution,Industrials,WSO
2016Q1,2016,Q1,2016-05-06,2016-03-31,25537000.0,851424000.0,50668000.0,0.96,212447000.0,0.2495196283,1876890000.0,968068000.0,1261925000.0,347251000.0,656186000.0,746122000.0,490780000.0,4774945223.84,4980642223.84,27.317063590334232,3.634042810531863,0.12710014971575317,0.24642173896875014,0.028884152347474684,27.317063590334232,0.026379345252606223,5.60818725316646,46.74536186552845,4.932448158435151,1.176058268394878,0.8563974792326188,0.006289705659879284,0.45363553538033663,1.431270176327786,0.013606018466718882,122.0932579160807,0.24951962829330626,-0.06796116504854374,1.1332977921275513,0.48044921051881745,0.18084131187015534,-0.04320823631671628,-0.29725639120504144,-0.06518329920112174,0.864647466600595,0.16604738101122898,0.25347024522472333,Industrial Distribution,Industrials,WSO
2015Q4,2015,Q4,2016-02-29,2015-12-31,36339000.0,903816000.0,54201000.0,1.03,222041000.0,0.245670579,1788442000.0,957310000.0,1181265000.0,270301000.0,584721000.0,673967000.0,495276000.0,4136035175.0899997,4346804175.09,27.110436820102734,4.3701836101235285,0.13754877150055747,0.2569679623110591,0.030779044545565515,27.110436820102734,0.037959490656109304,4.576191586661444,28.454519765885134,4.320476308708778,0.6794903547153196,1.0115851369577442,0.005969968570072111,0.5053650048477949,1.79913503834614,0.0203188026226179,34.89736057281471,0.24567057896740044,-0.31788079470198677,1.333279730336686,0.28224501924726964,0.16766303024192925,-0.2232145980702896,-0.37311965222191557,-0.5102909288037586,0.50049940700307,0.15420599287593725,0.25082903247223487,Industrial Distribution,Industrials,WSO
2015Q3,2015,Q3,2015-11-05,2015-09-30,57968000.0,1177012000.0,110680000.0,1.51,285846000.0,0.2428573371,1929459000.0,955362000.0,1314494000.0,331037000.0,707894000.0,751944000.0,493478000.0,4180457206.0,4459989206.0,27.07629433391693,3.9708370967595767,0.15964941468048816,0.32242961306813545,0.059904027262596395,27.07629433391693,0.0606764765607173,3.551754107859563,18.029159217154294,4.375783426596411,0.4256658846260006,1.1851494260210866,0.005902464439675453,0.610021772942571,1.6267335675468302,0.03004365472394075,24.89478758969778,0.242857337053488,-0.11695906432748536,0.59392662227125,0.2517720339986161,0.07708788476718594,-0.031834578062287254,-0.11395075126484569,-0.11356009578804892,0.3819676921473838,0.12709758285728368,0.009137001211515108,Industrial Distribution,Industrials,WSO
2015Q2,2015,Q2,2015-08-06,2015-06-30,65423000.0,1223439000.0,124859000.0,1.71,295245000.0,0.2413238421,2066555000.0,925941000.0,1441410000.0,371898000.0,875857000.0,799044000.0,460185000.0,4361999697.94,4776901697.94,26.26683798123821,3.875820789571334,0.21134351614159796,0.4716855609590676,0.06263716571680303,26.26683798123821,0.07065568972537127,3.5653593664579923,16.668448779251946,4.710882980600275,0.37664124237653424,1.161630648625107,0.005649014604846711,0.5920186010050543,1.6696029556491296,0.03165800087585378,-63.34315522036507,0.24132384205505955,0.9213483146067415,0.17270556663304348,0.22245467515110073,0.06488645504158075,0.44568490635328684,1.0901916932907347,1.6561223621511232,0.6364317863370189,0.18267317363429428,-0.0014708682063642997,Industrial Distribution,Industrials,WSO
2015Q1,2015,Q1,2015-05-07,2015-03-31,31300000.0,808972000.0,47008000.0,0.89,204225000.0,0.252450023,1889505000.0,879166000.0,1273336000.0,356141000.0,765098000.0,800856000.0,419403000.0,4424820630.900001,4750036630.900001,24.975287230461642,3.5753704291277892,0.1807177011968743,0.3883987779327226,0.02641624101031022,24.975287230461642,0.035601922731315815,5.4696832905217985,35.342017818690096,5.032975150199166,0.7835143769968052,0.7551257654309889,0.005542371554846928,0.42813964503930924,1.2711454171241166,0.016565185061696054,-222.38632109865813,0.25245002299214314,-0.101010101010101,3.9315950617786517,0.3689865800492248,0.03745534936875538,-0.04699129704379477,-0.10013512347986085,-0.0955825765738033,1.1825060338034632,0.2013404281840826,0.03905412743543499,Industrial Distribution,Industrials,WSO
2014Q4,2014,Q4,2015-02-24,2014-12-31,34783000.0,876787000.0,51976000.0,0.99,214295000.0,0.2444094176,1791067000.0,883960000.0,1157335000.0,287022000.0,659028000.0,677990000.0,420879000.0,3745708447.0,4025315447.0,25.251223190035965,4.032217042596038,0.16976137687758192,0.34396805285307025,0.030098251489940036,25.251223190035965,0.039349065568577764,4.272084835883744,26.921976590575856,4.23741848839314,0.6033407124169853,0.9771412557707341,0.005602678451070594,0.4895333340405468,1.5980691375573999,0.019420267360182507,41.16932225800424,0.2444094175666382,-0.3125,3.265802787400593,0.3494471769916149,0.038958848859839836,-0.22007897657998654,-0.36132278143992946,-0.506109960280507,0.46050649632308827,0.28431488999324206,0.041665563959261444,Industrial Distribution,Industrials,WSO
2014Q3,2014,Q3,2014-11-04,2014-09-30,54461000.0,1134999000.0,105238000.0,1.44,274765000.0,0.2420839137,1904988000.0,881443000.0,1271336000.0,340751000.0,765427000.0,729865000.0,417793000.0,3015569538.32,3351777538.32,25.19018605762927,3.7309824475936972,0.18524998582668237,0.40036508316476505,0.05847907379587804,25.19018605762927,0.06178618469940768,2.656891801948724,13.842793642790253,3.4211736190769004,0.38513798865243015,1.1786207038287904,0.0069555683374111,0.5958037530945077,1.5237314050435655,0.028588631529437455,29.139034470523438,0.24208391373032045,-0.3571428571428572,1.2228366491643492,0.31945633280500335,0.018661193846335095,-0.01614191131974806,-0.029232990499278088,-0.06852540272614623,0.5311929442795841,0.17119375717737412,0.0332879801276702,Industrial Distribution,Industrials,WSO
2014Q2,2014,Q2,2014-08-01,2014-06-30,56101000.0,1170186000.0,112980000.0,2.24,279273000.0,0.2386569315,1990839000.0,894728000.0,1346218000.0,385652000.0,805305000.0,759973000.0,384307000.0,3592434315.1200004,3925294315.1200004,25.59330003419389,3.4907585076701273,0.1756671433501152,0.39087298039180624,0.0636904877049423,25.59330003419389,0.06270173728775673,3.0699686332941947,16.00878021389993,4.015113325077565,0.2493003689773801,1.1722955947119174,0.0038931818296955604,0.5877853507993364,1.469630651468163,0.02817957655038906,-38.14879965933588,0.2386569314621778,2.2000000000000006,1.815340981230271,1.3610170503380814,0.2800890255036174,0.4849496727264993,2.348713663224497,2.177790903721205,0.46763947578760384,0.24811157232231273,0.07002795651509815,Industrial Distribution,Industrials,WSO
2014Q1,2014,Q1,2014-05-01,2014-03-31,16753000.0,762568000.0,35553000.0,0.7,188069000.0,0.2466258747,1776856000.0,844857000.0,1139166000.0,353175000.0,648807000.0,707839000.0,342192000.0,3493317981.68,3701198981.68,24.16317761871934,3.225500106179656,0.12794396394530563,0.26908459064670115,0.023424647818246633,24.16317761871934,0.019829391246092534,4.580992097334271,52.12973768399689,4.134803856368593,0.8310750313376709,0.8116238297126889,0.003985609118040888,0.42916702310147814,1.1731577829687831,0.009428451151922273,150.80155327778976,0.24662587467609445,-0.1250000000000001,11.90454832223699,0.9967178180700819,0.1459486444722822,-0.05269228831914572,-0.40017901897601144,-0.1137230462420541,0.4184593238698644,0.34390599746032496,0.044507520505831046,Industrial Distribution,Industrials,WSO
2013Q4,2013,Q4,2014-02-27,2013-12-31,27930000.0,827352000.0,40115000.0,0.8,198530000.0,0.2399583249,1669531000.0,840396000.0,1021102000.0,243506000.0,542139000.0,583154000.0,339362000.0,3335887243.26,3547073243.26,24.199990549173368,4.193334045156998,0.1381609565800216,0.2744706067139777,0.026866593145642267,24.199990549173368,0.03323433238616081,4.0320048096336265,29.859355918904402,3.9694230377821884,0.49688506981740066,1.0783120753694564,0.004160212557555665,0.49555953138935427,1.7208734076367729,0.0167292491124753,34.959675996478765,0.23995832487260563,-0.5789473684210525,5.417082811079635,0.8981023689015895,0.13112246857691312,-0.2322803435461355,-0.38882688899100637,-0.5797496202399036,0.8235264708390813,0.1935170200692832,0.0423083362316234,Industrial Distribution,Industrials,WSO
2013Q3,2013,Q3,2013-11-01,2013-09-30,45699000.0,1081893000.0,95455000.0,1.9,258597000.0,0.239022713,1818033000.0,838755000.0,1161815000.0,311789000.0,661510000.0,643874000.0,335919000.0,3273198350.29,3529415350.29,24.156627673661934,3.7262860460118863,0.15700815111716895,0.34032107111134957,0.05993152893659327,24.156627673661934,0.05448432498166926,3.0254362957242535,17.906290894166172,3.9024486891762193,0.18950086435151753,1.2786601105185176,0.002645730283724706,0.5950898581048859,1.589437087260936,0.025136507423132583,26.367204104189657,0.23902271296699396,-0.09090909090909088,0.49706434464798144,0.7400862265041346,0.1030425493136903,-0.030309734513274338,-0.10949374488483574,-0.0916401008707237,0.2769286304452061,0.16925324785548654,-0.03905568896328926,Industrial Distribution,Industrials,WSO
2013Q2,2013,Q2,2013-08-02,2013-06-30,51318000.0,1120452000.0,105085000.0,2.09,266680000.0,0.2380110884,1913009000.0,794889000.0,1260984000.0,361777000.0,822942000.0,692006000.0,298880000.0,2984272666.2,3357033666.2,22.933542124067188,3.4855283779786994,0.2082018432741299,0.5010661865996384,0.0618237568477073,22.933542124067188,0.06455995742801825,2.6634542722044316,14.538138012977901,3.754326284802029,0.1687127323746054,1.2337638690994008,0.002901209429708243,0.5857013741179472,1.5234357076320495,0.0268258016559253,-47.14267358892943,0.23801108838218862,2.4262295081967213,0.5042892865368703,0.678201293621032,0.07084182545589086,0.5200118554996979,2.8339932760552857,2.439320547227859,-0.06444693932250477,0.13863327477220969,-0.07024901925810549,Industrial Distribution,Industrials,WSO
2013Q1,2013,Q1,2013-04-30,2013-03-31,13385000.0,713633000.0,30554000.0,0.61,175446000.0,0.2458490569,1727283000.0,754809000.0,1066900000.0,309640000.0,693122000.0,647078000.0,256220000.0,2871600369.41,3171588369.41,21.79314881577967,3.4456142617232914,0.1864321017459212,0.42662580864828054,0.020372456317829978,21.79314881577967,0.017732962908497383,4.0239175730522545,53.63467257022786,3.80440663718901,0.6454986925663055,0.8317188963308906,0.0030087752084302657,0.41315349019240044,1.3013499547862033,0.007749164439179914,-139.61495378306105,0.24584905686816613,-0.11594202898550719,0.3285347545186634,0.4233469691677193,0.04214843268578188,-0.04019300520260623,-0.43465957087345836,-0.08605785049804074,1.1434075409579258,0.22739382094681873,-0.09472837649915335,Industrial Distribution,Industrials,WSO
2012Q4,2012,Q4,2013-02-28,2012-12-31,23676000.0,765540000.0,33431000.0,0.69,182793000.0,0.2387765499,1682055000.0,748214000.0,1015451000.0,282358000.0,660015000.0,546083000.0,251475000.0,2585646119.0,2828076119.0,21.6739747130106,3.5963245241856083,0.18798434058339353,0.4226063666277295,0.023101471061124576,21.6739747130106,0.03164335337216358,3.3775454176137107,27.302396086754523,3.4557574691197974,8.18719378273357,1.0671399768899599,0.07496772221674623,0.4551218598678402,1.5987682304025386,0.014075639619394134,24.436458581810964,0.23877654988635472,-0.6011560693641619,1.7040406623181195,0.4655084407548929,0.03562407153376101,-0.24622997463969815,-0.42260699914644556,-0.6098929950873426,1.9444554863332715,0.19479280844357216,-0.10822665307823852,Industrial Distribution,Industrials,WSO
2012Q3,2012,Q3,2012-11-08,2012-09-30,41005000.0,1020859000.0,85697000.0,1.73,242505000.0,0.2375499457,1799817000.0,925474000.0,1140970000.0,328204000.0,578494000.0,618077000.0,430556000.0,2649026764.7999997,2805266764.7999997,26.831138191752558,3.476404918891909,0.11234531066213954,0.21848371753285342,0.05353047203351044,26.831138191752558,0.04430702537294403,2.594899750896059,16.150632635044506,2.862345959800059,0.5213022802097306,1.2593155868928951,0.008069378642768781,0.5672015543802509,1.5284243945838565,0.02278287181419,21.758277464927552,0.23754994568299834,-0.022598870056497196,0.24300302190901404,0.5066034202233763,0.2600962390485807,0.016899046021595556,0.04864076925044114,-0.0020262952568387465,0.6978389208842103,0.20393499006452728,0.08501934841361573,Industrial Distribution,Industrials,WSO
2012Q2,2012,Q2,2012-08-09,2012-06-30,39103000.0,1011801000.0,85871000.0,1.77,238475000.0,0.2356935801,1894875000.0,906985000.0,1237595000.0,381336000.0,664089000.0,672434000.0,410927000.0,2544540753.6,2744954753.6,26.3055299488916,3.245418738330501,0.12435332145919915,0.25979922490449125,0.0541507998833941,26.3055299488916,0.043113171662155385,2.514862857024257,16.268193959542746,2.8054937552440227,0.5251003759302355,1.150040003926036,0.008069432557112729,0.533967148228775,1.428711162859001,0.020636189722277196,-35.29035898090232,0.23569358006169197,3.3170731707317076,0.3071355850958268,0.6404747335924944,0.27502528165008266,0.5832680484922521,1.8982359916987845,3.31317494600432,0.9896751179049309,1.0699078956365629,0.31571232129672794,Industrial Distribution,Industrials,WSO
2012Q1,2012,Q1,2012-05-09,2012-03-31,13492000.0,633512000.0,19909000.0,0.41,150622000.0,0.237757138,1350613000.0,796013000.0,910962000.0,307339000.0,350654000.0,532432000.0,392356000.0,2451964910.4,2476423910.4,24.03656033984001,2.964029947387087,0.031479039517611634,0.05341118800823605,0.016841250920979108,24.03656033984001,0.0169494719307348,3.870431673591029,45.43368126297065,3.080307621106691,1.517195375037059,0.9069514980316735,0.008348406583298386,0.46905516235961003,1.1629991637898216,0.009989538083818236,440.2091401077199,0.2377571379863365,-0.39705882352941185,-0.012827284394997118,0.3301406602955589,0.21922558390502905,-0.062771451683156,-0.40115401686640034,-0.3874153846153846,10.271985527990207,0.7513553850661047,0.139943767903973,Industrial Distribution,Industrials,WSO
2011Q4,2011,Q4,2012-02-29,2011-12-31,22530000.0,645833000.0,32500000.0,0.68,160710000.0,0.2488414188,1268148000.0,802790000.0,828177000.0,223039000.0,266438000.0,465349000.0,404360000.0,2174446461.6,2178773461.6,24.241199924147168,3.7131488215065525,0.01577102987979321,0.02491311550966006,0.028511497984790114,24.241199924147168,0.028064624621632058,3.366886581515655,24.128345113182423,2.70861179337062,0.8339991122947181,1.0424928387081525,0.008641279669021585,0.5092725770178245,1.5393585875116012,0.017766065159587053,18.840894382684493,0.2488414187568613,-0.5668789808917197,0.5477018213453588,0.31849612670257077,0.230072390832494,-0.2675256486803065,-0.32840492443437563,-0.5626488675969911,4.428112492100788,0.5537118640101393,0.13304862015346686,Industrial Distribution,Industrials,WSO
2011Q3,2011,Q3,2011-11-08,2011-09-30,33547000.0,914039000.0,74311000.0,1.57,219407000.0,0.2400411799,1431750000.0,804583000.0,993715000.0,383075000.0,420122000.0,540456000.0,409770000.0,1686482171.5,1780460171.5,24.378669395260786,2.594048162892384,0.08032128514056225,0.14293118298547197,0.05739366328504632,24.378669395260786,0.04169489039664025,1.8450877604784917,12.568055053357977,2.096094711794805,0.5597817986705219,1.2852702162618233,0.01113501246401999,0.6384068447703859,1.111453370749853,0.023430766544438625,-84.55240005514891,0.24004117986212842,-0.012578616352201269,-0.08552703766741719,0.4280936500376364,0.24908773618270866,0.02915695315468289,-0.068733864475474,-0.016126256140025684,0.1561799162502035,0.5466396771824703,0.11318144245536163,Industrial Distribution,Industrials,WSO
2011Q2,2011,Q2,2011-08-09,2011-06-30,36023000.0,883548000.0,75529000.0,1.59,213191000.0,0.2412896639,1517892000.0,787997000.0,1082679000.0,445346000.0,546521000.0,612736000.0,395002000.0,2239950607.0499997,2286323607.0499997,23.918347065946747,2.4310962712138426,0.042849557148993474,0.08253965433878556,0.062097154323415324,23.918347065946747,0.045714641045587735,2.5351770442013333,15.545280841753877,2.842587734534522,0.5210282319629126,1.0940388682891165,0.008379202622114355,0.5820888442655999,1.0186304581157122,0.023732254995744096,-1696.9322780681816,0.24128966394581844,3.676470588235294,-0.00402599197824288,0.3715490763872892,0.28848972577033916,0.579356377698428,2.2388958820356053,3.5199880311190905,0.11092174370082883,0.3922681638293033,0.11682557781194713,Industrial Distribution,Industrials,WSO
2011Q1,2011,Q1,2011-05-10,2011-03-31,11122000.0,534339000.0,16710000.0,0.34,134986000.0,0.2526223989,1235674000.0,761691000.0,838289000.0,284772000.0,341187000.0,502832000.0,377749000.0,2295257587.7099996,2283899587.7099996,23.133560213159278,2.943719888191255,0.0195658401811481,0.03174121789544579,0.014884411306075769,23.133560213159278,0.014601721695543206,4.295508259195005,51.592734843328536,3.0133710227769526,1.5229275310196009,0.7942076081076781,0.007379563884548227,0.43242716120918623,1.118421052631579,0.00900075586279229,-49.23543669205027,0.25262239888909477,-0.2272727272727272,-0.3237213477177947,0.07506775602902062,0.2754537567341399,-0.12362118329903199,-0.2341275306431621,-0.23331039229181005,0.16122979803653814,0.12107189755375523,0.10624690917220243,Industrial Distribution,Industrials,WSO
2010Q4,2010,Q4,2011-03-01,2010-12-31,14522000.0,657248000.0,21795000.0,0.44,154027000.0,0.2343514168,1237227000.0,764461000.0,838004000.0,266005000.0,308331000.0,391925000.0,387186000.0,2076959527.08,1960533527.08,23.217688766326443,3.15033176068119,0.008140785805676728,0.013175296058268506,0.019491645890942686,23.217688766326443,0.01899639092118499,3.1600849710915817,35.75539745007575,2.71689403001592,1.1598264701831704,1.2839726988581999,0.008109450271127621,0.5312266867761535,1.6224732617807935,0.01173753886716019,39.02372145651316,0.23435141681678756,-0.6901408450704225,-0.18396891048851252,0.25282994669110986,0.3457655570070189,-0.21230330212078286,-0.5380602474790852,-0.6594158736111763,0.7389305523753267,0.31916958111683436,0.10938568906573841,Industrial Distribution,Industrials,WSO
2010Q3,2010,Q3,2010-11-05,2010-09-30,31437000.0,812787000.0,63993000.0,1.42,195541000.0,0.2405808656,1316924000.0,766722000.0,916700000.0,328860000.0,380179000.0,456768000.0,393584000.0,1698240000.0,1621162000.0,25.138426229508198,2.787508362221006,0.01730775655998372,0.029727854424419803,0.05587872672236095,25.138426229508198,0.04100182334666281,2.08940349685711,13.505105448993223,2.2149357915906935,0.5358971912078124,1.3513337186492924,0.009920270397588091,0.6171859575799363,1.33134160433011,0.023871537005932007,44.4984802431611,0.24058086558963174,-0.10126582278481021,0.10197049894052326,0.4525446791881274,0.4205275578033617,-0.027493049649622767,-0.3478747899682619,-0.09766071151595482,0.07770959686467631,0.3565481790114519,0.18059979867497392,Industrial Distribution,Industrials,WSO
2010Q2,2010,Q2,2010-08-06,2010-06-30,48207000.0,864805000.0,70919000.0,1.58,201069000.0,0.2325021248,1417568000.0,751361000.0,1015618000.0,448425000.0,497736000.0,522545000.0,378994000.0,1764301120.0,1697271120.0,24.666327435080923,2.264855884484585,0.014621520801823969,0.027585940712919622,0.06323431066497014,24.666327435080923,0.06415957176377267,2.040114384167529,9.14961063745929,2.348140401218589,0.34945132449644245,1.2701987388645954,0.009548256705748732,0.6100624449761846,1.0554473992306406,0.03400683424005056,29.145622625301485,0.232502124756448,7.777777777777779,0.839540288313139,0.6689702152504963,0.46713461329409983,0.6399872761084467,7.804931506849315,6.999887196841511,0.8240198404143708,0.5870898928869476,0.19557336979300768,Industrial Distribution,Industrials,WSO
2010Q1,2010,Q1,2010-05-07,2010-03-31,5475000.0,509755000.0,8865000.0,0.18,122604000.0,0.2405155418,1210920000.0,731019000.0,808842000.0,247503000.0,323278000.0,458234000.0,360795000.0,1727218080.0,1700883080.0,24.073602054929857,3.268008872619726,0.03944191193472731,0.0653348271385559,0.007821656660541342,24.073602054929857,0.00748954541537224,3.3883298447293306,78.86840547945206,2.362754018705396,2.8295890410958906,0.8448761986234108,0.008969336402499908,0.4209650513659036,1.3398585067655746,0.004521355663462491,-228.98290865703302,0.24051554177987464,-0.21739130434782614,-0.4888402698274752,0.2584741906647511,0.47493856508807086,-0.08233286428550043,-0.22592959140393043,-0.4040736757192794,-0.5631209819086377,0.16725158133183987,0.22110448030579274,Industrial Distribution,Industrials,WSO
2009Q4,2009,Q4,2010-02-26,2009-12-31,7073000.0,563606000.0,14876000.0,0.23,133604000.0,0.2370521251,1160613000.0,738026000.0,755298000.0,223926000.0,265805000.0,410078000.0,372454000.0,1487326680.0,1442813680.0,24.304353553316208,3.3729803595830767,0.011700713329938576,0.01840043575700585,0.013323489225097693,24.304353553316208,0.009583673203925065,2.6389475626590206,52.570574013855506,2.0152768059661854,2.174324897497526,1.0485858787840363,0.010340028325182736,0.48561062128375265,1.4485901592490376,0.006094193327146947,30.935058549470664,0.23705212506609227,-0.6515151515151516,-0.02424335240576993,0.5715107301043914,0.5651202752291958,-0.22327320082088728,-0.6652785007808433,-0.6411270867509409,-0.4701047664176276,0.25485772010551994,0.23327699851960473,Industrial Distribution,Industrials,WSO
2009Q3,2009,Q3,2009-11-09,2009-09-30,21131000.0,741895000.0,41452000.0,0.66,172009000.0,0.2318508684,1259697000.0,746288000.0,867775000.0,289230000.0,357380000.0,457951000.0,380760000.0,1626949890.0,1605498890.0,24.728718645415686,3.000293883760329,0.034822659734841,0.0587789164504856,0.03522512459674445,24.728718645415686,0.0283148060802264,2.1929651635339233,19.248377857176656,2.1800563455395237,0.7219251336898396,1.244425713668056,0.009376441212949711,0.5889471833305946,1.3530373750994018,0.01677466882909144,195.66444858689115,0.2318508683843401,0.17857142857142852,0.12572824225360169,0.7582685884299065,0.56774855290307,0.7033123731247215,0.29781353642058717,0.5764813265383738,-0.37006862461778134,0.26762388872168297,0.2670231787755451,Industrial Distribution,Industrials,WSO
2009Q2,2009,Q2,2009-08-07,2009-06-30,16282000.0,404971000.0,26294000.0,0.56,100985000.0,0.2493635347,762584000.0,571109000.0,500232000.0,152302000.0,191475000.0,266119000.0,374887000.0,1397681144.16,1373305144.16,19.993375088990298,3.284474268230227,0.027442222758410878,0.03664274245371724,0.027866275798387567,19.993375088990298,0.028509443906504714,3.451311684441602,21.46052610490112,2.447310660767034,0.8416042255251197,1.1422934852453226,0.009804095917910835,0.5310510055285713,1.455870572940605,0.02135109050281674,101.59781523297231,0.2493635346728531,13.756264236902052,-0.25159384419556824,-0.03154526686681588,0.31381202181441004,0.3603604817199666,14.892491467576791,17.833546734955185,-0.48079796345223835,-0.2749538704085891,0.07705011197507454,Industrial Distribution,Industrials,WSO
2009Q1,2009,Q1,2009-05-08,2009-03-31,-1172000.0,291343000.0,-1562000.0,-0.0439,74234000.0,0.2547993259,714191000.0,562420000.0,456316000.0,112457000.0,151771000.0,260297000.0,372308000.0,907682190.0,882934190.0,21.085742136242644,4.057693162719973,0.029396898028678602,0.03732975356495146,-0.0016602337804226682,21.085742136242644,-0.0020838519256071975,3.115510549421129,-193.6182145904437,1.6138867572276945,-10.877133105802049,0.8340818372858696,0.014044563328933446,0.4079342920871308,1.6157464630925598,-0.0016410175989336187,74.25410585732985,0.25479932588049137,-1.3376923076923077,-1.1677843102246621,-0.007990115156433575,0.4593160629139384,-0.13938578897944515,-1.3505833084056238,-1.271557719054242,-1.08797005905395,-0.2764175328489485,0.16254864246531875,Industrial Distribution,Industrials,WSO
2008Q4,2008,Q4,2009-02-27,2008-12-31,3343000.0,334791000.0,5752000.0,0.13,86257000.0,0.2576443214,716061000.0,570660000.0,456703000.0,107824000.0,145401000.0,250914000.0,386225000.0,1024243200.0,1003850200.0,21.394668766168035,4.2356339961418605,0.02939833338221185,0.036888865524129955,0.006076509936657243,21.394668766168035,0.005858129183752146,3.059351057824135,76.59611127729585,1.7948396593418148,3.807657792402034,0.9905146783360036,0.012427712480785813,0.4675453627554077,1.787737423950141,0.004668596669836787,13.541204933962637,0.2576443213825939,-0.8452380952380952,-0.286266033189446,0.1093716526119918,0.5007197916086211,-0.3190577313239601,-0.8567203840219441,-0.8474432420963293,-0.7681104737837259,-0.21222696461117077,0.24009795371369194,Industrial Distribution,Industrials,WSO
2008Q3,2008,Q3,2008-11-06,2008-09-30,23332000.0,475225000.0,37704000.0,0.84,126673000.0,0.2665537377,791013000.0,581204000.0,530449000.0,143472000.0,209809000.0,313637000.0,395613000.0,1334380920.0,1373888920.0,21.89999623196051,3.6972301215568195,0.0610369235398154,0.08307066021569019,0.037697104396288574,21.89999623196051,0.04014425227630918,2.8078929349255617,14.29775544316818,2.295890805982065,0.5453883079033087,1.1113229625331196,0.00953625745787792,0.6007802653053742,1.4185346269655403,0.029496354674322673,-117.55624350277509,0.26655373770319324,-0.10638297872340424,0.6667305733917881,0.2872260370010438,0.5485407600508432,-0.033473218373264155,-0.10433781190019194,-0.10920001890091197,-0.06006867037233725,-0.023960676243024025,0.23752966392034588,Industrial Distribution,Industrials,WSO
2008Q2,2008,Q2,2008-08-07,2008-06-30,26050000.0,509822000.0,42326000.0,0.94,131060000.0,0.2570701147,845756000.0,566827000.0,585887000.0,239251000.0,278929000.0,339017000.0,385005000.0,1106320600.0,1124970600.0,21.416367552045944,2.4488382493699086,0.028961071514715827,0.04321247929262367,0.0444604221193432,21.416367552045944,0.04595758494214284,2.170013455676687,10.617280230326296,1.9517782321590185,0.48779270633397315,1.1172360088137172,0.011485820656326928,0.6028003348483487,0.9858558584917095,0.030800845633965353,44.96872611982766,0.25707011466747215,2.3571428571428568,0.8338940254452095,0.41512303404988504,0.5609439072614054,0.3372923554140647,2.4079016221873366,2.3000155933260564,0.14405358222880457,0.13237013277924717,0.2738294425601487,Industrial Distribution,Industrials,WSO
2008Q1,2008,Q1,2008-05-09,2008-03-31,7644000.0,380399000.0,12826000.0,0.28,98004000.0,0.2576347467,762303000.0,549519000.0,502535000.0,158962000.0,212784000.0,304901000.0,371663000.0,1088434760.0,1120257760.0,20.911751274830657,3.1613530277676425,0.05155167958147876,0.07151345085429257,0.013613494103294693,20.911751274830657,0.01391034704896464,2.861297637480645,35.59768315018316,1.980704507032514,1.4638932496075354,0.9261858767272,0.010280818300951726,0.49901285971588727,1.164334872485248,0.010027508746522052,52.811002426006795,0.25763474667388714,0.16666666666666682,0.9200555665828931,0.4128501480985691,0.5944574074647347,-0.03108316526278325,0.1468867216804201,0.08731773482536453,-0.1753142952720423,0.08521919033288917,0.28121867049227645,Industrial Distribution,Industrials,WSO
2007Q4,2007,Q4,2008-02-29,2007-12-31,6665000.0,397635000.0,11796000.0,0.24,101148000.0,0.2543739862,748169000.0,549957000.0,487228000.0,129364000.0,198212000.0,288149000.0,375207000.0,965979280.0,1010849280.0,20.928419209985538,3.7663337559135464,0.07254377019095953,0.0986895339090147,0.012201894544837966,20.928419209985538,0.012119129313746348,2.4293115042689903,36.23328132033008,1.756463287129721,0.0,1.0289364183113598,0.0,0.5314775137702845,1.4518722364800098,0.008908415077342151,13.965090572638823,0.2543739861933683,-0.7333333333333334,4.372511672123734,0.4244751862978253,0.5970903715154471,-0.22747685821647878,-0.7360186945500634,-0.7180486172526711,0.06251065465560154,0.28121385486763556,0.34772122871687045,Industrial Distribution,Industrials,WSO
2007Q3,2007,Q3,2007-11-09,2007-09-30,25248000.0,518596000.0,41837000.0,0.9,130932000.0,0.2524739875,830039000.0,562112000.0,572464000.0,157913000.0,267927000.0,329965000.0,379820000.0,1197722630.0,1292364630.0,21.292927762415243,3.625186020150336,0.1147681012578927,0.16947156438574518,0.039777026063184985,21.292927762415243,0.04491631560970056,2.309548531033791,11.85957927360583,2.130754422606171,0.0,1.1748640007273499,0.0,0.624785100459135,1.4465560150209293,0.030417847836065534,133.58494646442114,0.2524739874584455,0.09756097560975618,1.0488860108478182,0.5273782266185385,0.6379125537593081,0.09482239614689945,0.10494529540481401,0.05895008605851979,0.5376513092472905,0.4050419952108411,0.3499266648328578,Industrial Distribution,Industrials,WSO
2007Q2,2007,Q2,2007-08-09,2007-06-30,22850000.0,471110000.0,39508000.0,0.82,119592000.0,0.2538515421,770996000.0,543348000.0,582365000.0,186363000.0,227648000.0,321632000.0,363846000.0,1432678400.0,1422398400.0,20.63137910085055,3.1248960362303677,0.039018360665943795,0.05536599012051208,0.04305965760941396,20.63137910085055,0.04205407952177978,3.0410698138439005,15.674818380743982,2.636760234693051,0.40424507658643327,1.0929198587205253,0.006447364600457437,0.6110407836097723,1.3265723346372402,0.029636989037556617,79.55788538427366,0.2538515421026936,1.1025641025641024,0.8108529196985667,0.405385377741885,0.6179644794266145,0.23968072976054733,1.1130016645089698,1.2256774266238522,0.13919712941010118,0.22197072446770041,0.35573677624015976,Industrial Distribution,Industrials,WSO
2007Q1,2007,Q1,2007-05-10,2007-03-31,10814000.0,376843000.0,17751000.0,0.39,96470000.0,0.2559952022,750691000.0,516582000.0,559105000.0,194028000.0,234109000.0,332055000.0,341034000.0,1338187210.0,1337995210.0,19.714612830591918,2.881568639577793,0.053526684081732695,0.0777843595014925,0.019926991485960454,19.714612830591918,0.0209337530150102,3.551047014273849,30.936452977621602,2.59046426317603,0.643610135010172,0.84435710951499,0.0052010660003244235,0.5019948287644317,1.114339167542829,0.01440539449653719,231.44019543410585,0.2559952022460282,-0.04878048780487796,2.5052437521708506,0.4468754059123695,0.5673006797129915,-0.006682523502095367,-0.06112172252127106,-0.07691107644305772,0.5759083204335306,0.3061489703453938,0.36442203418402574,Industrial Distribution,Industrials,WSO
