Quarters,Year,Quarter,FillingDate,Date,NetIncome,Revenue,OperatingIncome,EPSDiluted,GrossProfit,GrossProfitRatio,TotalAssets,CommonStockEquity,CurrentAssets,CurrentLiability,TotalLiability,Inventory,RetainedEarnings,MarketCap,EnterpriseValue,bookValuePerShare,currentRatio,debtToAssets,debtToEquity,roic,shareholdersEquityPerShare,roe,priceToSalesRatio,peRatio,pbRatio,payoutRatio,inventoryTurnover,dividendYield,assetTurnover,quickRatio,returnOnAssets,priceToFreeCashFlowsRatio,grossProfitMargin,epsdilutedGrowth,fiveYNetIncomeGrowthPerShare,fiveYRevenueGrowthPerShare,fiveYShareholdersEquityGrowthPerShare,grossProfitGrowth,netIncomeGrowth,operatingIncomeGrowth,threeYNetIncomeGrowthPerShare,threeYRevenueGrowthPerShare,threeYShareholdersEquityGrowthPerShare,Industry,Sector,Symbol
2024Q1,2024,Q1,2023-06-12,2023-04-30,-1442000.0,34943000.0,-1113000.0,-0.089,13202000.0,0.3778152992,165933000.0,66722000.0,104843000.0,66545000.0,99211000.0,85640000.0,-52073000.0,59980700.0,104959700.0,4.115847264203318,1.575520324592381,0.2748338184689001,0.6834927010581218,-0.006904773346523257,4.115847264203318,-0.021612061988549505,1.7165297770655066,-10.398873092926491,0.8989643595815474,0.0,0.2538650163475012,0.0,0.21058499514864434,0.24802765046209332,-0.008690254500310366,-4.52752868357488,0.3778152992015568,-1.3559999999999999,0.6185674803782676,0.4628903606497154,0.14075044415536753,0.014601905932984938,-1.3537782139352306,0.7958921694480102,0.7036071166536005,0.9172896180974163,0.2703222278404295,"Furnishings, Fixtures & Appliances",Consumer Cyclical,VIRC
2023Q4,2023,Q4,2023-04-28,2023-01-31,4076000.0,38788000.0,-5453000.0,0.25,13012000.0,0.3354645767,150126000.0,68061000.0,89068000.0,48525000.0,82065000.0,67406000.0,-50631000.0,79095800.0,111660800.0,4.216392020815264,1.8355074703760947,0.22395854149181355,0.4939980311779139,0.0411181448477807,4.216392020815264,0.05988745390164705,2.0391822213055586,4.851312561334642,1.1621310295176388,0.0,0.3823991929501825,0.0,0.2583696361722819,0.4034827408552293,0.027150526890745107,-13.268881060224794,0.3354645766731979,-0.47916666666666663,1.4523602443518453,0.49482526437826924,0.09998767854659013,-0.5772167527699256,-0.4824126984126984,-1.6196590909090909,1.9171173123908145,0.40287819580265166,0.20404612889638696,"Furnishings, Fixtures & Appliances",Consumer Cyclical,VIRC
2023Q3,2023,Q3,2022-12-12,2022-10-31,7875000.0,77395000.0,8800000.0,0.48,30777000.0,0.3976613476,143720000.0,64028000.0,89547000.0,43219000.0,79692000.0,57465000.0,-54707000.0,67113540.0,94852540.0,3.9496638085250755,2.071935954094264,0.20814082939048148,0.46720184919097896,0.07907445055779837,3.9496638085250755,0.12299306553382895,0.8671560178306092,2.1305885714285715,1.0481904791653651,0.0,0.8112416253371617,0.0,0.5385123851934317,0.7036488581410953,0.054794043974394656,3.30039537742808,0.397661347632276,-0.2,1.9479839753895265,0.06298282881404413,-0.07742397054962973,-0.0335374470089496,-0.18646694214876033,-0.21245749060318597,0.9538591568297394,0.11549233337270784,-0.042153445310515514,"Furnishings, Fixtures & Appliances",Consumer Cyclical,VIRC
2023Q2,2023,Q2,2022-09-13,2022-07-31,9680000.0,82797000.0,11174000.0,0.6,31845000.0,0.3846153846,165529000.0,52505000.0,109967000.0,71865000.0,113024000.0,61228000.0,-62582000.0,68781160.0,117992160.0,3.2595604668487708,1.5301885479718917,0.3104591944613935,0.9787639272450243,0.09185938288051443,3.2595604668487708,0.18436339396247978,0.8307204367307994,1.7763729338842973,1.3099925721359869,0.0,0.8321682890180963,0.0,0.5001963402183304,0.6494260070966396,0.05847917887500075,-35.84218863991662,0.38461538461538464,2.8749999999999996,0.8180098574874174,0.07641273348151265,-0.20902982800656233,2.280622231379417,2.9040125885129817,3.262401295808868,0.5938782740957376,0.13681769437357832,-0.15835027918968356,"Furnishings, Fixtures & Appliances",Consumer Cyclical,VIRC
2023Q1,2023,Q1,2022-06-10,2022-04-30,-5084000.0,32084000.0,-4939000.0,-0.32,9707000.0,0.3025495574,139407000.0,42750000.0,82538000.0,54215000.0,96657000.0,66297000.0,-72262000.0,44571740.0,92567740.0,2.666375600324331,1.522419994466476,0.3481532491194847,1.1353216374269006,-0.0439999640708993,2.666375600324331,-0.11892397660818714,1.389220172048373,-2.191765342250197,1.0426138011695905,0.0,0.3375265849133445,0.0,0.23014626238280717,0.25979894863045283,-0.03646875694907716,-2.276972669220945,0.30254955741179407,0.6831683168316831,-1.1696192354061246,0.3029044101812232,-0.30005847608484476,-0.08622799585804387,0.6883276115743011,0.016723073860242882,-0.6010917814579975,0.15232164100690068,-0.23923110497047334,"Furnishings, Fixtures & Appliances",Consumer Cyclical,VIRC
2022Q4,2022,Q4,2022-04-28,2022-01-31,-16312000.0,40108000.0,-5023000.0,-1.01,10623000.0,0.2648598783,126445000.0,47446000.0,68847000.0,36284000.0,78999000.0,47373000.0,-67178000.0,47618010.0,76943010.0,2.95927150252604,1.8974479109249256,0.24266677211435803,0.6467141592547317,-0.16584626463004665,2.95927150252604,-0.34380137419382034,1.1872446893387854,-0.7298003003923492,1.0036253846478103,0.0,0.6224009456863614,0.0,0.31719720036379456,0.5346158086208798,-0.1290047056032267,-24.596079545454547,0.264859878328513,0.0,-2.0875128472800677,0.6144388304663206,-0.24574823448775257,0.0,0.0,0.0,-1.4430890556331148,0.45988958445500416,-0.19639331390186654,"Furnishings, Fixtures & Appliances",Consumer Cyclical,VIRC
2022Q3,2022,Q3,2021-12-13,2021-10-31,0.0,0.0,0.0,0.0,0.0,0.0,138086000.0,59101000.0,69056000.0,33506000.0,78985000.0,40483000.0,-50866000.0,53069230.0,85648230.0,3.6862096925091996,2.0610039992837104,0.2485480063149052,0.5807177543527182,,3.6862096925091996,0.0,0.0,0.0,0.8979413207898344,0.0,0.0,0.0,0.0,0.7928729182832925,0.0,-36.34878767123288,0.0,-1.0,-1.0,-1.0,-0.10381711163874377,-1.0,-1.0,-1.0,-1.0,-1.0,-0.0979608858764069,"Furnishings, Fixtures & Appliances",Consumer Cyclical,VIRC
2022Q2,2022,Q2,2021-09-14,2021-07-31,3760000.0,59022000.0,6068000.0,0.24,22319000.0,0.37814713157805563,149922000.0,56957000.0,79760000.0,43674000.0,92965000.0,42393000.0,-52191000.0,52854400.0,90584400.0,3.5777010050251254,1.8262581856482119,0.2559397553394432,0.6736836560914374,0.04034792259707672,3.5777010050251254,0.06601471285355619,0.8955033716241402,3.514255319148936,0.927970223150798,0.0,0.8657797277852476,0.0,0.39368471605234723,0.8063378669231122,0.02507970811488641,-22.694031773293258,0.37814713157805563,1.96,-0.48428462381614723,-0.09142602375242917,0.4257324828803314,1.903095733610822,1.961882834484523,2.412805587892899,-0.3360189073219982,-0.23712619405683266,-0.06624885342353999,"Furnishings, Fixtures & Appliances",Consumer Cyclical,VIRC
2022Q1,2022,Q1,2021-06-11,2021-04-30,-3909000.0,28367000.0,-4295000.0,-0.25,7688000.0,0.271019141960729,133672000.0,50858000.0,59988000.0,29642000.0,82814000.0,42875000.0,-55951000.0,50478560.0,86995560.0,3.213978766430738,2.023750084339788,0.27734304865641274,0.7289511974517283,-0.03073959530514535,3.213978766430738,-0.07686106413936844,1.7794817922233581,-3.2283550780250705,0.9925392268669629,0.0,0.48230903790087465,0.0,0.21221347776647315,0.5065110316442885,-0.029243222215572445,-7.019685718258935,0.271019141960729,0.28571428571428564,-0.17854797852863327,0.2886092002909227,0.570996346879802,0.6922738278670482,0.29782647745643975,0.2566632052613361,-0.05928216045594477,0.21663002529799524,-0.1092119143489502,"Furnishings, Fixtures & Appliances",Consumer Cyclical,VIRC
2021Q4,2021,Q4,2021-04-28,2021-01-31,-5567000.0,19170000.0,-5778000.0,-0.35,4543000.0,0.2369848721961398,125036000.0,54187000.0,50967000.0,22106000.0,70849000.0,38270000.0,-52042000.0,45335760.0,75664760.0,3.42435540950455,2.305573147561748,0.24577721616174542,0.567128647092476,-0.04670569781754913,3.42435540950455,-0.10273681879417572,2.3649327073552424,-2.035915214657805,0.8366538099544172,0.0,0.3822053828063757,0.0,0.15331584503662946,0.4698271962363159,-0.04452317732493042,-8.877180340708831,0.2369848721961398,-2.25,0.08033729634323984,-0.06967774656901739,0.5389194859572126,-0.7960493827160494,-2.2426339285714287,-1.991931330472103,0.36975044938770923,-0.24637339115453977,-0.10664171196039662,"Furnishings, Fixtures & Appliances",Consumer Cyclical,VIRC
2021Q3,2021,Q3,2020-12-14,2020-10-31,4480000.0,56741000.0,5825000.0,0.28,22275000.0,0.39257327153204913,131912000.0,59806000.0,56941000.0,26691000.0,72106000.0,36872000.0,-46475000.0,30836680.0,57111680.0,3.8013093497743595,2.1333408264958225,0.20829795621323308,0.45943550814299566,0.0493617773387374,3.8013093497743595,0.07490887201952981,0.5434638092384695,1.720796875,0.5156118115239273,0.0,0.934747233673248,0.0,0.43014282248771907,0.691656363568244,0.03396203529625811,1.102648930844597,0.39257327153204913,0.21739130434782614,-0.2898518854304072,-0.16909788824512853,0.6496913434638357,-0.03999482825496703,0.26090627638615255,-0.24497731691510044,0.7280282302040496,-0.1970128542393252,-0.11207711424506872,"Furnishings, Fixtures & Appliances",Consumer Cyclical,VIRC
2021Q2,2021,Q2,2020-09-14,2020-07-31,3553000.0,59285000.0,7715000.0,0.23,23203000.0,0.39138061904360294,163369000.0,54732000.0,85779000.0,51744000.0,108637000.0,49444000.0,-50955000.0,34927260.0,90222260.0,3.478802517002479,1.6577574211502784,0.3438412428306472,1.0263282905795512,0.03079226789582156,3.478802517002479,0.06491631952057297,0.5891416041157123,2.457589361103293,0.6381506248629687,0.0,0.7297548742011164,0.0,0.3628901443970398,0.6601924860853432,0.021748312103275408,-5.107071209241117,0.39138061904360294,1.7666666666666668,-0.5487319561286348,-0.08145946306371646,0.8578989442373418,3.731443719412724,1.7562792677735206,2.097908068877188,-0.31680266728275513,-0.21088712751270142,-0.15582820040002707,"Furnishings, Fixtures & Appliances",Consumer Cyclical,VIRC
2021Q1,2021,Q1,2020-06-12,2020-04-30,-4698000.0,17599000.0,-7027000.0,-0.3,4904000.0,0.27865219614750836,151492000.0,50719000.0,69020000.0,42386000.0,100773000.0,58190000.0,-54508000.0,37256520.0,67704520.0,3.2400025552574423,1.6283678573113765,0.20314604071502126,0.6067745815177744,-0.039481098528750265,3.2400025552574423,-0.09262800922731126,2.116968009545997,-1.98257343550447,0.7345673219109209,0.0,0.21816463309847053,0.0,0.11617115095186545,0.19857971971877506,-0.03101153856309244,-3.590989879518072,0.27865219614750836,-0.07142857142857129,-0.3999070362286136,-0.2769058918906142,1.4000498640383934,-0.30012844298558583,-0.0900232018561485,0.0012791358726549175,-1.0534326173931903,-0.2680161472254987,-0.14947754332133842,"Furnishings, Fixtures & Appliances",Consumer Cyclical,VIRC
2020Q4,2020,Q4,2020-04-30,2020-01-31,-4310000.0,26813000.0,-7036000.0,-0.28,7007000.0,0.2613284600753366,138992000.0,54818000.0,58342000.0,25118000.0,84174000.0,43329000.0,-49810000.0,64807559.99999999,84007560.0,3.501852561645586,2.3227167768134405,0.1464113042477265,0.37122842861833705,-0.0412791051036699,3.501852561645586,-0.07862380969754461,2.417020102189236,-3.7591392111368904,1.1822313838520193,0.0,0.4571072491864571,0.0,0.19291038333141475,0.5281869575603153,-0.03100897893403937,-37.74464764123471,0.2613284600753366,-2.12,0.2045455196254951,0.028905586178159113,1.2997148085692716,-0.7389830508474576,-2.107399794450154,-2.104726016643115,0.1644579836353317,0.10541527029412609,-0.10745652268466448,"Furnishings, Fixtures & Appliances",Consumer Cyclical,VIRC
2020Q3,2020,Q3,2019-12-13,2019-10-31,3892000.0,66998000.0,6369000.0,0.25,26845000.0,0.40068360249559687,139865000.0,64549000.0,63270000.0,25392000.0,75316000.0,42907000.0,-45500000.0,61645452.0,78811452.0,4.123482815893701,2.4917296786389413,0.12771601186858755,0.2767355032610885,0.04165023272239431,4.123482815893701,0.060295279555066694,0.920108839069823,3.959754110996917,0.9550179243675349,0.0,0.9358146689351388,0.0,0.47901905408787043,0.7388941398865785,0.02782683301755264,1.6566459380290774,0.40068360249559687,-0.34210526315789475,-0.2043091614364431,0.012667742197901963,0.7566603230970549,-0.0659034761125996,-0.33662860064769046,-0.3743000294724433,-0.8432693376464563,-0.04496264276374957,0.00249173224330908,"Furnishings, Fixtures & Appliances",Consumer Cyclical,VIRC
2020Q2,2020,Q2,2019-09-13,2019-07-31,5867000.0,70359000.0,10179000.0,0.38,28739000.0,0.4084623147003226,183962000.0,60265000.0,104095000.0,69559000.0,123697000.0,59017000.0,-49392000.0,70180110.0,124326110.0,3.8728230833493993,1.4964993746316078,0.29909981409204073,0.9130175060151,0.046904756925270984,3.8728230833493993,0.09735335601095163,0.9974574681277448,2.9904597750127833,1.1645251804529992,0.0,0.7052205296778894,0.0,0.382464856872615,0.6141405138084216,0.031892456050706126,-6.718371625502585,0.4084623147003226,2.9000000000000004,0.06703843490312843,0.2516737348478963,0.9185614285533545,2.16369440774989,2.91294424519074,3.829858215179316,-0.1767269779713028,0.1080812102698891,0.5433401680644978,"Furnishings, Fixtures & Appliances",Consumer Cyclical,VIRC
2020Q1,2020,Q1,2019-05-01,2019-04-30,-3067000.0,26893000.0,-3597000.0,-0.2,9084000.0,0.3377830662254118,163308000.0,54276000.0,79298000.0,53702000.0,109032000.0,63511000.0,-55259000.0,69996720.0,113116720.0,3.5048430840759397,1.4766302930989534,0.26742719278908567,0.8046466209742796,-0.01998029806959822,3.5048430840759397,-0.056507480285945905,2.602785855055219,-5.70563417019889,1.2896440415653325,0.0,0.28040811827872336,0.0,0.16467656207901635,0.24682507169192955,-0.01878046390868788,-3.588655216611125,0.3377830662254118,0.5238095238095237,0.24386570322585838,0.08624269379704874,1.1311415208192388,0.5570791909496058,0.5244223910683827,0.4161662067846129,0.05512927772834891,0.248314715879749,0.7131711444332276,"Furnishings, Fixtures & Appliances",Consumer Cyclical,VIRC
2019Q4,2019,Q4,2019-05-01,2019-01-31,-6449000.0,26536000.0,-6161000.0,-0.42,5834000.0,0.21985227615315045,123113000.0,57027000.0,63111000.0,32125000.0,66086000.0,47289000.0,-52192000.0,65660640.0,86336640.0,3.6824874079814025,1.9645447470817121,0.17393776449278306,0.3755063391025304,-0.06568856294469416,3.6824874079814025,-0.11308678345345187,2.474398552909255,-2.545380679175066,1.1513956546898838,-0.036129632501162974,0.4377762270295418,0.0035485490241947077,0.21554181930421645,0.4422101167315175,-0.052382770300455676,-25.932322274881518,0.21985227615315045,-3.2105263157894735,0.12698928105229804,0.262021833364981,0.9298875323769951,-0.7792659856223988,-3.199522510231924,-2.3206859592711684,-0.08862110391489877,0.31590268909624475,0.6549250738417309,"Furnishings, Fixtures & Appliances",Consumer Cyclical,VIRC
2019Q3,2019,Q3,2018-12-14,2018-10-31,2932000.0,76809000.0,4665000.0,0.19,26430000.0,0.34410030074600634,130526000.0,63284000.0,71476000.0,34361000.0,67242000.0,42670000.0,-45510000.0,66899520.00000001,84630520.0,4.086529768823453,2.0801490061406827,0.15485037463800316,0.31938562669869164,0.04059816502128366,4.086529768823453,0.046330826117186016,0.8709854313947585,5.704256480218282,1.057131660451299,0.07946793997271487,1.1806655730021092,0.003482835153376287,0.5884574720745293,0.7933121853263875,0.022462957571671546,2.06308076602831,0.34410030074600634,-0.45714285714285713,-0.18628221825680513,0.22191348803493155,0.8039058956618884,-0.025873507297655904,-0.4644748858447489,-0.44563279857397503,-0.5278204455394242,0.14271328356160437,0.773471234282863,"Furnishings, Fixtures & Appliances",Consumer Cyclical,VIRC
2019Q2,2019,Q2,2018-09-14,2018-07-31,5475000.0,74802000.0,8415000.0,0.35,27132000.0,0.3627175743964065,167815000.0,58975000.0,107967000.0,73902000.0,108840000.0,60296000.0,-48208000.0,79648982.39999999,129572982.39999999,3.831535862785863,1.4609482828610862,0.3041027321753121,0.8653327681220856,0.055156992138296695,3.831535862785863,0.09283594743535396,1.0647974973931178,3.6369398356164377,1.35055502161933,0.042739726027397264,0.7905997081066738,0.0029378906415256354,0.4457408455739952,0.6164109225731373,0.03262521228734023,-5.384962639442904,0.3627175743964065,2.5217391304347823,-0.1654410472345255,0.24369428313318503,0.931610585128197,2.5305139882888743,2.532754759238522,2.8341325196163907,-0.2892121680922017,0.18463129363480588,1.0462806955800228,"Furnishings, Fixtures & Appliances",Consumer Cyclical,VIRC
2019Q1,2019,Q1,2018-06-08,2018-04-30,-3572000.0,22569000.0,-4588000.0,-0.23,7685000.0,0.34051132083831803,139507000.0,55264000.0,77822000.0,51412000.0,84243000.0,62498000.0,-53451000.0,63565550.00000001,98449550.0,3.608017235751126,1.513693301174823,0.2742227988559714,0.6922408801389693,-0.034811052167757116,3.608017235751126,-0.06463520555877243,2.8164982941202537,-4.448876679731243,1.1502162348002318,-0.06438969764837627,0.23815162085186725,0.003618312120323036,0.16177682840287586,0.24640161829922974,-0.02560444995591619,-3.504937692986326,0.34051132083831803,0.5892857142857143,0.2427001402443252,0.06979629392749762,1.2937872287687435,0.30386834068544283,0.5822222222222222,0.2178656665530174,-0.08780049298416066,-0.05230025183172232,1.6726587798708124,"Furnishings, Fixtures & Appliances",Consumer Cyclical,VIRC
2018Q4,2018,Q4,2018-04-27,2018-01-31,-8550000.0,24622000.0,-5866000.0,-0.56,5894000.0,0.2393794167817399,116623000.0,58712000.0,55713000.0,27723000.0,57911000.0,42057000.0,-49648000.0,71989900.0,88136900.0,3.833126591369067,2.0096309923168487,0.14303353540896735,0.28411568333560433,-0.10850402089105932,3.833126591369067,-0.14562610709905982,2.923803915197791,-2.10496783625731,1.2261530862515329,0.0,0.44530042561285876,0.0,0.21112473525805373,0.43714605201457274,-0.07331315435205749,-22.433748831411656,0.2393794167817399,-4.5,0.1001324061043329,0.27871733129503634,1.0486373466306698,-0.7591040993991908,-4.387480190174326,-2.252348420153715,-0.6127081994475054,-0.03438264873771743,1.5172670265562864,"Furnishings, Fixtures & Appliances",Consumer Cyclical,VIRC
2018Q3,2018,Q3,2017-12-15,2017-10-31,2524000.0,68794000.0,4684000.0,0.16,24467000.0,0.355656016513068,125645000.0,65574000.0,60827000.0,28054000.0,60071000.0,36377000.0,-40868000.0,90371831.7,103423831.7,4.28112554677809,2.1682113067655235,0.11610489872259143,0.22246622136822522,0.034882107346624974,4.28112554677809,0.038490865281971515,1.3136586286594762,8.951251158874802,1.3781656098453656,0.0,1.2185446848283257,0.0,0.5475267619085519,0.8167819205817353,0.020088344144215845,4.482507400426567,0.355656016513068,-0.5151515151515151,-0.18168878355171528,0.14507923192456626,0.6940329913966953,-0.08304913240640108,-0.49801113762927607,-0.44277896740423506,-0.4726335543504722,0.06269176891212341,0.8238182919630542,"Furnishings, Fixtures & Appliances",Consumer Cyclical,VIRC
2018Q2,2018,Q2,2017-09-14,2017-07-31,5028000.0,72636000.0,8406000.0,0.33,26683000.0,0.36735227710777024,155447000.0,62684000.0,95945000.0,64848000.0,92763000.0,50861000.0,-43392000.0,82899950.0,116139950.0,4.120965091052528,1.4795367628916851,0.2315065585054713,0.5741018441707613,0.0543793834842253,4.120965091052528,0.08021185629506732,1.1413066523486977,4.121914777247414,1.3225057430923362,0.0,0.9035017007137099,0.0,0.46727180325126894,0.666111522329139,0.032345429631964594,-8.972827145795,0.36735227710777024,3.2,-0.32657355999588483,0.13616468476777663,0.7704403334728749,2.166370001186662,3.2740841248303933,3.5745788667687597,-0.06451036444449737,0.32191380229727634,1.0414887284937586,"Furnishings, Fixtures & Appliances",Consumer Cyclical,VIRC
2018Q1,2018,Q1,2017-06-12,2017-04-30,-2211000.0,23235000.0,-3265000.0,-0.15,8427000.0,0.36268560361523566,129754000.0,57629000.0,68004000.0,43716000.0,72125000.0,54788000.0,-48420000.0,69588800.0,93250800.0,3.8094262295081966,1.555586055448806,0.18763968740848067,0.4224782661507227,-0.024736326636571077,3.8094262295081966,-0.038366100400839855,2.994998924037013,-7.868475802804161,1.2075309306078537,0.0,0.27027816310140906,0.0,0.17906962405783253,0.2490850032024888,-0.01703993711176534,-3.579854930809198,0.36268560361523566,0.5454545454545455,0.5676803546217324,-0.07228593730994248,1.0714144527423521,0.3103716373814337,0.5564694082246741,0.3786869647954329,0.442003284038462,-0.03929946535842158,1.3163451867755271,"Furnishings, Fixtures & Appliances",Consumer Cyclical,VIRC
2017Q4,2017,Q4,2017-04-25,2017-01-31,-4985000.0,23441000.0,-5255000.0,-0.33,6431000.0,0.274348363977646,108187000.0,59354000.0,48493000.0,21585000.0,48833000.0,35689000.0,-46380000.0,66563200.00000001,70786200.0,3.923453199365415,2.246606439657169,0.04631794947636962,0.08442564949287328,-0.07542514754823552,3.923453199365415,-0.08398759982478013,2.839605818864383,-3.338174523570712,1.1214610641237324,0.0,0.47661744515116705,0.0,0.2166711342397885,0.518600880240908,-0.04607762485326333,-29.271416007036063,0.274348363977646,-1.2101910828025477,0.3988210591045572,-0.1575337727073237,0.8154352323319515,-0.7354695405372054,-1.2077256438036503,-1.804500918554807,0.30920354394947774,0.14120925185637118,1.0561708906074792,"Furnishings, Fixtures & Appliances",Consumer Cyclical,VIRC
2017Q3,2017,Q3,2016-12-13,2016-10-31,23998000.0,67795000.0,6532000.0,1.57,24311000.0,0.3585957666494579,114581000.0,62225000.0,54903000.0,22087000.0,52356000.0,31655000.0,-41396000.0,65806799.99999999,68133800.0,4.11323373876256,2.485760854801467,0.04046046028573673,0.07450381679389313,0.37777793298117684,4.11323373876256,0.385664925672961,0.9706733534921453,0.6855446287190599,1.0575620731217354,0.0,1.3736850418575264,0.0,0.5916775032509753,0.994657490831711,0.2094413558967019,2.040584204161369,0.3585957666494579,2.488888888888889,7.868967512389778,0.20618680672488118,0.40675981512696724,0.02413851209031932,2.485042114435086,-0.13045793397231098,5.817774435924554,0.10403731443354704,0.8156937576219887,"Furnishings, Fixtures & Appliances",Consumer Cyclical,VIRC
2017Q2,2017,Q2,2016-09-14,2016-07-31,6886000.0,61354000.0,7512000.0,0.45,23738000.0,0.38690223946278973,131952000.0,37731000.0,89906000.0,61994000.0,94221000.0,51871000.0,-65394000.0,64053360.0,98629360.0,2.5093774940143656,1.4502371197212633,0.2804353098096277,0.9807320240650924,0.09851228968029765,2.5093774940143656,0.18250245156502612,1.0439964794471428,2.3254923032239323,1.697632185735867,0.0,0.7251836286171464,0.0,0.46497211107069236,0.5899603187405232,0.05218564326421729,-5.8775334923839235,0.38690223946278973,3.1428571428571432,1.3927630787135763,-0.07278795278360917,-0.24212148555793123,1.9440654843110505,3.194391332058636,3.6404217926186293,0.07449068023110605,0.04425376029595331,0.26506453367666544,"Furnishings, Fixtures & Appliances",Consumer Cyclical,VIRC
2017Q1,2017,Q1,2016-06-13,2016-04-30,-3138000.0,20827000.0,-2845000.0,-0.21,8063000.0,0.3871416910740865,108181000.0,30628000.0,66070000.0,44317000.0,77553000.0,53924000.0,-72279000.0,48655750.0,71842750.0,2.0458219223832743,1.4908500124105875,0.2238840461818619,0.7907796787253494,-0.05235446090752447,2.0458219223832743,-0.1024552696878673,2.336186200604984,-3.8763344486934352,1.5886035653650254,0.0,0.23670350864179215,0.0,0.19251994342814358,0.23110770133357403,-0.029006942069309767,-2.760923225330534,0.3871416910740865,0.4473684210526316,0.4486217798855565,-0.18529954140449897,-0.34679927157890733,0.9147470909522679,0.45206914614981664,0.498324810439076,0.3193368058239934,0.010039577438116648,0.3006257706861926,"Furnishings, Fixtures & Appliances",Consumer Cyclical,VIRC
2016Q4,2016,Q4,2016-04-26,2016-01-31,-5727000.0,19495000.0,-5671000.0,-0.38,4211000.0,0.21600410361631187,89435000.0,33313000.0,46772000.0,22778000.0,56122000.0,34603000.0,-69140000.0,46859230.0,52804230.0,2.225168659408189,2.053384845025902,0.07558562084195225,0.20292378350793985,-0.13918363798021213,2.225168659408189,-0.17191486806952241,2.4036537573736854,-2.045539986031081,1.4066349473178639,0.0,0.4416958067219605,0.0,0.21797953821210936,0.4870928088506454,-0.06403533292335216,-13.523587301587302,0.21600410361631187,-1.9743589743589742,0.6746902128598048,-0.19551485733433643,-0.3728716954308693,-0.8185695820766911,-1.9540229885057472,-1.8699186991869918,0.38331613926688274,0.0358511822132683,0.1892546487976927,"Furnishings, Fixtures & Appliances",Consumer Cyclical,VIRC
2016Q3,2016,Q3,2015-12-15,2015-10-31,6003000.0,64981000.0,6519000.0,0.39,23210000.0,0.35718132992720947,93445000.0,34497000.0,50793000.0,24448000.0,58948000.0,27168000.0,-63414000.0,54195020.0,56732020.0,2.3042548927927324,2.077593259162304,0.044218524265610785,0.11977853146650433,0.16499374784079368,2.3042548927927324,0.174015131750587,0.8340133269724996,2.2569973346660004,1.5710067542105113,0.0,1.5375073616018846,0.0,0.6953930119321526,0.9150441753926701,0.06424099737813688,2.0195647475312093,0.35718132992720947,-0.20408163265306117,35.848060362588456,0.01064783425945929,-0.4803051054567038,-0.0327554592432072,-0.19422818791946309,-0.17907064601435588,0.9912252868153993,0.10660917947479559,-0.0882108533547103,"Furnishings, Fixtures & Appliances",Consumer Cyclical,VIRC
2016Q2,2016,Q2,2015-09-11,2015-07-31,7450000.0,61072000.0,7941000.0,0.49,23996000.0,0.3929132826827351,121886000.0,27875000.0,79078000.0,56559000.0,94011000.0,41786000.0,-69416000.0,38557330.0,67928330.0,1.8724390407738296,1.398150603794268,0.25319560901169946,1.1071210762331838,0.1345120730351892,1.8724390407738296,0.2672645739910314,0.6313421862719413,1.2938701342281878,1.3832226008968609,0.0,0.8872828219977983,0.0,0.5010583660141443,0.6330027051397655,0.06112268841376368,-4.331797550836985,0.3929132826827351,3.333333333333333,0.7563007352939832,-0.1967940092336226,-0.5796099147502795,1.9284842567732488,3.344241661422278,3.795142555438226,0.01953407479309313,-0.023927478469120432,-0.19556668729058313,"Furnishings, Fixtures & Appliances",Consumer Cyclical,VIRC
2016Q1,2016,Q1,2015-06-12,2015-04-30,-3178000.0,23048000.0,-2841000.0,-0.21,8194000.0,0.3555189170426935,97553000.0,20012000.0,54678000.0,39469000.0,77541000.0,42250000.0,-76868000.0,39283600.0,59547600.0,1.3499730167296276,1.3853403937267221,0.2136684673972097,1.0415750549670197,-0.07040086026506479,1.3499730167296276,-0.15880471716969818,1.7044255466851788,-3.090276903713027,1.9630021986807915,0.0,0.3515739644970414,0.0,0.23626131436244913,0.2704654285641896,-0.032577163183090216,-3.5002762184799074,0.3555189170426935,0.3932915378614971,0.40267523114216713,-0.11460320265152416,-0.6771749126223993,0.5390683696468821,0.3806275579809004,0.4190184049079755,0.3658584191767584,-0.06088058765066416,-0.2659383725546097,"Furnishings, Fixtures & Appliances",Consumer Cyclical,VIRC
2015Q4,2015,Q4,2015-04-24,2015-01-31,-5131000.0,24678000.0,-4890000.0,-0.34613,5324000.0,0.21573871464462274,81811000.0,22573000.0,38971000.0,21405000.0,59238000.0,26678000.0,-73690000.0,35725840.0,44774840.0,1.522733405288721,1.820649380985751,0.11635354658908949,0.42169848934567844,-0.1527913166199843,1.522733405288721,-0.22730695964205025,1.4476797147256666,-1.740686026115767,1.5826801931511099,0.0,0.7254666766624185,0.0,0.3016464778575008,0.5323055360896987,-0.06271772744496461,-17.64239012345679,0.21573871464462274,-2.116548387096774,-0.3373724591244694,-0.09079035613482316,-0.6680320179452336,-0.7470903995059617,-2.10772884283247,-2.020237846860004,0.3685241872856593,-0.09488776728717997,-0.29541051391741474,"Furnishings, Fixtures & Appliances",Consumer Cyclical,VIRC
2015Q3,2015,Q3,2014-12-10,2014-10-31,4632000.0,62652000.0,4793000.0,0.31,21051000.0,0.3359988507948669,89393000.0,34797000.0,46283000.0,23163000.0,54596000.0,28426000.0,-68560000.0,40173040.0,47128040.0,2.347342147868322,1.9981435910719683,0.09140536731063953,0.23481909360002298,0.1174297574516342,2.347342147868322,0.133114923700319,0.6412092191789568,2.16823402417962,1.1544972267724227,0.0,1.4634841342432985,0.0,0.7008602463280122,0.7056944264559858,0.05181613772890495,1.578012412601147,0.3359988507948669,-0.11428571428571424,0.5232865158885486,-0.048726477123916166,-0.5162464602495499,0.009834020915283508,-0.10974437824332116,-0.2030262720319255,2.3530102091477456,0.13754335427684675,-0.19718965278924108,"Furnishings, Fixtures & Appliances",Consumer Cyclical,VIRC
2015Q2,2015,Q2,2014-09-12,2014-07-31,5203000.0,53192000.0,6014000.0,0.35,20846000.0,0.3919010377500376,121085000.0,29724000.0,77744000.0,59080000.0,91361000.0,45283000.0,-73191000.0,37255722.5,69670722.5,2.0186078098471985,1.3159106296547054,0.27703679233596235,1.1285493204144799,0.08977460584363708,2.0186078098471985,0.1750437357017898,0.7004008591517521,1.7901077503363445,1.2533885917104024,0.0,0.714307797628249,0.0,0.43929471032745593,0.5231550440081246,0.04296981459305447,-2.82883238420653,0.3919010377500376,2.346153846153846,0.2358329633661113,-0.3149765434386004,-0.5701425200194468,1.5493457258163141,2.3496757457846953,2.6964739069111423,0.8461352715847144,-0.17915809938984378,-0.39034302658036246,"Furnishings, Fixtures & Appliances",Consumer Cyclical,VIRC
2015Q1,2015,Q1,2014-06-16,2014-04-30,-3855000.0,23530000.0,-3545000.0,-0.26,8177000.0,0.3475138121546961,97855000.0,24205000.0,54490000.0,40439000.0,73650000.0,41592000.0,-78394000.0,32526780.0,51641780.0,1.6445848620736514,1.3474616088429487,0.21037248990853813,0.8504854368932039,-0.07875719626035298,1.6445848620736514,-0.1592646147490188,1.382353591160221,-2.1093891050583657,1.3438041726915926,0.0,0.3691334872090787,0.0,0.24045782024423892,0.2663517891144687,-0.039395023248684276,-2.7292146333277394,0.3475138121546961,0.4468085106382978,-0.2478884924767757,-0.15888121304980635,-0.6246818824822775,0.9123012160898035,0.4413853064773221,0.5425216156923474,0.31099390768673274,-0.06374277377762629,-0.47490833972226976,"Furnishings, Fixtures & Appliances",Consumer Cyclical,VIRC
2014Q4,2014,Q4,2014-04-28,2014-01-31,-6901000.0,19643000.0,-7749000.0,-0.47,4276000.0,0.2176856895586214,83344000.0,27605000.0,39639000.0,22656000.0,55739000.0,27780000.0,-74540000.0,37903540.0,45100540.0,1.9081357572406166,1.749602754237288,0.09896333269341524,0.2987864517297591,-0.18813454425956105,1.9081357572406166,-0.24999094366962507,1.9296207300310544,-1.3731176641066514,1.373067922477812,0.0,0.5531677465802736,0.0,0.23568583221347666,0.4352489406779661,-0.08280140142061816,-8.281306532663317,0.2176856895586214,-3.043478260869565,-1.1042852041444042,-0.303113788971748,-0.5895790704579416,-0.7979301545295591,-3.0249413145539905,-3.0847457627118646,0.5943473637783652,-0.16116810772673454,-0.46222236356487917,"Furnishings, Fixtures & Appliances",Consumer Cyclical,VIRC
2014Q3,2014,Q3,2013-12-09,2013-10-31,3408000.0,59454000.0,3717000.0,0.23,21161000.0,0.3559222255861675,90206000.0,33181000.0,45598000.0,26747000.0,57025000.0,24475000.0,-67597000.0,30685465.000000004,33321465.000000004,2.2653785758175737,1.704789322166972,0.04187082899141964,0.1138302040324282,0.10098848290513594,2.2653785758175737,0.10270938187516952,0.5161211188481852,2.2509877494131456,0.9247902414032126,0.0,1.564576098059244,0.0,0.6590914129880496,0.7158933712192022,0.03778019200496641,1.2922372189000255,0.3559222255861675,-0.45238095238095233,-0.10949249047153045,-0.21562047461303302,-0.5537596250649777,-0.01968868711201705,-0.45120772946859905,-0.44990380346307535,20.381984165898963,-0.05485886151537792,-0.48907315603731905,"Furnishings, Fixtures & Appliances",Consumer Cyclical,VIRC
2014Q2,2014,Q2,2013-09-13,2013-07-31,6210000.0,56933000.0,6757000.0,0.42,21586000.0,0.37914741889589515,118327000.0,28901000.0,73506000.0,52775000.0,89426000.0,36840000.0,-71077000.0,35987900.0,62212900.0,1.9835964310226493,1.3928185693983894,0.24227775571086904,0.9919379952250788,0.11597157396804027,1.9835964310226493,0.21487145773502647,0.6321096727732598,1.4487882447665057,1.2452129684093978,0.0,0.9594733984799131,0.0,0.4811496953358067,0.6620937944102321,0.05248168211819788,-4.246359882005899,0.37914741889589515,2.3548387096774195,0.7503832335610197,-0.2974146032548084,-0.5939335558208833,2.368076142924013,2.3964470429503035,2.625842155919153,0.4958286501882298,-0.2349382281474194,-0.5546534468785533,"Furnishings, Fixtures & Appliances",Consumer Cyclical,VIRC
2014Q1,2014,Q1,2013-06-12,2013-04-30,-4447000.0,19890000.0,-4156000.0,-0.31,6409000.0,0.32222222222222224,95336000.0,22715000.0,50406000.0,35389000.0,72621000.0,38920000.0,-77257000.0,29315229.999999996,47073230.0,1.5729520116335434,1.4243408968888638,0.19858185785013008,0.8334580673563724,-0.09896766902880925,1.5729520116335434,-0.1957737178076161,1.4738677727501255,-1.648034067910951,1.2905670261941447,0.0,0.34637718396711203,0.0,0.2086305278174037,0.2681059086156715,-0.0466455483762692,-2.0121648706156905,0.32222222222222224,0.5,-0.5557789523953063,-0.319261764104895,-0.6628170050086851,1.6704166666666667,0.5035722259432909,0.5501190733925092,0.14199089084100228,-0.21565411411584393,-0.6238529479452024,"Furnishings, Fixtures & Appliances",Consumer Cyclical,VIRC
2013Q4,2013,Q4,2013-04-22,2013-01-31,-8958000.0,18154000.0,-9238000.0,-0.62,2400000.0,0.1322022694722926,82163000.0,27020000.0,36962000.0,24436000.0,55143000.0,25317000.0,-72810000.0,38557470.0,41757470.0,1.8710615608337373,1.5126043542314618,0.04932877329211446,0.15,-0.2882888681491971,1.8710615608337373,-0.3315321983715766,2.1239104329624325,-1.0760624581379772,1.4269974093264248,0.0,0.6222696212031441,0.0,0.22095103635456348,0.408413815681781,-0.10902717768338546,-12.97357671601615,0.1322022694722926,-4.1,-1.8414464108474218,-0.4424799564130555,-0.6258032480280812,-0.8757635365979916,-4.080467675378267,-3.9308375634517767,-1.39678764428911,-0.31341463311358864,-0.5920937122066706,"Furnishings, Fixtures & Appliances",Consumer Cyclical,VIRC
2013Q3,2013,Q3,2012-12-07,2012-10-31,2908000.0,56642000.0,3152000.0,0.2,19318000.0,0.3410543413015077,90023000.0,36495000.0,43591000.0,23475000.0,53528000.0,25544000.0,-63852000.0,34802810.0,35270810.0,2.5271795582023406,1.8569116080937167,0.02010597291803206,0.0495958350458967,0.08679373508649554,2.5271795582023406,0.07968214823948486,0.6144346951025741,2.9919884800550207,0.9536322783943006,0.0,1.4611650485436893,0.0,0.629194761338769,0.6889030883919063,0.032302855936816144,1.5140214034019228,0.3410543413015077,-0.5918367346938775,-0.8265747223492808,-0.26544367296385496,-0.5118341081194567,-0.15520181921546333,-0.5876931802070041,-0.5918155918155918,-0.018307241251452038,-0.11716978654360226,-0.4791845500769576,"Furnishings, Fixtures & Appliances",Consumer Cyclical,VIRC
2013Q2,2013,Q2,2012-09-14,2012-07-31,7053000.0,60392000.0,7722000.0,0.49,22867000.0,0.3786428666048483,122647000.0,33446000.0,75837000.0,52331000.0,89201000.0,37684000.0,-66759000.0,23996230.0,47492230.0,2.3276498016563436,1.4491792627696776,0.21886389393951747,0.8025772887639777,0.1244482529917185,2.3276498016563436,0.21087723494588292,0.3973412041329977,0.8505681979299589,0.7174618788494886,0.0,0.9957807026854899,0.0,0.49240503232855265,0.6928206990120579,0.05750650240120019,-3.3406974801614924,0.3786428666048483,2.4411764705882355,-0.39128039601474823,-0.319541159219372,-0.41879397446762107,2.282187455145687,2.459342023587834,2.6926786497150372,0.7167560698979618,-0.20298353375506586,-0.5043328014801601,"Furnishings, Fixtures & Appliances",Consumer Cyclical,VIRC
2013Q1,2013,Q1,2012-06-11,2012-04-30,-4833000.0,23668000.0,-4562000.0,-0.34,6967000.0,0.2943636978198411,101397000.0,26291000.0,53881000.0,38001000.0,75106000.0,39911000.0,-73813000.0,26018720.0,42344720.0,1.8390458869613877,1.4178837399015816,0.18032091679241002,0.6954471111787304,-0.10268430734251041,1.8390458869613877,-0.18382716518960862,1.0993206016562447,-1.3458886819780675,0.9896436042752274,0.0,0.4184560647440555,0.0,0.233419134688403,0.2988868713981211,-0.04766413207491346,-3.3707371421168544,0.2943636978198411,0.3797091930746355,-0.6313414744068834,-0.23504055937125184,-0.4251982295577996,0.2767088143668682,0.3832312404287902,0.3612433492019042,-0.6106547276586902,-0.1289737853309927,-0.5803030562662769,"Furnishings, Fixtures & Appliances",Consumer Cyclical,VIRC
2012Q4,2012,Q4,2012-04-25,2012-01-31,-7836000.0,26294000.0,-7142000.0,-0.54813,5457000.0,0.2075378413326234,94225000.0,30896000.0,45808000.0,26840000.0,63329000.0,27791000.0,-68980000.0,25446880.0,34057880.0,2.161163961947398,1.7067064083457526,0.1221331918280711,0.37247540134645263,-0.16441982603590724,2.161163961947398,-0.2536250647332988,0.9677827641286986,-0.8118580908626851,0.8236302433972035,0.0,0.7497751070490447,0.0,0.2790554523746352,0.6097242921013413,-0.0831626426107721,-5.300329098104561,0.2075378413326234,-1.3831739130434784,-1.762720830486802,-0.2717724198955616,-0.364181476885233,-0.6598092388255097,-1.375265231888451,-7.643720930232558,-1.4179701959908144,-0.0559942158485072,-0.5351552326455357,"Furnishings, Fixtures & Appliances",Consumer Cyclical,VIRC
2012Q3,2012,Q3,2011-12-15,2011-10-31,-3299000.0,53074000.0,1075000.0,-0.23,16041000.0,0.30223838414289483,95694000.0,41768000.0,46968000.0,26214000.0,53926000.0,30111000.0,-61144000.0,25713000.0,29679000.0,2.9239061953097654,1.791714351110094,0.056586619850774345,0.12964470407967824,0.024059921373512778,2.9239061953097654,-0.07898391112813637,0.48447450729170594,-1.9485450136404971,0.6156148247462172,0.0,1.2298827670950816,0.0,0.5546220243693439,0.59487296864271,-0.03447447070871737,1.126725384514263,0.30223838414289483,-2.210526315789474,-1.5686237783516124,-0.2757664002258719,-0.23718182058058404,-0.19318981993763204,-2.207540263543192,-0.6606691919191919,-1.8838707305735658,-0.28204797144460114,-0.4240410804631295,"Furnishings, Fixtures & Appliances",Consumer Cyclical,VIRC
2012Q2,2012,Q2,2011-09-14,2011-07-31,2732000.0,62817000.0,3168000.0,0.19,19882000.0,0.31650667812853206,131826000.0,47262000.0,82024000.0,60362000.0,84564000.0,43509000.0,-57845000.0,35685000.0,62468000.0,3.311055065153426,1.3588681620887313,0.21470726563803802,0.598874359950912,0.04127398923153628,3.311055065153426,0.057805425077229064,0.5680787048092077,3.26546486090776,0.7550463374381109,0.1295754026354319,0.9868073272196557,0.009920134510298445,0.47651449638159393,0.6077664755972301,0.020724288076707176,-4.436777321894815,0.31650667812853206,1.5000000000000002,-0.6702361615789503,-0.2444255099029158,-0.09210401834551878,1.9333136618471525,1.505925925925926,1.6141915471112835,-0.21397547127596794,-0.20872744839458884,-0.32218654169742583,"Furnishings, Fixtures & Appliances",Consumer Cyclical,VIRC
2012Q1,2012,Q1,2011-06-09,2011-04-30,-5400000.0,24256000.0,-5158000.0,-0.38,6778000.0,0.2794360158311346,115290000.0,44490000.0,64722000.0,39059000.0,70800000.0,51500000.0,-60019000.0,42472950.0,60856950.0,3.1319957761351636,1.6570316700376353,0.16612021857923498,0.43047875927174645,-0.08146954191801153,3.1319957761351636,-0.12137559002022927,1.7510286114775726,-1.9663402777777779,0.9546628455832773,-0.06592592592592593,0.33937864077669905,0.008381805360823771,0.21039118744036778,0.28679689700197136,-0.0468384074941452,-3.2556300781848844,0.2794360158311346,0.676848765222124,-0.5286201750634889,-0.3500704727035871,0.13116590177290488,0.372620494127177,0.6767241379310345,0.2360781990521327,-0.920571819012716,-0.1560425026459439,-0.3286154260989396,"Furnishings, Fixtures & Appliances",Consumer Cyclical,VIRC
2011Q4,2011,Q4,2011-04-15,2011-01-31,-16704000.0,22993000.0,-6752000.0,-1.17592,4938000.0,0.21476101422171964,100588000.0,50402000.0,49515000.0,20017000.0,50186000.0,35371000.0,-54465000.0,43325250.0,48328250.0,3.5481872580077436,2.4736473997102464,0.0649282220543206,0.12957819134161344,-0.2851208888477129,3.5481872580077436,-0.33141542002301494,1.8842799982603402,-0.6484262751436781,0.8595938653228047,-0.021312260536398467,0.510446410901586,0.008216917386512484,0.2285859148208534,0.6257181395813558,-0.16606354634747683,-9.012949864780529,0.21476101422171964,-118.59200000000001,-0.9851083525543062,-0.38906291933669324,0.19213647080428978,-0.7127900889897051,-109.46753246753246,-52.93846153846154,-4.3864784029768185,-0.2821398859604097,-0.2903920559711463,"Furnishings, Fixtures & Appliances",Consumer Cyclical,VIRC
2011Q3,2011,Q3,2010-12-09,2010-10-31,154000.0,60779000.0,130000.0,0.01,17193000.0,0.28287730959706475,111981000.0,62748000.0,53256000.0,22714000.0,49233000.0,25719000.0,-42090000.0,41606880.0,41601880.0,4.433860938383267,2.3446332658272433,0.02013734472812352,0.035937400395231724,-0.002503949473751618,4.433860938383267,0.0024542614904060687,0.6845601276756774,67.54363636363637,0.6630789825970549,2.2987012987012987,1.694700416034838,0.008508208257865045,0.542761718505818,0.9951131460773092,0.0013752332985059966,1.5185546917770723,0.28287730959706475,-0.9642857142857143,1.0652018480948864,-0.19898838079878534,0.22109054124913965,-0.25156712519589064,-0.9618528610354223,-0.9758049506793225,-0.9906283045882733,-0.19569730742548222,-0.1435275453874691,"Furnishings, Fixtures & Appliances",Consumer Cyclical,VIRC
2011Q2,2011,Q2,2010-09-10,2010-07-31,4037000.0,72363000.0,5373000.0,0.28,22972000.0,0.3174550529966972,150258000.0,63105000.0,90013000.0,55010000.0,87153000.0,41082000.0,-41534000.0,41655336.800000004,68695336.80000001,4.45405138339921,1.6363024904562806,0.19962996978530262,0.47533475952777116,0.04680220902929593,4.45405138339921,0.06397274383963236,0.5756441385791081,2.57959727520436,0.6600956627842485,0.08768887787961357,1.2022540285283092,0.008498310833487246,0.4815916623407739,0.8031630612615888,0.02686712188369338,-7.813794184955919,0.3174550529966972,1.777777777777778,-0.3856860878751843,-0.11726033591013332,0.17036273156436874,2.6632116089937807,1.7945286360952568,1.8581696214662196,-0.6466377507075182,-0.1730923522059347,0.11216107346574554,"Furnishings, Fixtures & Appliances",Consumer Cyclical,VIRC
2011Q1,2011,Q1,2010-06-08,2010-04-30,-5081000.0,24860000.0,-6261000.0,-0.36,6271000.0,0.25225261464199517,132770000.0,59201000.0,72170000.0,41697000.0,73569000.0,50833000.0,-45571000.0,50965200.0,72159200.0,4.181747545383909,1.7308199630668872,0.16776380206371921,0.37624364453303155,-0.06012516002450583,4.181747545383909,-0.08582625293491664,2.0500884955752214,-2.5076362920684905,0.860884106687387,-0.06967132454241291,0.3656876438534023,0.006945916036825127,0.1872410936205468,0.3564045374967024,-0.03826918731641184,-3.441037067044764,0.25225261464199517,-0.39098180132143273,0.17268365911048233,-0.30823705407214164,0.256817235518141,-0.17312763713080168,-0.386735807860262,-0.1483859134262656,-0.7318911174920937,-0.18862563936787963,0.3070233373026564,"Furnishings, Fixtures & Appliances",Consumer Cyclical,VIRC
2010Q4,2010,Q4,2010-04-16,2010-01-31,-3664000.0,25921000.0,-5452000.0,-0.25881,7584000.0,0.29258130473361366,118100000.0,64938000.0,56906000.0,22926000.0,53162000.0,36670000.0,-39785000.0,49407930.0,55286930.0,4.58698876880695,2.4821599930210243,0.05862828111769687,0.1066247805599187,-0.04975461165830455,4.58698876880695,-0.05642304967815455,1.906096601211373,-3.371174263100437,0.7608477316825281,-0.0968886462882096,0.5000545404963185,0.007185081423164257,0.21948348856900932,0.6792288231701997,-0.031024555461473327,-6.574574850299401,0.29258130473361366,-2.29405,0.7037885875590194,-0.23167186022531713,0.2197209554728722,-0.6396293656450464,-2.261273666092943,-2.419422025514189,-0.3044917815016276,-0.27505422385387535,0.3495007671231217,"Furnishings, Fixtures & Appliances",Consumer Cyclical,VIRC
2010Q3,2010,Q3,2009-12-10,2009-10-31,2905000.0,62920000.0,3841000.0,0.2,21045000.0,0.3344723458359822,112908000.0,68719000.0,53043000.0,22644000.0,44189000.0,27634000.0,-36121000.0,39370360.0,37303360.0,4.852351362801864,2.3424748277689456,0.0005314061005420342,0.0008731209709105196,0.045763406766887366,4.852351362801864,0.042273607008250995,0.6257209154481882,3.3881549053356284,0.5729181158049448,0.12289156626506025,1.5153434175291307,0.009067735220099588,0.5572678641017466,0.970102455396573,0.025728912034576824,1.4032277150087322,0.3344723458359822,-0.3103448275862068,127.00863813962245,-0.16227042663814706,0.06320121400298323,-0.18354283054003726,-0.2820069204152249,-0.49017786036633926,-0.49493823437075135,-0.13395348597926426,0.2659304318357923,"Furnishings, Fixtures & Appliances",Consumer Cyclical,VIRC
2010Q2,2010,Q2,2009-09-09,2009-07-31,4046000.0,74623000.0,7534000.0,0.29,25776000.0,0.3454162925639548,149173000.0,66453000.0,89559000.0,48594000.0,82720000.0,41177000.0,-38314000.0,45000180.0,70502180.0,4.695993216027136,1.843005309297444,0.18177552238005537,0.4080477931771327,0.04592927037996857,4.695993216027136,0.06088513686364799,0.6030336491430256,2.780535096391498,0.677173039591892,0.08724666337123084,1.1862690336838526,0.007844413066792177,0.5002446823486824,0.8971889533687286,0.027122870760794515,-4.488348294434471,0.3454162925639548,2.380952380952381,0.843884910033969,0.003737310323599587,0.028753100796524995,2.105542168674699,2.354536324070974,2.5988964346349746,-0.5073859724990109,-0.09461903156268021,0.287647981327119,"Furnishings, Fixtures & Appliances",Consumer Cyclical,VIRC
2010Q1,2010,Q1,2009-06-09,2009-04-30,-2987000.0,27049000.0,-4712000.0,-0.21,8300000.0,0.3068505305186883,130064000.0,62358000.0,70033000.0,32575000.0,67706000.0,48958000.0,-42363000.0,45254580.0,60281580.0,4.381842456608812,2.1499002302379124,0.12415426251691475,0.25895634882452934,-0.036685573725709866,4.381842456608812,-0.047900830687321594,1.673059262819328,-3.7876280549045864,0.7257221206581354,-0.11918312688316036,0.382960905265738,0.007866607092585987,0.20796684709066307,0.4031312356101305,-0.022965616927051298,-2.4257386363636364,0.3068505305186883,0.07362477392033177,0.4025710865573198,-0.17906089938262562,-0.006344326301726439,-0.042123485285631854,0.074085554866708,-0.32620320855614976,0.15599140483994925,-0.2765573354116627,0.5825662383150041,"Furnishings, Fixtures & Appliances",Consumer Cyclical,VIRC
2009Q4,2009,Q4,2009-04-16,2009-01-31,-3226000.0,27727000.0,-3553000.0,-0.22669,8665000.0,0.31251127060266165,118075000.0,66163000.0,57799000.0,27664000.0,51912000.0,32985000.0,-38664000.0,30169720.0,25898720.0,4.649216499191905,2.089321862348178,0.0009824264238831252,0.0017532457718059942,-0.02860798820575892,4.649216499191905,-0.04875836948143222,1.0880989649078516,-2.338013019218847,0.45599081057388574,-0.11190328580285183,0.5778990450204639,0.011965639720885709,0.23482532288799493,0.6993927125506073,-0.027321617615922084,15.962814814814815,0.31251127060266165,-1.8718846153846154,-0.4940658656221523,-0.12042399718648297,-0.02350944198394296,-0.6462398954846085,-1.8534391534391534,-1.6315321720583007,0.6173216278794971,-0.2646238376900094,0.5620654002527892,"Furnishings, Fixtures & Appliances",Consumer Cyclical,VIRC
2009Q3,2009,Q3,2008-12-10,2008-10-31,3780000.0,74866000.0,5626000.0,0.26,24494000.0,0.32717121256645204,115890000.0,73443000.0,57558000.0,24475000.0,42447000.0,26045000.0,-36053000.0,39639580.0,36299580.0,5.076588097048455,2.35170582226762,0.0011562688756579515,0.001824544204348951,0.045253537650216724,5.076588097048455,0.051468485764470405,0.5294737263911522,2.6216653439153443,0.5397325817300492,0.09603174603174604,1.9340372432328663,0.00915751377789573,0.6460091466045388,1.1919509703779367,0.032617136940201914,1.147310564399421,0.32717121256645204,0.08333333333333341,1.4459365569489948,0.03016121935540044,0.07139425915925861,-0.053883888910348024,0.07630979498861047,-0.10399745182353878,2.5655621863204967,-0.03481795583872105,0.3980983601583565,"Furnishings, Fixtures & Appliances",Consumer Cyclical,VIRC
2009Q2,2009,Q2,2008-09-09,2008-07-31,3512000.0,80216000.0,6279000.0,0.24,25889000.0,0.32274109903261194,156315000.0,70455000.0,96171000.0,47268000.0,85860000.0,46191000.0,-39109000.0,67932330.0,100831330.0,4.884906052832282,2.0345899974612847,0.2223075200716502,0.49322262437016534,0.03668329797365302,4.884906052832282,0.04984742033922362,0.8468675825271766,4.835729641230069,0.964194592292953,0.10279043280182232,1.1761382087419627,0.005314111852191733,0.5131689217285609,0.9517432512482017,0.02246745353932764,-14.41381922342457,0.32274109903261194,2.1999999999999997,1.3848216323965217,0.10581526468160891,-0.08314803477420166,1.7100387312886005,2.2296918767507004,2.48159509202454,-0.47502447901305267,-0.03876400702066366,0.2835756706212411,"Furnishings, Fixtures & Appliances",Consumer Cyclical,VIRC
2009Q1,2009,Q1,2008-06-06,2008-04-30,-2856000.0,29194000.0,-4238000.0,-0.2,9553000.0,0.3272247722134685,145101000.0,67311000.0,85168000.0,38992000.0,77790000.0,63069000.0,-42260000.0,61034670.00000001,88796670.0,4.664980248111442,2.1842429216249486,0.2015768326889546,0.43453521712647264,-0.027567472129898365,4.664980248111442,-0.042429914872754826,2.090658011920258,-5.342670693277312,0.9067562508356732,-0.12605042016806722,0.31142082481092137,0.0058982869900009284,0.20119778636949434,0.37094788674599916,-0.019682841606880726,-2.382026694766421,0.3272247722134685,0.08387155879254268,0.35337051802516456,-0.14928527294583635,-0.2195864143539161,-0.08662396022564299,0.09333333333333334,-0.3544263342921061,0.5437366243151662,-0.20295145470684853,0.40205201666230517,"Furnishings, Fixtures & Appliances",Consumer Cyclical,VIRC
2008Q4,2008,Q4,2008-04-15,2008-01-31,-3150000.0,32535000.0,-3129000.0,-0.21831,10459000.0,0.321469187029353,127035000.0,72148000.0,66514000.0,34518000.0,54887000.0,43008000.0,-37224000.0,92345600.0,94125600.0,5.000207914616397,1.9269366707225215,0.030275121029637503,0.05330709097965294,-0.03775809466916085,5.000207914616397,-0.043660253922492655,2.8383463961887196,-7.329015873015873,1.279946776071409,0.0,0.5132998511904762,0.0,0.2561105207226355,0.5163682716263979,-0.02479631597591215,-16.269485553206483,0.321469187029353,-1.1898347826086957,0.4371585738406613,-0.15542773250942574,-0.20805173411190753,-0.6256621331424481,-1.1881832845450744,-1.4390962671905698,0.7501427967370206,-0.05380467697196237,0.32959958756672697,"Furnishings, Fixtures & Appliances",Consumer Cyclical,VIRC
2008Q3,2008,Q3,2007-12-07,2007-10-31,16739000.0,76977000.0,7126000.0,1.15,27940000.0,0.3629655611416397,123393000.0,74630000.0,61895000.0,30094000.0,48763000.0,28745000.0,-32067000.0,166072320.0,161899320.0,5.17688679245283,2.0567222702199772,0.0016937751736322158,0.002800482379740051,0.2408719435670624,5.17688679245283,0.22429317968645318,2.15742780311002,2.480320210287353,2.22527562642369,0.0,1.7059314663419725,0.0,0.6238360360798425,0.9406193925699475,0.13565599345181656,4.328407005838199,0.3629655611416397,0.43749999999999983,3.7644697467603465,-0.1640206025477091,-0.260150954537904,-0.17128874388254486,0.44177433247200687,-0.4471683475562451,723.6069017229532,0.006829498091559884,0.13431033966049727,"Furnishings, Fixtures & Appliances",Consumer Cyclical,VIRC
2008Q2,2008,Q2,2007-09-07,2007-07-31,11610000.0,88931000.0,12890000.0,0.8,33715000.0,0.3791141446739607,150343000.0,57662000.0,95376000.0,45874000.0,92681000.0,40414000.0,-48806000.0,93874960.0,127869960.0,4.004861786359217,2.079086192614553,0.23973846471069488,0.625073705386563,0.13319968230288487,4.004861786359217,0.20134577364642225,1.0555932127154761,2.021424633936262,1.62802122715133,0.0,1.3662592171029841,0.0,0.5915207226142887,1.1709683044862014,0.07722341578922863,-20.505670598514634,0.3791141446739607,4.809523809523809,1.5241401877021257,-0.009604503432513956,-0.41294017894800306,1.9190476190476191,4.895973154362416,6.291461412151067,4.200260663152173,0.1756701745465591,-0.1226533362703336,"Furnishings, Fixtures & Appliances",Consumer Cyclical,VIRC
2008Q1,2008,Q1,2007-06-08,2007-04-30,-2980000.0,31122000.0,-2436000.0,-0.21,11550000.0,0.37112010796221323,125672000.0,46008000.0,70150000.0,32379000.0,79664000.0,52850000.0,-60416000.0,93901400.0,123318400.0,3.199443671766342,2.1665276876988173,0.2461964478961105,0.6724917405668579,-0.031657742891303214,3.199443671766342,-0.06477134411406713,3.0172032645716858,-7.87763422818792,2.0409798295948534,0.0,0.3703311258278146,0.0,0.2476446622954994,0.47972451280150713,-0.023712521484499333,-5.8461835387872,0.37112010796221323,-0.05846774193548387,-0.2664193665746178,-0.3134478509713852,-0.5201498080667594,-0.007987632053594434,-0.04451454609183316,-0.18771331058020477,0.41014697476118606,-0.0652321687842726,-0.27447292124029,"Furnishings, Fixtures & Appliances",Consumer Cyclical,VIRC
2007Q4,2007,Q4,2007-04-16,2007-01-31,-2853000.0,36319000.0,-2051000.0,-0.1984,11643000.0,0.32057600704865225,116277000.0,48878000.0,60032000.0,37038000.0,67399000.0,37837000.0,-57436000.0,129276200.0,142648200.0,3.399026425591099,1.6208218586316756,0.13127273665471245,0.3122877368141086,-0.034464421515084526,3.399026425591099,-0.05836981873235402,3.5594647429719983,-11.328093235191027,2.6448749948852246,0.0,0.6521658693871079,0.0,0.31234895981148464,0.5593174577460986,-0.02453623674501406,151.91092831962396,0.32057600704865225,-1.4839024390243902,0.4099291835715297,-0.16665680424007018,-0.5080035549745949,-0.5702421379004873,-1.489113663637922,-1.2943878283335726,-0.3076264145317304,0.14019965316025135,-0.28609106252339883,"Furnishings, Fixtures & Appliances",Consumer Cyclical,VIRC
2007Q3,2007,Q3,2006-12-11,2006-10-31,5833000.0,73678000.0,6967000.0,0.41,27092000.0,0.3677081353999837,116525000.0,55050000.0,57041000.0,31112000.0,61475000.0,25161000.0,-54583000.0,,,,,,,,,,,,,,,,,,,,,,,,,,,,,,,"Furnishings, Fixtures & Appliances",Consumer Cyclical,VIRC
2007Q2,2007,Q2,2006-09-11,2006-07-31,7832000.0,78595000.0,9249000.0,0.58,28383000.0,0.36112984286532224,150392000.0,49212000.0,89660000.0,52360000.0,101180000.0,37352000.0,-60416000.0,,,,,,,,,,,,,,,,,,,,,,,,,,,,,,,"Furnishings, Fixtures & Appliances",Consumer Cyclical,VIRC
2007Q1,2007,Q1,2006-06-09,2006-04-30,-3267000.0,34515000.0,-2381000.0,-0.25,11494000.0,0.3330146313197161,132812000.0,36374000.0,71681000.0,41799000.0,96438000.0,51651000.0,-68248000.0,,,,,,,,,,,,,,,,,,,,,,,,,,,,,,,"Furnishings, Fixtures & Appliances",Consumer Cyclical,VIRC
