Quarters,Year,Quarter,FillingDate,Date,NetIncome,Revenue,OperatingIncome,EPSDiluted,GrossProfit,GrossProfitRatio,TotalAssets,CommonStockEquity,CurrentAssets,CurrentLiability,TotalLiability,Inventory,RetainedEarnings,MarketCap,EnterpriseValue,bookValuePerShare,currentRatio,debtToAssets,debtToEquity,roic,shareholdersEquityPerShare,roe,priceToSalesRatio,peRatio,pbRatio,payoutRatio,inventoryTurnover,dividendYield,assetTurnover,quickRatio,returnOnAssets,priceToFreeCashFlowsRatio,grossProfitMargin,epsdilutedGrowth,fiveYNetIncomeGrowthPerShare,fiveYRevenueGrowthPerShare,fiveYShareholdersEquityGrowthPerShare,grossProfitGrowth,netIncomeGrowth,operatingIncomeGrowth,threeYNetIncomeGrowthPerShare,threeYRevenueGrowthPerShare,threeYShareholdersEquityGrowthPerShare,Industry,Sector,Symbol
2023Q1,2023,Q1,2023-05-03,2023-03-31,-10252000.0,75212000.0,-11933000.0,-0.19,58337000.0,0.7756342073,309630000.0,144768000.0,246434000.0,146307000.0,164862000.0,0.0,0.0,3359140754.0,3301678754.0,2.6237292466846123,1.6843623339963227,0.06765817265768821,0.14470739389920426,-0.06456943327929199,2.6237292466846123,-0.07081675508399646,44.662297957772694,-81.91427901872805,23.203613740605658,0.0,0.0,0.0,0.24290927881665214,1.4637713848277936,-0.033110486709944126,425.15387343374255,0.7756342073073446,0.13636363636363635,-0.4488244913255705,1.3473103448325743,0.0,0.07543552401142962,0.14151733377993636,0.09247851547646209,0.11097805726002428,1.238485979052849,0.028086295675588385,Software—Application,Technology,SPT
2022Q4,2022,Q4,2023-02-22,2022-12-31,-11942000.0,69660000.0,-13149000.0,-0.22,54245000.0,0.7787108814,293920000.0,142337000.0,235466000.0,132806000.0,151583000.0,20369000.0,-225985000.0,3083371839.36,3025240839.36,2.606350268045538,1.7730072436486304,0.07412221012520413,0.1530592888707785,-0.07137966623264186,2.606350268045538,-0.0838994779993958,44.26316163307494,-64.54889966839725,21.662475950455608,0.0,0.7567872747803034,0.0,0.23700326619488296,1.571307019261178,-0.04063010342950463,1206.7991543483367,0.7787108814240598,0.12,-1.2152719106956333,1.3052822034610685,3.0776056725369125,0.085008500850085,0.14289815545826456,0.08592283628779979,0.8036354356258331,0.05206905588605076,-0.5278134840178244,Software—Application,Technology,SPT
2022Q3,2022,Q3,2022-11-04,2022-09-30,-13933000.0,65307000.0,-14385000.0,-0.25,49995000.0,0.7655381506,278522000.0,139685000.0,225248000.0,119456000.0,138837000.0,0.0,-214043000.0,3320213603.6,3247539603.6,2.552873643674508,1.8856147870345568,0.08066508211200552,0.16084046246912698,-0.0784068094524251,2.552873643674508,-0.09974585674911408,50.84008764144732,-59.57463582143114,23.76929236210044,0.0,0.0,0.0,0.23447698925040034,1.6645124564693277,-0.05002477362649988,6229.293815384615,0.7655381505811015,0.07407407407407414,-1.4197687690650798,1.1631372268505282,14.56044044682968,0.07999222327832023,0.046338124572210815,0.010183719810087387,-1.4197687690650798,1.1631372268505282,14.56044044682968,Software—Application,Technology,SPT
2022Q2,2022,Q2,2022-08-03,2022-06-30,-14610000.0,61432000.0,-14533000.0,-0.27,46292000.0,0.7535486391,275347000.0,141063000.0,223784000.0,114046000.0,134284000.0,0.0,-200110000.0,3164978118.63,3119814118.63,2.5881785285598764,1.9622257685495326,0.08497277980148685,0.16586206163203676,-0.07778797978009815,2.5881785285598764,-0.10357074498628273,51.52002406937753,-54.157736458418896,22.43662844707684,0.0,0.0,0.0,0.22310756972111553,1.7415691913789173,-0.053060320250447615,4745.0946306296855,0.7535486391457221,-0.5000000000000001,-0.0034223725297899956,0.832463680400351,0.0,0.06570284083060915,-0.49769349051768325,-0.5124362576750963,-0.0034223725297899956,0.832463680400351,0.0,Software—Application,Technology,SPT
2022Q1,2022,Q1,2022-05-04,2022-03-31,-9755000.0,57429000.0,-9609000.0,-0.18,43438000.0,0.75637744,270487000.0,142754000.0,226773000.0,107347000.0,127733000.0,0.0,-185500000.0,4348727401.12,4290052401.12,2.630068391284844,2.1125229396256997,0.08498375152964838,0.16102526023789177,-0.051388657384072146,2.630068391284844,-0.06833433739159674,75.72354387365269,-111.44867762993339,30.463086156044668,0.0,0.0,0.0,0.21231704296324777,1.885446263053462,-0.03606457981344759,854.5347614698369,0.7563774399693535,0.0,-0.40141502354989145,0.8219940037369526,0.0,0.08662914321450907,0.014646464646464647,0.0146636587366694,-0.40141502354989145,0.8219940037369526,0.0,Software—Application,Technology,SPT
2021Q4,2021,Q4,2022-02-23,2021-12-31,-9900000.0,53265000.0,-9752000.0,-0.18,39975000.0,0.7504928189,264717000.0,145210000.0,222532000.0,98429000.0,119507000.0,0.0,-175745000.0,4903737896.01,4820262896.01,2.6855217752798803,2.260837761228906,0.08929913832507924,0.16279181874526547,-0.05104963814934751,2.6855217752798803,-0.0681771227876868,92.06304132188116,-123.83176505075758,33.76997380352593,0.0,0.0,0.0,0.2012148823082764,2.0564874173261947,-0.03739842926597083,2215.8779466832357,0.7504928189242467,-0.3846153846153845,-0.8548224726154656,0.7803268405066591,3.201468604914047,0.08790311607021363,-0.4157014157014157,-0.4261479964902018,-0.8548224726154656,0.7803268405066591,3.201468604914047,Software—Application,Technology,SPT
2021Q3,2021,Q3,2021-11-03,2021-09-30,-6993000.0,49091000.0,-6838000.0,-0.13,36745000.0,0.7485078731335683,250647000.0,147952000.0,210053000.0,80936000.0,102695000.0,0.0,-165845000.0,6574144014.0,6483085014.0,2.7445012402492224,2.5952975190273797,0.09684137452273515,0.16405996539418188,-0.035120761914480915,2.7445012402492224,-0.04726532929598789,133.91750043796216,-235.02588352638352,44.43430311182005,0.0,0.0,0.0,0.1958571217688622,2.360494711871108,-0.02789979532968677,1576.9114929239627,0.7485078731335683,-0.3,-0.2326954754020507,0.650400170670034,15.728461359990915,0.0958842827318819,-0.2850055126791621,-0.2872740963855422,-0.2326954754020507,0.650400170670034,15.728461359990915,Software—Application,Technology,SPT
2021Q2,2021,Q2,2021-08-04,2021-06-30,-5442000.0,44685000.0,-5312000.0,-0.1,33530000.0,0.7503636567080676,245625000.0,150162000.0,205110000.0,72973000.0,95463000.0,0.0,-158852000.0,4800452341.5,4717086341.5,2.7971293296506943,2.810765625642361,0.10133740458015267,0.1657609781436049,-0.026878602416931064,2.7971293296506943,-0.03624085987133895,107.42871973816717,-220.5279465959206,31.968489641187517,0.0,0.0,0.0,0.1819236641221374,2.571005714442328,-0.022155725190839696,1181.7952588626292,0.7503636567080676,0.1666666666666666,0.6205421948480333,0.35323702666500106,0.0,0.08789461730638201,0.14528035181404114,0.14584338318057566,0.6205421948480333,0.35323702666500106,0.0,Software—Application,Technology,SPT
2021Q1,2021,Q1,2021-05-05,2021-03-31,-6367000.0,40818000.0,-6219000.0,-0.12,30821000.0,0.7550835415747954,241193000.0,150409000.0,200868000.0,67590000.0,90784000.0,0.0,-153410000.0,3086270326.08,3009467326.08,2.8149264069925177,2.9718597425654685,0.10572446132350441,0.16953772713069032,-0.030921176511539118,2.8149264069925177,-0.04233124347612177,75.61052295751874,-121.18228074760484,20.519186525274417,0.0,0.0,0.0,0.16923376714912952,2.7181683681017903,-0.02639794687242167,895.3496739425588,0.7550835415747954,-0.09090909090909087,0.0708436255841047,0.31547281102816643,0.0,0.11142764415275323,-0.08356024506466984,-0.0731665228645384,0.0708436255841047,0.31547281102816643,0.0,Software—Application,Technology,SPT
2020Q4,2020,Q4,2021-02-24,2020-12-31,-5876000.0,37346000.0,-5795000.0,-0.11,27731000.0,0.7425427087238259,239669000.0,152099000.0,199330000.0,63577000.0,87570000.0,0.0,-147043000.0,2413323441.18,2324601441.18,2.8619518926244285,3.135253314878022,0.09862769069007674,0.15541193564717717,-0.029026717301357894,2.8619518926244285,-0.038632732628090916,64.62066730520002,-102.6771375587134,15.866793609293946,0.0,0.0,0.0,0.15582323955121438,2.847838054642402,-0.024517146564637063,-1223.1745773846933,0.7425427087238259,0.15384615384615388,-0.12008958606930098,0.27000584212393347,3.477491538635062,0.11405270769725213,0.16021151922252394,0.1626932524201705,-0.12008958606930098,0.27000584212393347,3.477491538635062,Software—Application,Technology,SPT
2020Q3,2020,Q3,2020-11-10,2020-09-30,-6997000.0,33666000.0,-6921000.0,-0.13,24892000.0,0.7393809778411453,232252000.0,156615000.0,193699000.0,51654000.0,75637000.0,0.0,-141167000.0,1998554904.5,1906424904.5,3.0170186900662155,3.7499322414527434,0.0,0.0,-0.03825140835560257,3.0170186900662155,-0.04467643584586406,59.36419249391077,-71.40756411676432,12.760941828688184,0.0,0.0,0.0,0.14495461825947678,3.517210671003214,-0.030126758865370373,-494.56938987874287,0.7393809778411453,0.1875,-0.2808733868468784,0.1753871940465032,17.38952733523269,0.07841608179533836,0.15719103830402312,0.17034284344281947,-0.2808733868468784,0.1753871940465032,17.38952733523269,Software—Application,Technology,SPT
2020Q2,2020,Q2,2020-08-06,2020-06-30,-8302000.0,31402000.0,-8342000.0,-0.16,23082000.0,0.7350487230112732,191836000.0,119034000.0,154424000.0,49712000.0,72802000.0,0.0,-134170000.0,1364240664.0,1309278664.0,2.3558292058064616,3.1063727067911167,0.0,0.0,-0.0581113136439579,2.3558292058064616,-0.06974477880269503,43.444387746003436,-41.081687063358224,11.460932708301831,0.0,0.0,0.0,0.16369190350090704,2.8876729964596075,-0.04327654871869722,-300.6922336345603,0.7350487230112732,0.23809523809523805,0.38495349840473836,0.010391513545424773,0.0,0.033815559636314774,0.20782442748091604,0.2377558479532164,0.38495349840473836,0.010391513545424773,0.0,Software—Application,Technology,SPT
2020Q1,2020,Q1,2020-05-07,2020-03-31,-10480000.0,30535000.0,-10944000.0,-0.21,22327000.0,0.7311937121336172,198526000.0,127970000.0,161140000.0,47003000.0,70556000.0,0.0,-125868000.0,800297777.1600001,688332777.1600001,2.5520515716635206,3.4282918111609897,0.0,0.0,-0.07137216292425501,2.5520515716635206,-0.08189419395170743,26.2091952565908,-19.091072928435114,6.2537921165898265,0.0,0.0,0.0,0.15380856915466992,3.184626513201285,-0.05278905533783988,-166.17478761627908,0.7311937121336172,0.8108108108108109,-0.6296836126004686,0.04861516524922402,0.0,0.15815956012034443,0.5945841392649903,0.5776963148755547,-0.6296836126004686,0.04861516524922402,0.0,Software—Application,Technology,SPT
2019Q4,2019,Q4,2020-02-28,2019-12-31,-25850000.0,28144000.0,-25915000.0,-1.11,19278000.0,0.6849772598067083,189591000.0,128130000.0,157033000.0,43056000.0,61461000.0,0.0,-115388000.0,372568954.95,257785954.95,5.519747345228986,3.6471804162021555,0.0,0.0,-0.1744421989007353,5.519747345228986,-0.20174822445953328,13.237953203169415,-3.603181382495164,2.9077417852961838,0.0,0.0,0.0,0.14844586504633658,3.400431995540691,-0.13634613457389855,-75.75619254778366,0.6849772598067083,-9.548022008305383,-10.281424007207827,1.1911890579459765,7.635582623648737,0.004481033764068362,-4.129986108354832,-4.062512209415901,-10.281424007207827,1.1911890579459765,7.635582623648737,Software—Application,Technology,SPT
2019Q3,2019,Q3,2019-09-30,2019-09-30,-5039000.0,26421000.0,-5119000.0,-0.105233,19192000.0,0.7263918852427993,66164000.0,7856000.0,30809000.0,39380000.0,58308000.0,0.0,-89538000.0,794881023.4000001,803458023.4000001,0.16406178555149037,0.7823514474352463,0.0,0.0,-0.1769839390071718,0.16406178555149037,-0.6414205702647657,30.085198266530416,-39.43644688430244,101.18139299898168,0.0,0.0,0.0,0.39932591741732665,0.5812087353986796,-0.07615924067468714,-231.00291293228716,0.7263918852427993,0.6060828389077093,0.0,0.0,0.0,0.03466494150628066,0.5314737331473733,0.5295036764705883,0.0,0.0,0.0,Software—Application,Technology,SPT
2019Q2,2019,Q2,2019-06-30,2019-06-30,-10755000.0,24763000.0,-10880000.0,-0.267145,18549000.0,0.7490610992206114,,,,,,,,668299217.4000001,,,0.0,0.0,0.0,0.0,,0.0,26.98781316480233,-15.53461686192469,0.0,0.0,0.0,0.0,0.0,0.0,0.0,-239.87768033022257,0.7490610992206114,-1.0830831611368865,0.0,0.0,0.0,0.05788753279342991,-1.0830912260313772,-1.0321255136346656,0.0,0.0,0.0,Software—Application,Technology,SPT
2019Q1,2019,Q1,2019-03-31,2019-03-31,-5163000.0,23379000.0,-5354000.0,-0.128245,17534000.0,0.7499893066427136,,,,,,,,668299217.4000001,,,0.0,0.0,0.0,0.0,,0.0,28.585449223662266,-32.3600240848344,0.0,0.0,0.0,0.0,0.0,0.0,0.0,-165.8722306775875,0.7499893066427136,-0.29919830002642167,0.0,0.0,0.0,0.03942142391368783,-0.29919476597886263,-0.37528898022090934,0.0,0.0,0.0,Software—Application,Technology,SPT
2018Q4,2018,Q4,2018-12-31,2018-12-31,-3974000.0,22276000.0,-3893000.0,-0.09871087423481996,16869000.0,0.757272400790088,71845000.0,25733000.0,42882000.0,31071000.0,46112000.0,0.0,-68581000.0,668299217.4000001,642109217.4000001,0.6391864435542581,1.3801293810949116,0.0,0.0,-0.1521265129873879,0.6391864435542581,-0.1544320522286558,30.000862695277434,-42.041973917966786,25.970513247580932,0.0,0.0,0.0,0.31005637135500036,1.1824852756589745,-0.05531352216577354,-131.71052767047695,0.757272400790088,0.0,0.0,0.0,0.0,0.0,0.0,0.0,0.0,0.0,0.0,Software—Application,Technology,SPT
