Quarters,Year,Quarter,FillingDate,Date,NetIncome,Revenue,OperatingIncome,EPSDiluted,GrossProfit,GrossProfitRatio,TotalAssets,CommonStockEquity,CurrentAssets,CurrentLiability,TotalLiability,Inventory,RetainedEarnings,MarketCap,EnterpriseValue,bookValuePerShare,currentRatio,debtToAssets,debtToEquity,roic,shareholdersEquityPerShare,roe,priceToSalesRatio,peRatio,pbRatio,payoutRatio,inventoryTurnover,dividendYield,assetTurnover,quickRatio,returnOnAssets,priceToFreeCashFlowsRatio,grossProfitMargin,epsdilutedGrowth,fiveYNetIncomeGrowthPerShare,fiveYRevenueGrowthPerShare,fiveYShareholdersEquityGrowthPerShare,grossProfitGrowth,netIncomeGrowth,operatingIncomeGrowth,threeYNetIncomeGrowthPerShare,threeYRevenueGrowthPerShare,threeYShareholdersEquityGrowthPerShare,Industry,Sector,Symbol
2023Q3,2023,Q3,2023-05-10,2023-04-01,1976000.0,164553000.0,5131000.0,0.18,14276000.0,0.0867562427,431698000.0,129420000.0,360273000.0,161250000.0,302278000.0,154315000.0,81924000.0,78239740.0,216275740.0,12.025645790745214,2.234251162790698,0.3198370156915251,1.0668598361922423,0.01484460711336443,12.025645790745214,0.015268119301498996,0.4754683293528529,9.898752530364373,0.6045413382784732,0.0,0.9738327447104947,0.0,0.38117619261613445,1.127832558139535,0.004577273927606799,-9.687932144626053,0.08675624266953505,1.0,2.067752767097482,0.5184068556612256,0.06190203530826903,0.6004484304932736,1.0434332988624613,4.71380846325167,1.1710250351766798,0.47613314453909744,0.14570523028527096,Computer Hardware,Technology,KTCC
2023Q2,2023,Q2,2023-02-09,2022-12-31,967000.0,123708000.0,898000.0,0.09,8920000.0,0.0721052802,430248000.0,127311000.0,361647000.0,173469000.0,302937000.0,171749000.0,79948000.0,46599460.0,177347460.0,11.829678498420368,2.0847932483613785,0.3057724847064949,1.033359254110014,0.0029001578593950356,11.829678498420368,0.0075955730455341645,0.3766891389400847,12.04743019648397,0.3660285442734721,0.0,0.6683474139587421,0.0,0.28752719361856416,0.9421222235673232,0.0022475409531247095,-8.43123937036367,0.07210528017589808,-0.18181818181818185,5.3161620251148225,0.10704864820898188,0.08966759387228439,-0.14057230947104732,-0.1605902777777778,-0.6299958796868562,0.17332559906034004,0.05965465140374994,0.0897235665927826,Computer Hardware,Technology,KTCC
2023Q1,2023,Q1,2022-11-09,2022-10-01,1152000.0,137263000.0,2427000.0,0.11,10379000.0,0.0756139673,429964000.0,126223000.0,359589000.0,173783000.0,303741000.0,169285000.0,78981000.0,43478480.0,172256480.0,11.728582047946478,2.069183982322782,0.30446967653105844,1.0371406162109917,0.0069925537349937415,11.728582047946478,0.009126704324885321,0.31675309442457183,9.435434027777777,0.34445766619395835,0.0,0.7495289009658268,0.0,0.31924300639123276,0.9638514699366452,0.002679294080434641,-5.198909482243214,0.07561396734735508,0.22222222222222227,1.6661710958310103,0.2565579641689891,0.06844636867378492,-0.11743197278911564,0.19008264462809918,0.0734188412206988,-0.2578699011604404,0.3034856928588545,0.09607204255679369,Computer Hardware,Technology,KTCC
2022Q4,2022,Q4,2022-09-14,2022-07-02,968000.0,126206000.0,2261000.0,0.09,11760000.0,0.0931809898,406923000.0,124878000.0,340008000.0,163667000.0,282045000.0,155741000.0,77829000.0,45953739.99999999,163964740.0,11.6036052778294,2.077437724159421,0.29420308018961816,0.9586796713592466,0.010728030084293282,11.6036052778294,0.007751565527955285,0.36411691995626194,11.86821797520661,0.3679890773394833,0.0,0.7348482416319402,0.0,0.31014712857223603,0.9748880348512529,0.0023788284269997025,11.511457915831661,0.09318098981031013,-0.010989010989010999,-0.275583751656694,0.06443637801295883,0.07109896273769029,0.021897810218978103,-0.038728897715988087,0.539142273655548,0.18460233511218704,0.19512550549026994,0.09082547278452845,Computer Hardware,Technology,KTCC
2022Q3,2022,Q3,2022-05-11,2022-04-02,1007000.0,138391000.0,1469000.0,0.091,11508000.0,0.0831556965,411426000.0,124026000.0,344083000.0,164338000.0,287400000.0,155066000.0,76861000.0,60805300.00000001,182751300.0,11.524437836833302,2.093751901568718,0.30058382309333875,0.997113508457904,0.004600129412117602,11.524437836833302,0.008119265315337106,0.43937322513747284,15.095655412115194,0.49026252559947114,0.0,0.8182515831968323,0.0,0.3363691161958651,0.9918582433764559,0.002447584741849081,-25.146939619520268,0.08315569654096003,0.7137476459510357,0.04757470353254732,0.21788032076541144,0.09958520322883148,0.1733278955954323,0.7155025553662692,-0.11023622047244094,1.0840341257042971,0.28170592609982953,0.09558728375323651,Computer Hardware,Technology,KTCC
2022Q2,2022,Q2,2022-02-10,2022-01-01,587000.0,134456000.0,1651000.0,0.0531,9808000.0,0.0729457964,410507000.0,122635000.0,343551000.0,167128000.0,287872000.0,157750000.0,75854000.0,67316310.0,188162310.0,11.395186768258688,2.055616054760423,0.29693038121152626,0.9939413707342928,0.006751410503971637,11.395186768258688,0.004786561748277409,0.500656794787886,28.669637989778533,0.548915970155339,0.0,0.790161648177496,0.0,0.32753643665028853,0.9000706045665597,0.0014299390753385447,21.5550144092219,0.0729457963943595,-0.2414285714285715,-0.6159804810604697,0.134065371598933,0.14703550178177266,-0.032550798974156636,-0.27975460122699386,-0.21155682903533907,-0.6306539254438004,0.09260639338487901,-0.012990761785266598,Computer Hardware,Technology,KTCC
2022Q1,2022,Q1,2021-11-10,2021-10-02,815000.0,132762000.0,2094000.0,0.07,10138000.0,0.0763622121,391331000.0,123057000.0,324333000.0,142024000.0,268274000.0,143131000.0,75267000.0,70168240.0,194525240.0,11.434398810629995,2.2836492423815695,0.32172508694685575,1.0231112411321583,0.00589545620376368,11.434398810629995,0.006622947089560123,0.5285265362076498,21.524,0.5702092526227682,0.0,0.8567256569156926,0.0,0.3392575594573392,1.0677631949529658,0.002082635927130741,-4.274120728513127,0.07636221207875747,2.5,-0.5457925289377971,0.13193574456721785,0.1543627214774258,-0.01630118377644091,3.657142857142857,0.4602510460251046,-0.4884817695145308,0.04130575839610831,-0.003126468948478874,Computer Hardware,Technology,KTCC
2021Q4,2021,Q4,2021-09-16,2021-07-03,175000.0,132629000.0,1434000.0,0.02,10306000.0,0.0777054792,361846000.0,123705000.0,299252000.0,126705000.0,238141000.0,137329000.0,74452000.0,70491100.0,178857100.0,11.494610667162238,2.361801033897636,0.3090790004587587,0.9040782506770139,0.0027462353758452105,11.494610667162238,0.0014146558344448486,0.5314908504173296,100.70157142857143,0.569832262236773,0.0,0.8907295618551071,0.0,0.36653438202992433,1.093705852176315,0.0004836311580064447,41.83448071216617,0.07770547919384146,-0.75,-0.9188166468155446,0.06563461055437345,0.16642286268470222,-0.07119682768565248,-0.798154555940023,-0.44332298136645965,1.0803709132585715,0.13309936383484425,0.047433632664575,Computer Hardware,Technology,KTCC
2021Q3,2021,Q3,2021-07-07,2021-04-03,867000.0,134600000.0,2576000.0,0.08,11096000.0,0.0824368499,346940000.0,123460000.0,283776000.0,112310000.0,223480000.0,130396000.0,74277000.0,86833200.0,197229200.0,11.473977695167287,2.5267206838215652,0.3218913933244941,0.9045601814352827,0.005813501536317122,11.473977695167287,0.007022517414547222,0.6451203566121843,25.03840830449827,0.7033306334035315,0.0,0.9471456179637412,0.0,0.3879633365999885,1.189831715786662,0.002498991180031129,-24.439403321137068,0.0824368499257058,-0.4285714285714286,-0.515955263152408,0.13118874619803994,0.17548158403972042,0.044624364526454526,-0.45126582278481014,-0.052941176470588235,0.3462732919254658,0.24224748966331972,0.01318802163262299,Computer Hardware,Technology,KTCC
2021Q2,2021,Q2,2021-07-07,2020-12-26,1580000.0,128262000.0,2720000.0,0.14,10622000.0,0.0828148633,330522000.0,123164000.0,267147000.0,93755000.0,207358000.0,119439000.0,73410000.0,83174800.0,191222800.0,11.446468401486989,2.8494160311450054,0.34204984842158764,0.9179224448702543,0.009211868096200436,11.446468401486989,0.012828423890097756,0.6484757761457017,13.160569620253165,0.6753174628950018,0.0,0.984937918100453,0.0,0.38805888866701765,1.3625619966935096,0.004780317195224523,-7.4522713018546725,0.08281486332662831,-0.12499999999999993,-0.11994516364574379,0.09675856282782729,0.20321215248192262,0.060609086370444334,-0.08086096567771961,-0.027181688125894134,8.053571428571429,0.14801521593197592,0.05436894866153597,Computer Hardware,Technology,KTCC
2021Q1,2021,Q1,2020-11-05,2020-09-26,1719000.0,123207000.0,2796000.0,0.16,10015000.0,0.0812859659,317812000.0,118607000.0,256065000.0,101650000.0,199205000.0,119791000.0,71830000.0,95333600.0,190705600.0,11.022955390334573,2.5190850959173634,0.304717883528627,0.8165032417985447,0.010013102405007563,11.022955390334573,0.014493242388729165,0.7737677242364476,13.864688772542173,0.8037771800989822,0.0,0.9449123890776435,0.0,0.387672586308887,1.1558484997540581,0.005408858067033341,-7.551176237623762,0.08128596589479493,0.14285714285714277,1.0934798633135099,-0.02868515789632116,0.1906428872121751,0.1637229839646758,0.16779891304347827,1.7224926971762415,2.979166666666667,0.1280936118003607,0.0041654319942429656,Computer Hardware,Technology,KTCC
2020Q4,2020,Q4,2020-09-11,2020-06-27,1472000.0,116018000.0,1027000.0,0.14,8606000.0,0.0741781448,304861000.0,115557000.0,242764000.0,112219000.0,189304000.0,115020000.0,70111000.0,56597600.0,139528600.0,10.73949814126394,2.1633056790739538,0.27384283329123765,0.722448661699421,0.014114928607168705,10.73949814126394,0.012738302309682667,0.48783464634798046,9.612364130434782,0.48978080081691283,0.0,0.9338549817423056,0.0,0.38056032093314657,0.9840490469528334,0.004828430005805925,-34.4058358662614,0.07417814477063904,0.7500000000000001,-0.37818955930480097,-0.047729453943169235,0.13354737843842565,-0.06942041522491349,0.6175824175824176,-0.4178004535147392,0.10179640718562875,-0.021308543663112356,-0.0086645448540325,Computer Hardware,Technology,KTCC
2020Q3,2020,Q3,2020-05-06,2020-03-28,910000.0,111455000.0,1764000.0,0.08,9248000.0,0.0829751918,288403000.0,112940000.0,229961000.0,101573000.0,175463000.0,114052000.0,68639000.0,29809504.0,108788504.0,10.496282527881041,2.263997322123005,0.278363955992136,0.7108287586329024,0.007808214940227688,10.496282527881041,0.008057375597662475,0.2674577542505944,8.189424175824175,0.2639410660527714,0.0,0.8961438642022936,0.0,0.3864557580885081,0.9482047394484755,0.0031553069836305447,-1.2326126364538539,0.08297519178143646,0.0,-0.5204680698908729,-0.032010985662636965,0.11393946608803093,0.13863580398916522,0.10436893203883495,0.17757009345794392,-0.05315772371561539,-0.018981859942918435,0.0014854624560766809,Computer Hardware,Technology,KTCC
2020Q2,2020,Q2,2020-02-05,2019-12-28,824000.0,116722000.0,1498000.0,0.08,8122000.0,0.0695841401,273970000.0,116807000.0,218193000.0,108260000.0,157163000.0,110144000.0,67729000.0,58642000.0,114536000.0,10.855669144981412,2.01545353777942,0.20583640544585174,0.48278784661878144,0.006925903640011375,10.855669144981412,0.0070543717414196065,0.5024074296190949,17.791868932038838,0.5020418296848648,0.0,0.9859819872167345,0.0,0.42603934737380006,0.8109643450951414,0.0030076285724714383,-133.58086560364464,0.06958414009355562,-0.4285714285714286,-0.5030311344005634,0.0013530101260635257,0.1592974406971417,-0.12412380028038392,-0.4690721649484536,-0.4100039385584876,-0.460833219797972,-0.015328565007834003,0.09272784712711138,Computer Hardware,Technology,KTCC
2020Q1,2020,Q1,2019-11-07,2019-09-28,1552000.0,105285000.0,2539000.0,0.14,9273000.0,0.0880752244,281127000.0,115138000.0,224519000.0,114827000.0,165989000.0,117737000.0,66905000.0,64775199.99999999,122941200.0,10.700557620817843,1.955280552483301,0.2086957140367165,0.5095624381177369,0.011665148629293201,10.700557620817843,0.013479476801750942,0.6152367383767867,10.434149484536082,0.5625875036912227,0.0,0.815478566635807,0.0,0.3745104525712578,0.7754883433338848,0.005520636580620146,-4.848806048356912,0.08807522439093889,0.7500000000000001,1.998963599040243,0.1953697102703615,0.12232004001657201,0.10643121345901443,0.8996328029375765,0.8019872249822569,-0.13489445034519384,-0.1021677399207187,0.08027759229544702,Computer Hardware,Technology,KTCC
2019Q4,2019,Q4,2019-09-12,2019-06-29,817000.0,105581000.0,1409000.0,0.08,8381000.0,0.0793798127,238310000.0,114459000.0,198099000.0,93404000.0,123851000.0,100431000.0,65353000.0,53584800.00000001,89271800.0,10.637453531598513,2.120883473941159,0.15227225043011203,0.3170392891777842,0.010432137209882399,10.637453531598513,0.0071379271180073214,0.5075231338971975,16.396817625458997,0.4681571567111368,0.0,0.9678286584819428,0.0,0.44304057739918595,0.8692454284613078,0.0034283076664848307,-10.68703629836458,0.07937981265568615,1.0720720720720722,-0.4200206750713862,0.434027382668623,0.08186017344377373,0.2312325547230792,1.0681913028962524,1.1123962986598597,-0.6209192688394073,-0.15153035460522649,0.07944230207371032,Computer Hardware,Technology,KTCC
2019Q3,2019,Q3,2019-05-08,2019-03-30,-11981000.0,107954000.0,-12536000.0,-1.11,6807000.0,0.0630546344,228152000.0,113184000.0,188192000.0,87815000.0,114968000.0,95396000.0,64536000.0,66389200.0,98742200.0,10.518959107806692,2.1430507316517677,0.1425277884918826,0.2873020921685044,-0.07776318554052676,10.518959107806692,-0.10585418433700876,0.6149767493562073,-1.3853017277355815,0.5865599378003957,0.0,1.0602855465637973,0.0,0.4731670114660402,0.86780162842339,-0.05251323678950875,10.658083159415636,0.06305463438131056,-8.4,-9.294371276612525,0.3716565007124154,0.09100770311881251,-0.3110323886639676,-8.539962240402769,-5.777439024390244,-7.688973462711648,-0.09274628598021392,0.0776422129268728,Computer Hardware,Technology,KTCC
2019Q2,2019,Q2,2019-02-07,2018-12-29,1589000.0,123037000.0,2624000.0,0.15,9880000.0,0.0803010477,252829000.0,124226000.0,201437000.0,93738000.0,128603000.0,91615000.0,76517000.0,61762400.0,101800400.0,11.545167286245354,2.1489363971921738,0.1591194048151122,0.3238452497866791,0.01323251820920963,11.545167286245354,0.012791203129779596,0.501982330518462,9.71718061674009,0.4971777244699177,0.0,1.2351361676581345,0.0,0.48664116853683714,0.9767436898589686,0.00628488029458646,-8.42712511938873,0.08030104765233223,0.0,-0.5006312181704881,0.5387479482641899,0.21802035391407248,0.03639987412147278,-0.0025109855618330196,0.031041257367387033,-0.11493219305891574,0.05207998701600937,0.21358702911743147,Computer Hardware,Technology,KTCC
2019Q1,2019,Q1,2018-11-08,2018-09-29,1593000.0,127472000.0,2545000.0,0.15,9533000.0,0.0747850508,250984000.0,123420000.0,199290000.0,97600000.0,127564000.0,99534000.0,74928000.0,82314000.0,116438000.0,11.470260223048328,2.041905737704918,0.1413755458515284,0.2874979743963701,0.013658235416833624,11.470260223048328,0.012907146329606222,0.6457418099661102,12.918079096045197,0.6669421487603305,0.0,1.184911688468262,0.0,0.5078889490963567,0.8476434426229508,0.006347018136614286,-60.83813747228381,0.07478505083469311,1.7499999999999998,-0.08765761100633386,0.5963622418034111,0.25724266019433517,0.01750453623652471,1.731740927882407,2.026209677419355,0.9400310775208967,0.004938400842810455,0.2389584521969753,Computer Hardware,Technology,KTCC
2018Q4,2018,Q4,2018-09-10,2018-06-30,-2177000.0,117028000.0,-2480000.0,-0.2,9369000.0,0.080057764,246528000.0,118081000.0,194520000.0,98913000.0,128447000.0,110315000.0,72806000.0,81560800.0,116212800.0,10.97407063197026,1.966576688605138,0.14195142133956387,0.2963643600579263,-0.011126120070004195,10.97407063197026,-0.018436496980886,0.6969340670608744,-9.366192007349564,0.6907190826635953,0.0,0.9759234918188823,0.0,0.47470469885773625,0.7138091049710351,-0.008830639927310488,341.25857740585775,0.08005776395392555,-4.333333333333334,-1.885850769161576,0.34900200712301294,0.22316133477620956,0.14886572654813,-4.380434782608695,-4.183568677792041,-1.9196204683379405,-0.0394394191941011,0.1583063595748223,Computer Hardware,Technology,KTCC
2018Q3,2018,Q3,2018-05-09,2018-03-31,644000.0,108352000.0,779000.0,0.06,8155000.0,0.0752639545,241718000.0,121853000.0,188890000.0,90473000.0,119865000.0,114962000.0,74983000.0,74889600.0,109824600.0,11.324628252788104,2.087805201551844,0.14576076254147394,0.2891434761556958,0.025964545959962483,11.324628252788104,0.005285056584573215,0.6911695215593621,29.07204968944099,0.6145897105528793,0.0,0.8715662566761191,0.0,0.44825788729014804,0.6740906126689731,0.002664261660281816,38.404923076923076,0.07526395451860603,3.8846153846153846,-0.780726406776888,0.2523038097180362,0.2767808085591766,-0.07329545454545454,3.875,-0.5281647486371895,-0.6606389417689255,-0.058960605791736974,0.20184935152492323,Computer Hardware,Technology,KTCC
2018Q2,2018,Q2,2018-02-08,2017-12-30,-224000.0,111725000.0,1651000.0,-0.0208,8800000.0,0.0787648243,232812000.0,116813000.0,180564000.0,83670000.0,115999000.0,108873000.0,73753000.0,73382124.0,110258124.0,10.856226765799256,2.158049480100394,0.16032678727900623,0.3195363529744121,-0.0023181535782387016,10.856226765799256,-0.0019175947882513077,0.6568102394271649,-81.89969196428572,0.6282016898804071,0.0,0.9453675383244698,0.0,0.47989364809374085,0.6918489303215012,-0.0009621497173685205,22.14975067914277,0.07876482434549116,-1.52,-1.0610109986902116,0.1516819638074112,0.3015162993504293,0.12173358827278521,-1.5185185185185186,0.4183848797250859,-1.1350983323959634,-0.0415160376250026,0.15935699007897824,Computer Hardware,Technology,KTCC
2018Q1,2018,Q1,2017-11-09,2017-09-30,432000.0,109217000.0,1164000.0,0.04,7845000.0,0.0718294771,231734000.0,118115000.0,178600000.0,78034000.0,113619000.0,105658000.0,73977000.0,77579600.0,117756600.0,10.977230483271375,2.2887459312607326,0.17759154893110204,0.3484231469330737,0.0055389904732509815,10.977230483271375,0.0036574524827498625,0.7103253156559877,44.89560185185185,0.6568141218304195,0.0,0.9594351587196426,0.0,0.47130330465102227,0.7251198195658303,0.0018642063745501307,54.17569832402235,0.07182947709605647,-0.6666666666666666,-0.8875536173863312,0.09155990899154894,0.37189214873645643,-0.2027439024390244,-0.6766467065868264,-0.5063613231552163,1.2780620327225418,0.24001228709311004,0.15133866774268626,Computer Hardware,Technology,KTCC
2017Q4,2017,Q4,2017-09-11,2017-07-01,1336000.0,118544000.0,2358000.0,0.12,9840000.0,0.0830071535,232840000.0,116567000.0,178193000.0,77753000.0,116273000.0,101590000.0,73545000.0,76287324.0,118863324.0,10.833364312267658,2.291782953712397,0.18445713794880605,0.3684490464711282,0.01111369772007142,10.833364312267658,0.011461219727710244,0.6435359360237549,14.27532260479042,0.6544504362298077,0.0,1.0700265774190374,0.0,0.5091221439615187,0.8432600671356733,0.005737845730974059,719.6917358490566,0.08300715346200567,0.3333333333333333,-0.6481326311333169,0.23003198510198059,0.48840238363131877,0.07670423459897144,0.39021852237252863,0.2752839372633856,-0.05158827649372334,0.6100940704394658,0.10178487351645892,Computer Hardware,Technology,KTCC
2017Q3,2017,Q3,2017-05-04,2017-04-01,961000.0,113601000.0,1849000.0,0.09,9139000.0,0.0804482355,229678000.0,112762000.0,173281000.0,75365000.0,116916000.0,98806000.0,72209000.0,78971060.0,122367060.0,10.48071382098708,2.299223777615604,0.19290920331942982,0.3929249215161136,0.00881745320888928,10.48071382098708,0.008522374558805272,0.6951616623093106,20.5439802289282,0.7003339777584647,0.0,1.057243487237617,0.0,0.4946098450874703,0.8391428381874876,0.004184118635655135,43.438426842684265,0.08044823549088477,-0.3571428571428572,-0.7250642361442967,0.1547173798574802,0.4666204630284509,-0.049209321681231794,-0.37107329842931935,-0.2740478994895956,-0.3346438815804091,0.4435410734213646,0.0870409700893802,Computer Hardware,Technology,KTCC
2017Q2,2017,Q2,2017-02-09,2016-12-31,1528000.0,118517000.0,2547000.0,0.14,9612000.0,0.0811022891,234502000.0,106875000.0,176722000.0,79006000.0,127627000.0,98106000.0,71248000.0,84127560.0,129311560.0,9.93446737311768,2.2368174569020076,0.19813903506153466,0.43475087719298244,0.012722040462022154,9.93446737311768,0.014297076023391813,0.7098353822658353,13.764325916230367,0.7871584561403508,0.0,1.110074817034636,0.0,0.5053986746381693,0.8572007189327393,0.006515935898201295,32.77271523178808,0.08110228912307939,-0.12499999999999993,-0.5325055207226684,0.36276346104722557,0.5089251486160482,-0.009990730250283242,-0.14732142857142858,-0.08709677419354839,-0.5197121754801105,0.4824946499432474,0.04809078688437205,Computer Hardware,Technology,KTCC
2017Q1,2017,Q1,2016-11-10,2016-10-01,1792000.0,117135000.0,2790000.0,0.16,9709000.0,0.0828872668,234286000.0,106463000.0,177711000.0,77571000.0,127823000.0,100205000.0,69720000.0,80072600.0,127793600.0,9.905377744696688,2.290946358819662,0.2048607257796027,0.45082329072071986,0.01470648713104868,9.905377744696688,0.01683213886514564,0.6835924360780297,11.170842633928572,0.7521166978198999,0.0,1.0720622723416995,0.0,0.49996585370017843,0.8388186306738343,0.00764877116003517,-18.310679167619483,0.08288726682887267,-0.20000000000000004,0.3929266488176014,0.627536285340484,0.5819813485037805,-0.10441841158564708,-0.16495806150978565,-0.19735327963176064,0.027459463235061324,0.4685473118543259,0.08571760568677012,Computer Hardware,Technology,KTCC
2016Q4,2016,Q4,2016-09-09,2016-07-02,2146000.0,123905000.0,3476000.0,0.2,10841000.0,0.0874944514,235924000.0,105582000.0,181459000.0,84110000.0,130342000.0,107006000.0,67928000.0,79176460.0,122481460.0,9.85458278887437,2.1574010224705744,0.1878698224852071,0.4197969350836317,0.017248349720276335,9.85458278887437,0.020325434259627587,0.6390094023647149,9.223725535880709,0.7499049080335664,0.0,1.0566136478328318,0.0,0.5251903155253387,0.7454048270122459,0.009096149607500721,72.57237396883593,0.0874944513942133,0.25000000000000006,0.3553065817604193,0.8211141153011652,0.506661879133432,0.08900050226017077,0.2035894559730791,0.2607907145447951,-0.12301435533761364,0.4344065976684232,0.09838409483046424,Computer Hardware,Technology,KTCC
2016Q3,2016,Q3,2016-05-10,2016-04-02,1783000.0,118448000.0,2757000.0,0.16,9955000.0,0.0840453195,234332000.0,104551000.0,179325000.0,83051000.0,129781000.0,107239000.0,65782000.0,76476540.0,122244540.0,9.761086733264868,2.159215421849225,0.1964861819981906,0.44038794463945824,0.015274813563277721,9.761086733264868,0.017053878011688076,0.6456549709577198,10.72301458216489,0.7314759304071696,0.0,1.0116935070263617,0.0,0.5054708703890207,0.6727793765276757,0.00760886263933223,-13.777074401008827,0.08404531946508173,0.0,1.38039468383564,0.8051375412038568,0.521614884655211,0.09275521405049396,-0.002238388360380526,0.14731585518102372,-0.3901345067744165,0.37525348368846567,0.10050130860991907,Computer Hardware,Technology,KTCC
2016Q2,2016,Q2,2016-02-04,2015-12-26,1787000.0,116403000.0,2403000.0,0.16,9110000.0,0.0782625877,227940000.0,101887000.0,174168000.0,83220000.0,126053000.0,97909000.0,63999000.0,83323800.0,123540800.0,9.513258636788049,2.0928622927180967,0.1816706150741423,0.40643065356718716,0.015922879405426527,9.513258636788049,0.017539038346403368,0.7158217571712069,11.65693900391718,0.817806000765554,0.0,1.0958441001337977,0.0,0.5106738615425112,0.745409757269887,0.007839782398876897,-41.269836552748885,0.07826258773399311,1.2857142857142856,-0.003982396959553294,0.8420647953797987,0.5174567974338503,0.021414956833725754,1.1872705018359853,0.35,-0.5110015655698809,0.20550544411193478,0.14051239374644076,Computer Hardware,Technology,KTCC
2016Q1,2016,Q1,2015-11-05,2015-09-26,817000.0,126209000.0,1780000.0,0.07,8919000.0,0.0706684943,244300000.0,99116000.0,196461000.0,100652000.0,145184000.0,100800000.0,62212000.0,107916480.0,149907480.0,9.257986175976088,1.9518837181576123,0.1724559967253377,0.42506759756245205,0.008256507370434233,9.257986175976088,0.008242866943783043,0.8550616833981729,33.02217870257038,1.088789700956455,0.0,1.1635912698412698,0.0,0.5166148178469095,0.7342228669077614,0.0033442488743348343,-48.654860234445444,0.07066849432290882,-0.6666666666666666,-0.5489598523355574,0.9162561491506699,0.5341320339891813,-0.14174364896073904,-0.6508547008547009,-0.45896656534954405,-0.7862683537947409,0.26774729145888093,0.15702759154849896,Computer Hardware,Technology,KTCC
2015Q4,2015,Q4,2015-09-04,2015-06-27,2340000.0,120429000.0,3290000.0,0.21,10392000.0,0.0862915079,230794000.0,100768000.0,185107000.0,86789000.0,130026000.0,91594000.0,61395000.0,113379760.0,155888760.0,9.474238435502068,2.132839415133254,0.18579772437758346,0.4255418386789457,0.018824423344688063,9.474238435502068,0.023221657669101302,0.9414655938353719,12.113222222222221,1.12515639885678,0.0,1.2013559840164203,0.0,0.5218029931454023,0.8437013907292399,0.01013891175680477,-114.40944500504541,0.08629150785940264,0.31249999999999994,-0.019438566536516395,0.8851763336111429,0.6423692863266625,0.1013141161509114,0.25738850080601827,0.28969031752254015,-0.3765202745876552,0.2641594343384922,0.3016712688711369,Computer Hardware,Technology,KTCC
2015Q3,2015,Q3,2015-05-06,2015-03-28,1861000.0,112915000.0,2551000.0,0.16,9436000.0,0.0835672851,216641000.0,99428000.0,168902000.0,73567000.0,117213000.0,77960000.0,59055000.0,113434000.0,157075000.0,9.422668688400304,2.2958935392227495,0.20303635969184042,0.44239047350846844,0.014817744906629696,9.422668688400304,0.018717061592308,1.0045963778063145,15.238312735088662,1.1408657521020236,0.0,1.327334530528476,0.0,0.5212078969354831,0.951989343047834,0.008590248383270018,-185.34967320261438,0.08356728512597972,0.14285714285714277,-0.5954080991180793,1.095991117572691,0.6494190388220906,0.021322653966879532,0.14452644526445266,0.013508144616607072,-0.45713561884840703,0.17025986813995944,0.31856273826240317,Computer Hardware,Technology,KTCC
2015Q2,2015,Q2,2015-02-05,2014-12-27,1626000.0,114311000.0,2517000.0,0.14,9239000.0,0.0808233678,208006000.0,98809000.0,159198000.0,63913000.0,109197000.0,71365000.0,57194000.0,85101880.0,130642880.0,9.364006823351023,2.4908547556835074,0.219907118063902,0.4629335384428544,0.01339933235105093,9.364006823351023,0.016455990851035836,0.7444767345224869,13.084544895448955,0.8612766043579027,0.0,1.4723183633433756,0.0,0.5495562628001115,1.075086445637038,0.007817082199551935,17.554018151815182,0.08082336782986764,2.0,-0.06925372151829776,1.4418682195331658,0.7867835126107441,1.1800377536573856,2.067629678266579,2.4762463343108503,-0.4928102933567992,0.3400611364570917,0.4222791073631982,Computer Hardware,Technology,KTCC
2015Q1,2015,Q1,2014-11-06,2014-09-27,-1523000.0,86342000.0,-1705000.0,-0.14,4238000.0,0.0490838757,218533000.0,100568000.0,169070000.0,68725000.0,117965000.0,74699000.0,55568000.0,111914280.0,163912280.0,9.53431930223739,2.460094579847217,0.2423661414980804,0.5266585792697478,-0.00892981735071474,9.53431930223739,-0.015143982181210724,1.296174283662644,-18.37069599474721,1.1128219712035636,0.0,1.0991311798016037,0.0,0.39509822315165216,1.1010985813022918,-0.006969199159852287,-25.51625170998632,0.04908387574992472,-2.166666666666667,-5.9267972721955475,0.9946386379085354,0.8933586793253284,-0.3650936329588015,-2.103623188405797,-1.751101321585903,-2.2062787626214937,0.22242898483498216,0.5227198493156496,Computer Hardware,Technology,KTCC
2014Q4,2014,Q4,2014-09-05,2014-06-28,1380000.0,72127000.0,2270000.0,0.12,6675000.0,0.0925450941,156660000.0,103645000.0,123216000.0,52167000.0,53015000.0,55634000.0,57091000.0,113104930.0,115154930.0,9.832558580779812,2.3619529587670365,0.05012766500702157,0.07576824738289353,0.01254826762885594,9.832558580779812,0.01331467991702446,1.5681357882623705,20.49002355072464,1.091272420280766,0.0,1.1764748175576087,0.0,0.46040469807225837,1.0631433664960608,0.008808885484488702,-26.994016706443915,0.09254509407018176,-0.07692307692307698,3.6071966540473945,0.5200916949432001,0.9428892605915427,0.010292114424095656,-0.024045261669024046,0.028079710144927536,-0.11415702615995776,0.077496891835889,0.5032946097659623,Computer Hardware,Technology,KTCC
2014Q3,2014,Q3,2014-05-08,2014-03-29,1414000.0,77043000.0,2208000.0,0.13,6607000.0,0.0857573044,141976000.0,101554000.0,111944000.0,39858000.0,40422000.0,46086000.0,55711000.0,107225940.0,104984940.0,9.64150764264692,2.808570425008781,0.0,0.0,0.013999712231485554,9.64150764264692,0.013923626838923134,1.3917674545383747,18.95791018387553,1.0558514681844142,0.0,1.5283600225665062,0.0,0.5426480531920888,1.376837774098048,0.009959429762776808,103.4001350048216,0.08575730436249887,-0.5357142857142857,4.1576629756135395,0.6645300197976123,0.955735449195629,-0.04935251798561151,-0.5459216441875402,-0.06677937447168217,0.9196629063196806,0.19397074830552735,0.5029742015888753,Computer Hardware,Technology,KTCC
2014Q2,2014,Q2,2014-02-05,2013-12-28,3114000.0,78250000.0,2366000.0,0.28,6950000.0,0.0888178914,138778000.0,99810000.0,109333000.0,38246000.0,38968000.0,47065000.0,54297000.0,116672400.0,115435400.0,9.478632478632479,2.8586780316895886,0.0014123276023577224,0.0019637310890692314,0.03135013601311581,9.478632478632479,0.031199278629395852,1.4910210862619808,9.366763005780347,1.1689449954914337,0.0,1.5149261659407203,0.0,0.5638501779821009,1.3823144904042253,0.022438715070111977,-281.13831325301203,0.08881789137380192,0.7500000000000001,27.080067731011127,0.5917113358058241,0.9257657629680237,0.04953186348535186,0.8263929618768329,-0.038211382113821135,0.7653148287885737,0.2594652088355464,0.5119335901850742,Computer Hardware,Technology,KTCC
2014Q1,2014,Q1,2013-11-06,2013-09-28,1705000.0,77974000.0,2460000.0,0.16,6622000.0,0.0849257445,136308000.0,95859000.0,105221000.0,37801000.0,40449000.0,45631000.0,51183000.0,109903220.00000001,108330220.00000001,9.123346340534882,2.7835506997169386,0.00283915837661766,0.004037179607548587,0.017874878560522132,9.123346340534882,0.017786540648243775,1.4094854695154797,16.11484164222874,1.1465091436380517,0.0,1.5636738182376015,0.0,0.5720427267658538,1.336737123356525,0.012508436775537753,-40.15462915601024,0.08492574447892888,-0.2727272727272727,2.9931828827467033,0.5446301381614361,0.8489039049487347,-0.1378726728290587,-0.2886942010846892,-0.29814550641940085,-0.04089526669498228,0.20631730048763258,0.5118209956407569,Computer Hardware,Technology,KTCC
2013Q4,2013,Q4,2013-09-06,2013-06-29,2397000.0,84615000.0,3505000.0,0.22,7681000.0,0.0907758672,135130000.0,94160000.0,111767000.0,37940000.0,40970000.0,44664000.0,49478000.0,108623250.0,98380250.0,8.971891376846116,2.945888244596732,0.004262561977355139,0.006117247238742566,0.025483658034814716,8.971891376846116,0.025456669498725572,1.2837351533416061,11.329083229036295,1.1536029099405267,0.0,1.7225058212430593,0.0,0.6261747946421964,1.5241960991038481,0.017738474062014356,14.034011627906978,0.09077586716303256,-0.15384615384615388,-0.10330114307153848,0.4355192077056612,0.8645360127917197,-0.0227735368956743,-0.16276632902549773,-0.02449206790982466,0.017941617332767928,0.34234498123317364,0.5552868906460272,Computer Hardware,Technology,KTCC
2013Q3,2013,Q3,2013-05-08,2013-03-30,2863000.0,84343000.0,3593000.0,0.26,7860000.0,0.0931908991,134242000.0,93034000.0,107881000.0,38645000.0,41208000.0,47743000.0,47081000.0,120203940.00000001,117763940.00000001,8.869672990752216,2.791590115150731,0.0056763159070931605,0.008190553991014038,0.030849962623496457,8.869672990752216,0.030773695638153794,1.4251798015247266,10.49632727907789,1.292043124019176,0.0,1.601973064114111,0.0,0.6282906988870846,1.3361883814206237,0.021327155435705666,15.271749460043198,0.09319089906690538,-0.21212121212121213,1.3445390172084637,0.5663102706927229,0.9127337318869311,-0.17228306655433867,-0.20005588153115395,-0.32614403600900227,-0.3738291345674971,0.575025322322229,0.5526182637709292,Computer Hardware,Technology,KTCC
2013Q2,2013,Q2,2013-02-06,2012-12-29,3579000.0,94567000.0,5332000.0,0.33,9496000.0,0.1004155784,136497000.0,87491000.0,114370000.0,41734000.0,49006000.0,49145000.0,44218000.0,102792200.00000001,108027200.00000001,8.34121460577748,2.740451430488331,0.040147402507014804,0.06263501388714268,0.03917175683363794,8.34121460577748,0.0409070647266576,1.0869774868611675,7.180231908354289,1.1748888457098445,0.0,1.7310204496896937,0.0,0.6928137614746112,1.3188766952604591,0.02622035649135146,20.90122000813339,0.10041557837300538,-0.05714285714285704,1.0883752124999506,0.7762369505492754,0.8430704794697217,0.0022163588390501318,-0.044070512820512824,-0.06390449438202248,1.0609770829206306,1.0322377185782818,0.5916204477323922,Computer Hardware,Technology,KTCC
2013Q1,2013,Q1,2012-11-09,2012-09-29,3744000.0,97508000.0,5696000.0,0.35,9475000.0,0.0971715141,147338000.0,83904000.0,125479000.0,49899000.0,63434000.0,56912000.0,40639000.0,104021120.0,113313120.0,8.001525843982453,2.5146596124170824,0.07528947046926115,0.13221062166285277,0.040231083698059056,8.001525843982453,0.04462242562929062,1.0667957500923002,6.9458547008547,1.23976353928299,0.0,1.5468266797863368,0.0,0.6617980425959359,1.1722078598769514,0.025410959833851415,19.689782320651144,0.09717151413217377,0.0,18.370314205044664,1.072261008371378,0.8240906677165969,0.02554389003138868,-0.017580687483600105,0.08515907791960374,11.183186621710304,1.265909913824435,0.5889711603213196,Computer Hardware,Technology,KTCC
2012Q4,2012,Q4,2012-09-10,2012-06-30,3811000.0,96733000.0,5249000.0,0.35,9239000.0,0.0955103222,150912000.0,78608000.0,129490000.0,53254000.0,72304000.0,58439000.0,36895000.0,88992000.0,104230000.0,7.278518518518519,2.4315544372253726,0.10429919423240033,0.20023407286790149,0.041605754663303005,7.278518518518519,0.04848107062894362,0.9199756029483217,5.837837837837838,1.1320985141461428,0.0,1.4971850989921114,0.0,0.6409894508057676,1.1494160063093852,0.025253127650551314,108.52682926829269,0.09551032222716137,0.0937499999999999,0.33427489530646665,0.8766577914597607,0.7336217912482829,0.05903255387436956,0.12286387743076016,0.11871270247229326,11.41808620467157,0.9897780335764237,0.4382172601838449,Computer Hardware,Technology,KTCC
2012Q3,2012,Q3,2012-05-14,2012-03-31,3394000.0,95527000.0,4692000.0,0.32,8724000.0,0.0913249657,151146000.0,74656000.0,122932000.0,49608000.0,76490000.0,53893000.0,33084000.0,98933090.0,115391090.0,7.146166363549344,2.4780680535397517,0.11211676127717571,0.22698778396913843,0.038107425083262196,7.146166363549344,0.04546185169309901,1.0356557831817184,7.287351944608133,1.3251860533647664,0.0,1.610654444918635,0.0,0.632018048774033,1.2131511046605385,0.02245510962910034,-11.473163632146585,0.09132496571649901,0.06666666666666674,3.3411926249736505,0.9203255684979524,0.7493146231135629,0.2702387885847408,0.06931316950220542,0.6787119856887299,11.481761446545521,1.0808706038678448,0.44956695581750167,Computer Hardware,Technology,KTCC
2012Q2,2012,Q2,2012-02-13,2011-12-31,3174000.0,84454000.0,2795000.0,0.3,6868000.0,0.0813223767,134761000.0,68781000.0,110078000.0,50132000.0,65980000.0,53245000.0,29690000.0,48996430.00000001,55883430.00000001,6.583803962860151,2.1957631851910957,0.05552793463984387,0.10879457989851848,0.04355071270488299,6.583803962860151,0.046146464866750996,0.5801552324342246,3.8592021109010717,0.7123541384975502,0.0,1.4571509061883745,0.0,0.6266946668546538,0.9589683236256283,0.023552808305073426,11.485332864510081,0.0813223766784285,1.5,7.731501866564563,0.6085670790600456,0.6417286930174135,0.3722277722277722,1.5453087409783481,0.7306501547987616,27.84850033683047,0.7315576818979448,0.33762589596664155,Computer Hardware,Technology,KTCC
2012Q1,2012,Q1,2011-11-14,2011-10-01,1247000.0,69761000.0,1615000.0,0.12,5005000.0,0.0717449578,123693000.0,65231000.0,103473000.0,40172000.0,58462000.0,46728000.0,26516000.0,36046280.0,47038280.0,6.26137454405836,2.575749278104152,0.09167050681930262,0.17382839447501955,0.01739516457258393,6.26137454405836,0.01911667765326302,0.516711056320867,7.226599839615076,0.5525943186521746,0.0,1.3858072247902757,0.0,0.5639850274469856,1.2103953002091008,0.010081411235882387,-5.829901342390426,0.07174495778443543,-0.14285714285714296,-0.16979935659144726,0.18720257676451055,0.5645488032553667,0.0003997601439136518,-0.18867924528301888,-0.028863499699338546,1.9454770965786967,0.3937400091400155,0.26890719838411725,Computer Hardware,Technology,KTCC
2011Q4,2011,Q4,2011-09-12,2011-07-02,1537000.0,66044000.0,1663000.0,0.14,5003000.0,0.0757525286,116539000.0,68023000.0,92150000.0,33843000.0,48516000.0,41554000.0,25269000.0,47007999.99999999,51775999.99999999,6.540673076923077,2.7228673580947316,0.05148491063077596,0.08820545991796892,0.022642771863330916,6.540673076923077,0.02259529864898637,0.7117679123008902,7.646063760572543,0.6910603766373138,0.0,1.4689560571786109,0.0,0.566711572949828,1.2286735809473155,0.013188717939917109,5.500585069038146,0.07575252861728544,1.0,-0.7902384118130324,0.22118130717384368,0.7593692893609,0.1830219910144242,1.12292817679558,0.7748132337246532,-0.41976816486054364,0.1306914845763101,0.3592808904589431,Computer Hardware,Technology,KTCC
2011Q3,2011,Q3,2011-05-13,2011-04-02,724000.0,63424000.0,937000.0,0.07,4229000.0,0.0666782291,119320000.0,66414000.0,98210000.0,35577000.0,52906000.0,45384000.0,23732000.0,52127355.0,65236355.0,6.41495218777166,2.7604913286673973,0.115135769359705,0.20685397657120486,0.011063750116608508,6.41495218777166,0.010901315987592978,0.8218869040110999,17.999777279005524,0.784885039298943,0.0,1.3043142957870615,0.0,0.5315454240697285,1.2073811732298958,0.006067717063359034,61.03905737704918,0.06667822906155399,-0.5882352941176471,0.1444931522646856,0.3047656579800651,1.051981245297428,-0.22346676459787,-0.5822273514137334,-0.4536443148688047,-0.399320854719573,0.1933016776497964,0.3833763038147952,Computer Hardware,Technology,KTCC
2011Q2,2011,Q2,2011-02-11,2011-01-01,1733000.0,61038000.0,1715000.0,0.17,5446000.0,0.0892231069,116264000.0,64855000.0,95948000.0,31798000.0,51409000.0,46588000.0,23008000.0,54000900.0,70216900.0,6.2692121797970035,3.0174224794012203,0.1535557008188261,0.2752756148330892,0.0219114601825759,6.2692121797970035,0.026721147174466116,0.8847095252138012,7.790089440276976,0.8326405057435817,0.0,1.1932686528719842,0.0,0.5249948393311773,1.238788603056796,0.014905731782839056,-8.087599221207128,0.08922310691700253,0.0,0.5967110142139412,0.2621262092721735,1.0683497375236426,-0.08777219430485762,-0.005166475315729047,-0.3464176829268293,0.025295342469638597,0.1624256211239547,0.3852418915241282,Computer Hardware,Technology,KTCC
2011Q1,2011,Q1,2010-11-12,2010-10-02,1742000.0,63340000.0,2624000.0,0.17,5970000.0,0.0942532365,110952000.0,62133000.0,91165000.0,36010000.0,48819000.0,45807000.0,21275000.0,62084880.0,71805880.0,6.034673659673659,2.5316578728131076,0.10043081692984354,0.1793410908856807,0.024443847036180983,6.034673659673659,0.028036631097806318,0.9801844016419324,8.91,0.9992255323258172,0.0,1.2524286681074945,0.0,0.5708774965750956,1.0129130797000834,0.01570048309178744,-6.815025246981339,0.09425323650142091,-0.2272727272727272,1.3368730035396705,0.3479967866408543,1.0616678694970507,-0.09859580250641703,-0.2462137602769364,-0.13938996392259756,8.178892752663245,0.3709562167474626,0.37571159800780923,Computer Hardware,Technology,KTCC
2010Q4,2010,Q4,2010-09-13,2010-07-03,2311000.0,61864000.0,3049000.0,0.22,6623000.0,0.1070574163,101642000.0,59417000.0,82697000.0,37989000.0,42225000.0,39775000.0,19533000.0,50264000.0,51048000.0,5.768640776699029,2.1768669878122613,0.015288955353102065,0.026154130972617266,0.03821661920286676,5.768640776699029,0.03889459245670431,0.8124919177550757,5.437472955430549,0.845953178383291,0.0,1.3888372093023256,0.0,0.6086460321520631,0.9315064887204191,0.02273666397748962,-8.685674788318645,0.10705741626794259,-0.4883720930232558,-0.19752441214434036,0.11872804957774634,1.0662666409537387,0.26344906524227396,-0.47643860444041686,0.3672645739910314,-0.15161527165932448,0.258447079883643,0.37399408010359814,Computer Hardware,Technology,KTCC
2010Q3,2010,Q3,2010-05-11,2010-04-03,4414000.0,51697000.0,2230000.0,0.43,5242000.0,0.1013985338,91629000.0,57847000.0,74568000.0,33015000.0,33782000.0,36002000.0,17222000.0,52958980.00000001,48535980.00000001,5.712719731384555,2.2586097228532487,0.002040838599133462,0.0032326654796272928,0.0765048544715571,5.712719731384555,0.07630473490414369,1.0244110876840051,2.999489125509742,0.9155008902795305,0.0,1.290344980834398,0.0,0.5641991072695326,0.9598061487202787,0.048172521799866856,-18.93420808008581,0.1013985337640482,1.5294117647058822,3.9561462196048103,-0.0054349524114247726,1.225403789677974,0.1129511677282378,1.6431137724550897,0.2867859203693018,4.82482952001546,0.0721800907146586,0.3984203075419183,Computer Hardware,Technology,KTCC
2010Q2,2010,Q2,2010-02-09,2009-12-26,1670000.0,44750000.0,1733000.0,0.17,4710000.0,0.1052513966,82513000.0,52863000.0,65640000.0,28976000.0,29650000.0,28906000.0,12808000.0,35793719.5,28776719.5,5.24070585902647,2.2653230259525126,0.0,0.0,0.03194128695007864,5.24070585902647,0.0315910939598585,0.7998596536312849,5.358341242514971,0.6771034466451016,0.0,1.3851795474987891,0.0,0.5423387829796517,1.1531612368856985,0.020239235029631694,6.6383010942136496,0.1052513966480447,4.666666666666667,2.270985285161948,-0.16158161356136022,1.1136174563087506,0.7607476635514019,4.661016949152542,3.5968169761273208,3.7580398360351888,-0.1172421956313553,0.30681551713312827,Computer Hardware,Technology,KTCC
2010Q1,2010,Q1,2009-11-09,2009-09-26,295000.0,41309000.0,377000.0,0.03,2675000.0,0.0647558643,76309000.0,50689000.0,59847000.0,25024000.0,25620000.0,30101000.0,11138000.0,22648500.0,21116500.0,5.0356646135505665,2.3915840792838874,0.0,0.0,0.006628597503441846,5.0356646135505665,0.0058198031131014615,0.5482703527076423,19.193644067796612,0.4468129179900964,0.0,1.2834789541875684,0.0,0.5413385052877118,1.083280051150895,0.0038658611697178578,6.4507262888066075,0.06475586433949018,0.01010101010101004,0.06616444249905513,-0.18578308044912364,1.072387788778125,0.011342155009451797,0.027874564459930314,0.26936026936026936,-0.7967333848887687,-0.27241415405978714,0.25827691496305166,Computer Hardware,Technology,KTCC
2009Q4,2009,Q4,2009-09-11,2009-06-27,287000.0,45464000.0,297000.0,0.0297,2645000.0,0.058177899,77755000.0,51114000.0,61055000.0,23611000.0,26641000.0,32291000.0,10843000.0,16665000.0,18348000.0,5.06079207920792,2.5858709923340815,0.031020513150279726,0.047188637163986386,0.007962392108508016,5.06079207920792,0.005614900027389756,0.3665537568185817,14.516550522648082,0.326035919708886,0.0,1.3260351181443746,0.0,0.584708378882387,1.0840709838634535,0.0036910809594238314,2.0090415913200723,0.05817789899700862,-0.00999999999999994,0.0722959088361667,0.014602654873971199,1.1781837303985196,-0.2013888888888889,0.09541984732824428,-0.3234624145785877,-0.9596683530073075,-0.13438178287193941,0.361297539149888,Computer Hardware,Technology,KTCC
2009Q3,2009,Q3,2009-05-08,2009-03-28,262000.0,44233000.0,439000.0,0.03,3312000.0,0.0748762236,87446000.0,49624000.0,72514000.0,37156000.0,37822000.0,38356000.0,10556000.0,10166660.0,20040660.0,4.929862904828134,1.9516094305092044,0.12445394872264026,0.21930920522327907,0.006171766323484307,4.929862904828134,0.005279703369337418,0.22984332964076595,9.70101145038168,0.2048738513622441,0.0,1.0668735008864323,0.0,0.5058321707110675,0.7963720529658737,0.0029961347574503122,-13.701698113207547,0.07487622363393846,1.9999999999999996,1.2479545712582667,0.13908353063584605,1.0764887384455712,-0.1320754716981132,1.471698113207547,0.08933002481389578,-0.5740239210418657,-0.06408895574546078,0.5769386780275888,Computer Hardware,Technology,KTCC
2009Q2,2009,Q2,2009-02-10,2008-12-27,106000.0,46990000.0,403000.0,0.01,3816000.0,0.0812087678,88691000.0,49540000.0,72903000.0,38423000.0,39151000.0,37551000.0,10294000.0,10065000.0,20003000.0,4.92200695479384,1.89737917393228,0.12904353316571016,0.23102543399273315,0.003141109094311584,4.92200695479384,0.0021396851029471136,0.21419450947010002,23.73820754716981,0.20316915623738394,0.0,1.1497430161646827,0.0,0.5298170051076209,0.8070426567420556,0.001195160726567521,-179.73214285714286,0.08120876782294105,-0.75,1.3549534298834578,0.3866763205010157,1.0833401861340226,0.12004696213677722,-0.7401960784313726,-0.37422360248447206,-0.8996192723720181,-0.0013239122073367313,0.6238773710426601,Computer Hardware,Technology,KTCC
2009Q1,2009,Q1,2008-11-10,2008-09-27,408000.0,48237000.0,644000.0,0.04,3407000.0,0.0706304289,93538000.0,49542000.0,76110000.0,43200000.0,43996000.0,39658000.0,10187000.0,24899200.0,35440200.0,4.934462151394422,1.7618055555555556,0.14232718253544013,0.2687214888377538,0.009048242347104808,4.934462151394422,0.008235436599249121,0.5161846715177146,15.256862745098038,0.5025877033628032,0.0,1.130415048666095,0.0,0.5156941563856401,0.7188888888888889,0.004361863627616583,38.30646153846154,0.07063042892385513,-0.84,18.654302788844625,0.3411565012028534,1.062707536319717,-0.4344289508632138,-0.8429561200923787,-0.7805792163543441,-0.43871692716314226,0.05275159700182317,0.6857948986970267,Computer Hardware,Technology,KTCC
2008Q4,2008,Q4,2008-09-15,2008-06-28,2598000.0,57287000.0,2935000.0,0.25,6024000.0,0.1051547472,98344000.0,49081000.0,81717000.0,36022000.0,49263000.0,37927000.0,9780000.0,36108000.0,46047000.0,4.811862745098039,2.2685303425684302,0.13033840396973886,0.2611601230618773,0.045456325740497745,4.811862745098039,0.05293290682748925,0.6303000680782725,3.4745958429561203,0.7356818320735112,0.0,1.3516228544308804,0.0,0.5825164727893923,1.0798123369052246,0.026417473358822094,523.304347826087,0.10515474715031334,1.272727272727273,3.4920855614973263,0.5275575853939601,1.0188178472080873,0.4251242015613911,1.2262210796915167,1.0006816632583504,-0.08902159129547783,0.04611556198931559,0.7235587820279527,Computer Hardware,Technology,KTCC
2008Q3,2008,Q3,2008-05-09,2008-03-29,1167000.0,51461000.0,1467000.0,0.11,4227000.0,0.0821398729,94352000.0,46483000.0,78259000.0,35391000.0,47869000.0,38694000.0,7182000.0,26062400.0,36068400.0,4.637170790103751,2.211268401571021,0.1267911649991521,0.25736290686917795,0.024148233984011114,4.637170790103751,0.025105952713895402,0.5064495443151125,5.583204798628963,0.5606867026654907,0.0,1.220706052617977,0.0,0.5454150415465491,0.970416207510384,0.012368577242665763,-30.7702479338843,0.08213987291346846,-0.3125,2.6801842245277996,0.6204615302780588,0.987388261084341,0.20530367835757057,-0.2866748166259169,-0.24575835475578406,0.3236693203916234,9.887182558499443e-05,0.8064210979907118,Computer Hardware,Technology,KTCC
2008Q2,2008,Q2,2008-02-12,2007-12-29,1636000.0,50824000.0,1945000.0,0.16,3507000.0,0.0690028333,91548000.0,45316000.0,75323000.0,33254000.0,46232000.0,33790000.0,6015000.0,41353690.0,51882690.0,4.525716568461001,2.2650808925242076,0.13507668108533227,0.2728837496689911,0.03237374968114804,4.525716568461001,0.036102039014917466,0.8136646072721548,6.319329156479218,0.9125626710212728,0.0,1.4003255401006214,0.0,0.5551623192205182,1.046039574186564,0.017870406781142132,-16.817279381862544,0.06900283330709901,7.000000000000001,20.357408342128206,0.6070380827521759,0.9662799302337073,0.14532984977139124,7.939890710382514,2.9938398357289526,2.228072077727526,-0.04074427212920555,0.8252567113510644,Computer Hardware,Technology,KTCC
2008Q1,2008,Q1,2007-11-13,2007-09-29,183000.0,44550000.0,487000.0,0.02,3062000.0,0.0687317621,85048000.0,43550000.0,68880000.0,31592000.0,41498000.0,34077000.0,4379000.0,46264480.0,54566480.0,4.386583400483481,2.1802988098252722,0.10824475590254914,0.21138920780711826,0.007749107714866642,4.386583400483481,0.0042020665901262915,1.0384843995510662,63.20284153005464,1.0623301951779565,0.0,1.2174780643836018,0.0,0.5238218417834635,0.8703469232717144,0.0021517260840936882,34.55151605675878,0.0687317620650954,-0.9230769230769231,-0.985711073822394,0.2754487171891008,0.912313736187617,-0.312682379349046,-0.9328193832599119,-0.8464691046658259,-0.32942335189302824,-0.10969603608770706,0.8052635692131771,Computer Hardware,Technology,KTCC
2007Q4,2007,Q4,2007-09-17,2007-06-30,2724000.0,49159000.0,3172000.0,0.26,4455000.0,0.0906243007,89388000.0,43244000.0,72647000.0,31425000.0,46144000.0,32346000.0,4196000.0,52427000.0,62466000.0,4.198446601941748,2.31175815433572,0.15018794469056249,0.3104476921653871,0.053256593627842255,4.198446601941748,0.06299139765054111,1.066478162696556,4.811582232011747,1.2123531588197205,0.0,1.3820565139429914,0.0,0.549950776390567,1.0745902943516308,0.030473889112632567,17.10505709624796,0.09062430073842023,2.714285714285714,1.8059441999213053,0.053772083218510715,3.193690870027284,0.1975806451612903,2.6711590296495955,1.9534450651769089,8.979849789338706,0.0757603675341345,0.8070270301892691,Computer Hardware,Technology,KTCC
2007Q3,2007,Q3,2007-05-15,2007-03-31,742000.0,47212000.0,1074000.0,0.07,3720000.0,0.0787935271,86844000.0,40504000.0,69112000.0,27463000.0,46340000.0,35300000.0,1472000.0,40651500.0,57622500.0,4.0851235501765,2.5165495393802573,0.20874211229330755,0.44756073474224767,0.018799018733627396,4.0851235501765,0.018319178352755282,0.8610416843175464,13.696597035040432,1.0036416156428993,0.0,1.2320679886685553,0.0,0.5436414720648519,0.9951935331172851,0.008544056008474967,-160.67786561264822,0.07879352706938914,1.3333333333333337,0.8141810299829249,-0.009831776138237025,2.0645016557287272,-0.11449654844084742,1.1507246376811595,0.43775100401606426,5.463300554715077,0.23431436477936846,0.7206792989704894,Computer Hardware,Technology,KTCC
2007Q2,2007,Q2,2007-02-13,2006-12-30,345000.0,49829000.0,747000.0,0.03,4201000.0,0.0843083345,90845000.0,39762000.0,73484000.0,32430000.0,51083000.0,39266000.0,730000.0,,,,,,,,,,,,,,,,,,,,,,,,,,,,,,,Computer Hardware,Technology,KTCC
2007Q1,2007,Q1,2006-11-13,2006-09-30,1419000.0,55512000.0,1817000.0,0.14,5294000.0,0.0953667675,89351000.0,39388000.0,72116000.0,33073000.0,49963000.0,37555000.0,385000.0,,,,,,,,,,,,,,,,,,,,,,,,,,,,,,,Computer Hardware,Technology,KTCC
