Quarters,Year,Quarter,FillingDate,Date,NetIncome,Revenue,OperatingIncome,EPSDiluted,GrossProfit,GrossProfitRatio,TotalAssets,CommonStockEquity,CurrentAssets,CurrentLiability,TotalLiability,Inventory,RetainedEarnings,MarketCap,EnterpriseValue,bookValuePerShare,currentRatio,debtToAssets,debtToEquity,roic,shareholdersEquityPerShare,roe,priceToSalesRatio,peRatio,pbRatio,payoutRatio,inventoryTurnover,dividendYield,assetTurnover,quickRatio,returnOnAssets,priceToFreeCashFlowsRatio,grossProfitMargin,epsdilutedGrowth,fiveYNetIncomeGrowthPerShare,fiveYRevenueGrowthPerShare,fiveYShareholdersEquityGrowthPerShare,grossProfitGrowth,netIncomeGrowth,operatingIncomeGrowth,threeYNetIncomeGrowthPerShare,threeYRevenueGrowthPerShare,threeYShareholdersEquityGrowthPerShare,Industry,Sector,Symbol
2023Q1,2023,Q1,2023-04-27,2023-03-31,97583000.0,702789000.0,125041000.0,10.09,198044000.0,0.2817972393,2350771000.0,821800000.0,1131561000.0,358496000.0,1528971000.0,566136000.0,883351000.0,3529816109.82,4478195109.82,84.97342486640053,3.1564117870213337,0.4332595561200985,1.2393453394986615,0.051293154956414205,84.97342486640053,0.1187430031637868,5.022583036757832,9.043112298812293,4.295225249233391,0.20794605617781786,0.8915613916090833,0.0057487413986092245,0.2989610642635969,1.4709173881995894,0.041511061689973205,32.506502650569125,0.28179723928519085,0.08963282937365012,0.9630349645377492,0.4531305738665171,0.5291250612555841,0.10299580620547923,0.07800313735887408,0.14160374688444366,0.31551497823247665,0.44872264999201317,0.4824908935720414,Specialty Chemicals,Basic Materials,NEU
2022Q4,2022,Q4,2023-02-15,2022-12-31,90522000.0,682559000.0,109531000.0,9.26,179551000.0,0.2630556479,2406818000.0,762407000.0,1192125000.0,423887000.0,1644411000.0,631383000.0,834402000.0,3041285049.34,4038847049.34,77.99086173177814,2.8123650878653983,0.4430222808704273,1.398562709943639,0.0484129165849019,77.99086173177814,0.11873185844306257,4.455710128120793,8.39929809698195,3.9890570906877825,0.2261660148914076,0.7966765022181466,0.006731693895132559,0.2835939402148397,1.232413355446145,0.03761065439929401,39.352065748926044,0.26305564793666186,0.46518987341772144,25.457143378276076,0.4506502248813693,0.5081351265837094,0.21067110790454935,0.4317211273843039,0.391276182250054,1.066964249264119,0.4610701430385525,0.2768437300970426,Specialty Chemicals,Basic Materials,NEU
2022Q3,2022,Q3,2022-10-25,2022-09-30,63226000.0,696049000.0,78727000.0,6.32,148307000.0,0.2130697695,2336844000.0,667376000.0,1174102000.0,426135000.0,1669468000.0,592222000.0,816005000.0,2997770950.0,3997956950.0,66.97200200702459,2.7552348434181657,0.45880597934650325,1.6065276545755316,0.03436441304869788,66.97200200702459,0.09473819855673564,4.306838958176795,11.853394766393572,4.4918770677998605,0.33103470091418086,0.9248930299786229,0.006981854300776382,0.29785856479936185,1.286054888708977,0.027056149233752873,-108.03556832924896,0.2130697695133532,-0.03363914373088681,0.25889026305312257,0.5104962531430023,0.2638333441488683,-0.05822474535802281,-0.04883259116620532,-0.05818808244906749,0.046997835605801674,0.40611158123666363,0.19068923221621076,Specialty Chemicals,Basic Materials,NEU
2022Q2,2022,Q2,2022-08-03,2022-06-30,66472000.0,723639000.0,83591000.0,6.54,157476000.0,0.2176167951,2330671000.0,721335000.0,1160961000.0,446634000.0,1609336000.0,530186000.0,835748000.0,3050530560.0,3948820560.0,71.16564719810576,2.599356520103709,0.419527681084117,1.3555158144274158,0.036761320524684615,71.16564719810576,0.0921513582454754,4.215541948402449,11.472990732940184,4.229006716712761,0.32028523288000965,1.0678573179978348,0.006979113823399953,0.3104852636858656,1.3310518231930395,0.02852054193835166,197.54763372620127,0.21761679511469117,0.1354166666666667,0.23668398015531053,0.5433585425324947,0.44219844049030416,0.014906904352197367,0.12060420108567382,0.0036138792171929402,-0.010858059748117925,0.4176322633059131,0.3513365647857997,Specialty Chemicals,Basic Materials,NEU
2022Q1,2022,Q1,2022-04-28,2022-03-31,59318000.0,662552000.0,83290000.0,5.76,155163000.0,0.2341899202,2281553000.0,760090000.0,1114334000.0,411699000.0,1521463000.0,524091000.0,845360000.0,3337870200.0,4163664200.0,73.86686103012633,2.7066716217430695,0.3990019079109712,1.1976792221973713,0.038634500461545894,73.86686103012633,0.07804075833125025,5.03789921394849,14.067695303280624,4.39141443776395,0.36363329849286896,0.9681314886155267,0.006462204551872628,0.290395182579585,1.3336442400880255,0.02599895772747773,-572.435294117647,0.23418992018739662,2.4909090909090907,0.06950385629391341,0.4070639579529151,0.6500850885610296,0.45373545449435043,2.447518307567128,1.1016376069238727,0.034941845631106666,0.340019423329871,0.5327781293271424,Specialty Chemicals,Basic Materials,NEU
2021Q4,2021,Q4,2022-02-15,2021-12-31,17206000.0,576567000.0,39631000.0,1.65,106734000.0,0.185119856,2558436000.0,762129000.0,1388173000.0,725087000.0,1796307000.0,498539000.0,844356000.0,3573842690.88,4723169690.88,73.0857157049866,1.9144916403135073,0.48179082845926186,1.617352180536366,0.010896225468328517,73.0857157049866,0.022576230533151213,6.198486369979552,51.92727378356388,4.6892884155831895,1.2666511681971406,0.9424197505109931,0.006098197902111239,0.22535916473970816,1.1736536443213021,0.006725202428358576,660.7215180033278,0.18511985597510783,-0.65625,-0.5725388815276734,0.30417420669726225,0.7894618963026437,-0.22780185355336743,-0.6693570083400592,-0.3719832025988432,-0.7043010792121711,0.15602155331704728,0.6790555060501418,Specialty Chemicals,Basic Materials,NEU
2021Q3,2021,Q3,2021-10-26,2021-09-30,52038000.0,622207000.0,63105000.0,4.8,138221000.0,0.2221463275083694,2437216000.0,772773000.0,1366860000.0,391397000.0,1664443000.0,479039000.0,945147000.0,3672690262.5,4672546262.5,71.28080249048772,3.4922597771572086,0.434704597376679,1.3709963986837015,0.028265752124673086,71.28080249048772,0.06733930921499587,5.902682326781923,17.644270833333334,4.752612038075864,0.4341058457281218,1.0103269253651581,0.00615080455617376,0.2552941552985045,2.1802977539429276,0.02135141079001615,172.16004605540712,0.2221463275083694,0.010526315789473648,-0.2056543828465059,0.31490540425480684,0.7670641300216721,-0.01970226739196732,0.0016553741915614412,-0.10801871457446958,-0.06250002564935618,0.16402933028364153,0.443387219543826,Specialty Chemicals,Basic Materials,NEU
2021Q2,2021,Q2,2021-07-29,2021-06-30,51952000.0,590721000.0,70747000.0,4.75,140999000.0,0.2386896690654302,2478712000.0,849210000.0,1423471000.0,372125000.0,1629502000.0,457957000.0,1012409000.0,3509903980.0,4411539980.0,77.90202733694157,3.825249580114209,0.4258259934998499,1.242919890250939,0.0278271454770497,77.90202733694157,0.06117685849201022,5.941728802598858,16.890129253926702,4.1331401891169435,0.39965737603942103,0.9820179623851147,0.005915546441814627,0.23831772307553278,2.497902586496473,0.020959272396309053,113.90984259890305,0.2386896690654302,-0.2554858934169279,-0.12232020577375162,0.2314535033934134,1.1372817564534095,-0.12830673928767936,-0.25476245122790914,-0.2006079027355623,0.052053273458392356,0.056229663482491025,0.6461360347744072,Specialty Chemicals,Basic Materials,NEU
2021Q1,2021,Q1,2021-04-22,2021-03-31,69712000.0,566615000.0,88501000.0,6.38,161753000.0,0.28547249896314075,2399389000.0,810355000.0,1352467000.0,335853000.0,1589034000.0,414737000.0,981220000.0,4153873743.36,4686892743.360001,74.16319701397849,4.0269612002870305,0.439871984075946,1.302421778109594,0.03575020530130229,74.16319701397849,0.08602649456102572,7.331033847250779,14.896552040394768,5.125992612324229,0.2978396832683039,0.9761897298770064,0.004998466800583388,0.23614970311191724,2.668012493561171,0.029054063346960413,143.99673253232572,0.28547249896314075,0.04248366013071892,0.22222217101310776,0.20650955879812039,1.2494943655509305,0.07277490383339966,0.042282160157885294,0.17134537753954074,0.2412451172128777,0.03696451112920206,0.3345914132001918,Specialty Chemicals,Basic Materials,NEU
2020Q4,2020,Q4,2021-02-16,2020-12-31,66884000.0,527781000.0,75555000.0,6.12,150780000.0,0.28568667686028865,1933875000.0,759824000.0,898078000.0,312455000.0,1174051000.0,401031000.0,932271000.0,4352815023.820001,4898302023.820001,69.52519215815741,2.8742634939431277,0.34679542369594724,0.8826504558950494,0.04407325058497973,69.52519215815741,0.08802564804481038,8.247388640023042,16.270016086881768,5.728714838989029,0.31023862209198017,0.9400794452299199,0.004767030045257918,0.2729137095210394,1.4772271207053815,0.03458548251567449,125.6187418492973,0.28568667686028865,-0.3021664766248574,0.3600000337597404,0.20634878509234503,1.1492543423810115,-0.09499600857106845,-0.3017934317389398,-0.2353042386947897,16.48571498701849,0.0033411184945911798,0.34443166991545,Specialty Chemicals,Basic Materials,NEU
2020Q3,2020,Q3,2020-10-29,2020-09-30,95794000.0,512869000.0,98804000.0,8.77,166607000.0,0.3248529351549811,1880122000.0,723526000.0,854362000.0,308899000.0,1156596000.0,370104000.0,886137000.0,3739133632.08,4288408632.08,66.23925344498114,2.7658296077358617,0.35475144698056826,0.9218410948604473,0.05554408308587778,66.23925344498114,0.1323988357018269,7.290621254316404,9.758266781009247,5.1679326410937545,0.21662108274004635,0.935580269329702,0.005549681301028192,0.27278495757190224,1.4450613307262243,0.05095094892778235,36.66608123399165,0.3248529351549811,3.278048780487805,0.7263779505149179,0.05953491483655895,1.1493620948935448,0.7222497880874114,3.2862767909078707,2.559606585726123,0.7400793997478137,0.015371285835558647,0.25000559467393846,Specialty Chemicals,Basic Materials,NEU
2020Q2,2020,Q2,2020-07-30,2020-06-30,22349000.0,410864000.0,27757000.0,2.05,96738000.0,0.23545017329335255,1799137000.0,635285000.0,790024000.0,233983000.0,1163852000.0,354821000.0,811656000.0,4366833920.0,5010595920.0,58.26164710198093,3.3764162353675267,0.4145465298084582,1.174002219476298,0.015835357405450588,58.26164710198093,0.03517948637225812,10.628416994431248,48.84820260414337,6.87381871128706,0.9287216430265336,0.8853083667539408,0.004753100388118264,0.22836726719532754,1.7092096434356343,0.012422066802027861,443.1534321087883,0.23545017329335255,-0.7327249022164276,-0.5657595790787759,-0.16379088177464637,0.4604974000662721,-0.46526115628472087,-0.7387334728375866,-0.7469412687125067,-0.6134916830007215,-0.1854388097253488,0.18069405533502772,Specialty Chemicals,Basic Materials,NEU
2020Q1,2020,Q1,2020-04-23,2020-03-31,85541000.0,559417000.0,109686000.0,7.67,180907000.0,0.32338488104580304,1933685000.0,639249000.0,930934000.0,312912000.0,1294436000.0,371002000.0,815592000.0,4270023911.51,4888517911.51,57.318007978894386,2.975066472362837,0.38295327315462446,1.1584077566018876,0.05934007399431919,57.318007978894386,0.13381483584643855,7.6329891860812245,12.479465728451855,6.679750631616162,0.24736675979939443,1.0202370876706863,0.0049554757627849515,0.2893009978357385,1.680398962008488,0.0442372982155832,96.26927993484388,0.32338488104580304,0.7120535714285713,0.49221791545112625,0.11522486352701274,0.6100979035061346,0.26120329057445624,0.7073370324537943,0.6236307655870685,0.42300551806458003,0.09613977075782638,0.2804062464955943,Specialty Chemicals,Basic Materials,NEU
2019Q4,2019,Q4,2020-02-18,2019-12-31,50102000.0,534445000.0,67556000.0,4.48,143440000.0,0.26839057339857236,1885132000.0,683098000.0,879398000.0,308895000.0,1202034000.0,365938000.0,843881000.0,5440987662.639999,6011478662.639999,61.0809763900009,2.8469156185758915,0.34105887545275343,0.9412134130095535,0.03633513688005211,61.0809763900009,0.07334525939177101,10.180631613430753,27.14955322462177,7.965164094522308,0.4242944393437388,1.0685006749777284,0.003907011248337492,0.2835053460447332,1.55464801955357,0.02657744921841017,66.627330157354,0.26839057339857236,-0.2607260726072606,0.07434050435846774,0.08686732453955377,0.8109562691622725,-0.11852366233016033,-0.26108694049111425,-0.2342152395202793,0.16062174192327902,0.12721765794645512,0.4955327287218506,Specialty Chemicals,Basic Materials,NEU
2019Q3,2019,Q3,2019-10-24,2019-09-30,67805000.0,555817000.0,88218000.0,6.06,162727000.0,0.29277082205114274,1770995000.0,629338000.0,826933000.0,280478000.0,1141657000.0,370934000.0,815035000.0,5282188572.96,5900409572.96,56.246416105040836,2.9482989753207027,0.3613691738260131,1.0169145991502182,0.05151990364182357,56.246416105040836,0.10774019684176071,9.503467099710877,19.475660249834082,8.393245875761513,0.3135461986579161,1.0597303024257685,0.0040248468426197165,0.3138444772571351,1.5000213920521395,0.03828638703101928,76.86761216799091,0.29277082205114274,-0.08597285067873307,0.3377483148203746,0.05839839628864795,0.42898246867813344,-0.04744984868263158,-0.08586566721492707,-0.10597415758804155,0.002861332190446757,0.13810335228773987,0.39435894194309173,Specialty Chemicals,Basic Materials,NEU
2019Q2,2019,Q2,2019-08-01,2019-06-30,74174000.0,563417000.0,98675000.0,6.63,170833000.0,0.3032088133655889,1766985000.0,589176000.0,829434000.0,283479000.0,1177809000.0,376481000.0,768490000.0,4468004591.84,5129282591.84,52.66315516992336,2.925909855756511,0.384158892124155,1.1521226254973047,0.05718630982820579,52.66315516992336,0.1258944695642728,7.930191300298003,15.059200635802304,7.583480304425164,0.26396041739693155,1.0427724108255132,0.004382045630785047,0.3188578284478929,1.4901597649208584,0.041977719109103924,37.66717186126895,0.3032088133655889,0.1903052064631956,0.2643514441602242,0.033451298043456264,0.30576671650168186,0.11751237988081298,0.1924121855156338,0.19069166908002702,0.22099446738437567,0.14444182805500003,0.44484045704132225,Specialty Chemicals,Basic Materials,NEU
2019Q1,2019,Q1,2019-04-25,2019-03-31,62205000.0,536616000.0,82872000.0,5.57,152869000.0,0.28487596344499605,1798191000.0,538196000.0,856146000.0,259973000.0,1259995000.0,395660000.0,713895000.0,4798831160.8,5560023160.8,48.19148943790863,3.2932112180880324,0.43489484709911236,1.4530468453871823,0.046306780605052646,48.19148943790863,0.11558056916067752,8.942765703594377,19.286356244674867,8.916512127180432,0.31474961819789404,0.9698908153465097,0.004079951834924744,0.29841991201157164,1.6526793166982725,0.034593099398228556,546.6261716368607,0.28487596344499605,-0.0017921146953404636,0.2573363078508403,0.08240741771127127,0.16640822130451596,0.07777182419379856,-0.00952183812875181,0.09300975995779477,0.06704974383383049,0.1179517852648082,0.46172884021774135,Specialty Chemicals,Basic Materials,NEU
2018Q4,2018,Q4,2019-02-19,2018-12-31,62803000.0,538312000.0,75820000.0,5.58,141838000.0,0.2634866025650552,1697274000.0,489907000.0,813420000.0,271301000.0,1207367000.0,396341000.0,671223000.0,4638080367.62,5336039367.62,43.5278735227256,2.998219689569887,0.4511976263113675,1.5631660702949743,0.053118083832229095,43.5278735227256,0.12819371839961463,8.615970603701943,18.4628137494228,9.467266986632156,0.313201598649746,1.0003355696231275,0.004240978689658526,0.31716269736059116,1.4297772584693753,0.03700227541339819,60.02899626760199,0.2634866025650552,0.08984374999999999,0.3676470269545776,0.13779760268539623,0.006405590721082192,0.006778674502956354,0.07390434500094048,0.11257850560544697,0.24000000281231268,0.19475213726934415,0.34559097615313705,Specialty Chemicals,Basic Materials,NEU
2018Q3,2018,Q3,2018-10-25,2018-09-30,58481000.0,563166000.0,68148000.0,5.12,140883000.0,0.2501624742970989,1839927000.0,564072000.0,915167000.0,279245000.0,1275855000.0,388986000.0,712525000.0,4577965656.0,5248507656.0,49.38439354687898,3.277290551307991,0.44194633808841327,1.4415695159483186,0.04219661925566933,49.38439354687898,0.10367648101660781,8.128980897284283,19.57031196456969,8.115924307535208,0.34125613447102476,1.0855994817294197,0.0043593599208949585,0.30608062167683825,1.7756378807140683,0.03178441318595792,200.52411984231276,0.2501624742970989,0.130242825607064,-0.1380471068170741,0.12821429309630997,0.21674680787600936,-0.03411513859275053,0.10581450316724969,0.01514948384501944,0.007874038121597534,0.11260023242326737,0.6024477639551282,Specialty Chemicals,Basic Materials,NEU
2018Q2,2018,Q2,2018-08-09,2018-06-30,52885000.0,598952000.0,67131000.0,4.53,145859000.0,0.24352368804177965,1773830000.0,552481000.0,892839000.0,280019000.0,1221349000.0,379551000.0,697423000.0,4722291968.5,5372345968.5,47.32417351377498,3.18849435216896,0.42528539939002047,1.36544786155542,0.03888873035454224,47.32417351377498,0.09572274883661158,7.884257784430138,22.32339968091141,8.547428723340712,0.38180958683936844,1.1937605223013508,0.004275889787139492,0.33766031694130777,1.7211153528867684,0.029814018254285923,131.40839182157168,0.24352368804177965,-0.11867704280155632,-0.05821208515188678,0.1695316598492746,0.35016030888073674,-0.06967592149659083,-0.1268059110047057,-0.17706405148636226,-0.040254258238187436,0.13857164031653255,0.18631785771816062,Specialty Chemicals,Basic Materials,NEU
2018Q1,2018,Q1,2018-04-26,2018-03-31,60565000.0,589245000.0,81575000.0,5.14,156783000.0,0.26607438332102945,1779465000.0,654785000.0,886490000.0,303027000.0,1124680000.0,402817000.0,787440000.0,4733025164.32,5285089164.32,55.56996417064002,2.925448887392873,0.3479911096874622,0.945711951251174,0.047481940415333684,55.56996417064002,0.09249601014073322,8.03235524157184,19.536965096672997,7.228365286804066,0.34060926277553044,1.0735942127566611,0.004358523203196152,0.3311360436985274,1.4892138324307735,0.03403551067315176,-371.0139660045465,0.26607438332102945,13.685714285714287,0.013806668404509455,0.189261210606515,0.7763106214136392,0.06951948264571055,13.87352652259332,0.16120996441281138,2.7521186251672393e-08,0.11184194227424396,0.5609942837162842,Specialty Chemicals,Basic Materials,NEU
2017Q4,2017,Q4,2018-02-15,2017-12-31,4072000.0,559982000.0,70250000.0,0.35,146592000.0,0.2617798429235225,1712154000.0,601649000.0,833654000.0,316793000.0,1110505000.0,383097000.0,747643000.0,4623348913.54,5142082913.54,51.71344421135942,2.631541732298378,0.3487367374663728,0.9924241542826465,0.00365682323004602,51.71344421135942,0.006768065765919997,8.25624558207228,283.850006970776,7.684462059340246,5.073182711198428,1.079073968211706,0.0044681897010845776,0.3270628693446968,1.3241548897860749,0.0023782907378658695,123.93708217724641,0.2617798429235225,-0.9305555555555556,-0.9111675181531252,0.25582383169585343,0.731615881683826,-0.08554318330682137,-0.9318744562671485,-0.14775139817297311,-0.9160671512303673,0.0946742158047069,0.5332234605513875,Specialty Chemicals,Basic Materials,NEU
2017Q3,2017,Q3,2017-10-26,2017-09-30,59772000.0,548416000.0,82429000.0,5.04,160305000.0,0.2923054761349049,1705193000.0,628450000.0,847776000.0,309430000.0,1076743000.0,383711000.0,788371000.0,5049192343.0,5555883343.0,52.99116558135048,2.7397989852309084,0.35593918107803635,0.9657808894900152,0.051611582136265884,52.99116558135048,0.09511019174158644,9.206865487148441,21.11855192648732,8.034358092131434,0.3470354011911932,1.0114669634177806,0.0041081817825294915,0.32161520719355524,1.3903370713893288,0.03505292362799988,102.26833717491695,0.2923054761349049,-0.04725897920604915,0.044058393182669756,0.11891685894891259,-0.0096020619590422,-0.027723865207792523,-0.04712409131488331,-0.08897092142928194,0.11258274951256615,-0.014743505992076252,0.34628038289862817,Specialty Chemicals,Basic Materials,NEU
2017Q2,2017,Q2,2017-08-03,2017-06-30,62728000.0,547188000.0,90479000.0,5.29,164876000.0,0.30131508731916634,1636783000.0,583705000.0,995315000.0,290482000.0,1053078000.0,356152000.0,749341000.0,5447017920.0,5796958920.0,49.345253191309496,3.4264257337804063,0.3807615303922389,1.067703720201129,0.05491902526624483,49.345253191309496,0.10746524357338039,9.954563915875347,21.70887769417166,9.331799316435529,0.33068167325596226,1.073451784631281,0.0038081387475956754,0.3343069912138628,2.1013591203585764,0.03832395619944733,278.7053786328285,0.30131508731916634,-0.018552875695732773,0.28619399749853913,0.05027877458077708,0.017197125943046652,-0.031536902699051364,-0.01890923878192596,-0.03345760647787119,0.011271319678493982,-0.05073651890520923,0.22350035858389133,Specialty Chemicals,Basic Materials,NEU
2017Q1,2017,Q1,2017-04-27,2017-03-31,63937000.0,542818000.0,93611000.0,5.39,170245000.0,0.31363182503159437,1557785000.0,531015000.0,941940000.0,292603000.0,1026770000.0,330494000.0,707354000.0,5376283150.96,5726452150.96,44.76548606020223,3.2191741027945713,0.3830130602104912,1.1236066777774638,0.05990147196940843,44.76548606020223,0.12040526162161144,9.9043936475209,21.021799392214213,10.124541022306339,0.3243974537435288,1.1273215247478017,0.0038578697247923866,0.3484550178619001,1.9918490241043325,0.04104353296507541,-442.9299020398748,0.31363182503159437,0.3963730569948186,0.08574317119699808,0.09017662831933107,-0.022940938863914403,0.1394484974231979,0.3999167980381853,0.37327993427808587,0.21670431702356033,0.030832291234034432,0.08348655707327225,Specialty Chemicals,Basic Materials,NEU
2016Q4,2016,Q4,2017-02-15,2016-12-31,45672000.0,501627000.0,68166000.0,3.86,149410000.0,0.2978507935178928,1416436000.0,483251000.0,836883000.0,294590000.0,933185000.0,311512000.0,664158000.0,5014927436.16,5330048436.16,40.842286642702526,2.8408398112631112,0.3547671762084556,1.0398426490581498,0.04913019122899616,40.842286642702526,0.09450989237477005,9.99732358138617,27.450776384655803,10.377479686870798,0.4150026274303731,1.1306691235008604,0.0037795163023362395,0.35414731057386284,1.6941172477001936,0.032244308955717026,95.02287850841292,0.2978507935178928,-0.3598673300165838,0.5355006689058238,0.12412793725217568,-0.0038249169013664336,-0.15778377799448706,-0.36077481840193704,-0.33064278560065985,-0.05392155587284722,0.008545135505895687,-0.05568771712248389,Specialty Chemicals,Basic Materials,NEU
2016Q3,2016,Q3,2016-10-27,2016-09-30,71449000.0,516090000.0,101838000.0,6.03,177401000.0,0.3437404328702358,1403385000.0,476963000.0,849147000.0,268093000.0,926422000.0,328523000.0,637438000.0,5076279680.0,5419775680.0,40.338548714479025,3.1673598340874247,0.3750638634444575,1.1035635887899062,0.07346917263594352,40.338548714479025,0.1497998796552353,9.836035730202097,17.76189897689261,10.64292131674784,0.26533611387143274,1.0309445609592023,0.0037346248030210977,0.3677465556493763,1.8308534724890244,0.0509119022933835,148.8994391646134,0.3437404328702358,0.11049723756906088,0.15839561220855386,0.07123134658124336,-0.008508685541771093,-0.005599775784753363,0.10964605755641492,0.04672532171195987,0.017291211533566036,-0.001240299294686769,-0.0061273034344035485,Specialty Chemicals,Basic Materials,NEU
2016Q2,2016,Q2,2016-07-28,2016-06-30,64389000.0,521807000.0,97292000.0,5.43,178400000.0,0.34188885929088725,1358282000.0,432214000.0,796652000.0,258011000.0,926068000.0,303475000.0,584943000.0,4913722598.18,5276850598.18,36.449114442548584,3.087666804903667,0.38004847299750716,1.1943458564507397,0.07135929611558715,36.449114442548584,0.14897481340262,9.416743351813986,19.078268796611223,11.368726136080738,0.29442917268477536,1.131582502677321,0.003858174657035356,0.38416691084767374,1.7907569832293972,0.047404736277150104,63.10080258607184,0.34188885929088725,0.04022988505747126,0.4392996482022612,0.053634312139195825,-0.10271210109655271,0.016234690971233267,0.03968933167557443,0.019896429544835104,0.1288981075302046,0.0031186951928936584,0.03989449704507134,Specialty Chemicals,Basic Materials,NEU
2016Q1,2016,Q1,2016-04-28,2016-03-31,61931000.0,509927000.0,95394000.0,5.22,175550000.0,0.3442649634163321,1317440000.0,391148000.0,773791000.0,240105000.0,926292000.0,302871000.0,539507000.0,4701298381.76,5120166381.76,32.96882986226772,3.222719227004852,0.40689974495992226,1.370494032949165,0.07124593485410957,32.96882986226772,0.15833137329092825,9.219551782431603,18.97796895641924,12.019231548569852,0.3061310167767354,1.1040244856721178,0.004032715743709597,0.3870589931989313,1.8176506111909374,0.04700859242166626,102.60139197660462,0.3442649634163321,0.15999999999999995,0.46213477784512147,0.17500038517600214,-0.1207079719607479,0.1451028994488112,0.14869978113291538,0.3553556966881207,0.029585787919287225,0.02213999124051453,0.053858564315335304,Specialty Chemicals,Basic Materials,NEU
2015Q4,2015,Q4,2016-02-12,2015-12-31,53914000.0,479622000.0,70383000.0,4.5,153305000.0,0.31963713090725615,1289915000.0,387564000.0,774767000.0,263680000.0,902351000.0,351631000.0,532090000.0,4561483868.97,4962645868.97,32.34851771016324,2.9382850424757283,0.38342526445540986,1.2761401987800725,0.06362138325240824,32.34851771016324,0.139109927650659,9.510580976206263,21.151666862827838,11.769627387915287,0.35534369551507955,0.9280097602316064,0.004199949084622313,0.37182450006395773,1.446416110436893,0.04179655248601652,122.01048170357889,0.31963713090725615,-0.11417322834645671,0.2649761074299123,0.20709960274589354,-0.08607739200600545,-0.12282358057114738,-0.1305455659662307,-0.27903999016635256,0.14213192691608031,0.04449036920066804,0.08318461224334446,Specialty Chemicals,Basic Materials,NEU
2015Q3,2015,Q3,2015-10-28,2015-09-30,62009000.0,540933000.0,97624000.0,5.08,174771000.0,0.3230917692209571,1288980000.0,376181000.0,804041000.0,257757000.0,912799000.0,340494000.0,514047000.0,4357719072.0,4754963072.0,30.81809882213536,3.1193760014277014,0.3937772502288631,1.349273355113629,0.07553368450403634,30.81809882213536,0.16483820288637652,8.055931274298295,17.568897547130256,11.584101993455278,0.2706220064829299,1.0753845882746833,0.0038508677871926847,0.41965973095005354,1.6349274704469714,0.04810703036509488,140.53531578947369,0.3230917692209571,0.07627118644067804,0.5948126681745398,0.34821260739044935,-0.07583113281509637,0.029833596530511233,0.055777842098990345,0.09770056783043796,0.05234459323874922,0.072278066447009,-0.4240137729952632,Specialty Chemicals,Basic Materials,NEU
2015Q2,2015,Q2,2015-07-29,2015-06-30,58733000.0,560709000.0,88935000.0,4.72,169708000.0,0.30266680220934566,1291117000.0,496389000.0,817445000.0,253254000.0,794728000.0,335798000.0,639987000.0,5523515030.48,5758899030.48,39.89164725615891,3.227767379784722,0.28003349038080977,0.7283723047851585,0.06995141804836819,39.89164725615891,0.11832051072848108,9.850947693866157,23.511122497062978,11.127392086609493,0.29630701649839103,1.1643934746484494,0.0031507110787182308,0.4342820983690866,1.731877877545863,0.04549006790244416,149.25998569096902,0.30266680220934566,-0.08171206225680933,0.7522360784197759,0.4190273260241494,0.34754801921911754,-0.0637936360827927,-0.08153627222543669,-0.10867125017538937,0.14481437783498835,0.023088973914014498,-0.17767837200508968,Specialty Chemicals,Basic Materials,NEU
2015Q1,2015,Q1,2015-04-29,2015-03-31,63947000.0,559566000.0,99778000.0,5.14,181272000.0,0.32395106207310664,1257670000.0,442890000.0,811351000.0,257134000.0,814780000.0,345414000.0,605931000.0,5944334167.8,6198632167.8,35.59908242478871,3.1553625735997572,0.2970103445259885,0.8434171013118381,0.08346184706638704,35.59908242478871,0.14438573912258124,10.623115356901598,23.239300388603063,13.421694253200569,0.2724287300420661,1.095190119682468,0.0029306898818656957,0.4449227539815691,1.643411606399776,0.05084561132888596,164.53537886957486,0.32395106207310664,0.23261390887290162,0.8440960035961558,0.7208894848040739,0.1360937608275737,0.15072875933167437,0.2284506771683796,0.24667957768476292,0.03538397965633282,0.07152019160712243,-0.22300841312225317,Specialty Chemicals,Basic Materials,NEU
2014Q4,2014,Q4,2015-02-17,2014-12-31,52055000.0,548878000.0,80035000.0,4.17,157528000.0,0.2870000255065789,1231925000.0,421041000.0,797191000.0,259674000.0,810884000.0,348420000.0,560201000.0,5037350941.889999,5297873941.889999,33.72857612859766,3.069968498964086,0.2950877691417903,0.8633981013725505,0.07261737483491792,33.72857612859766,0.12363404039036578,9.177542080189038,24.192445211266925,11.964038993565948,0.33499183555854384,1.1232133631823662,0.0034617401489714975,0.44554498041682733,1.562751757973459,0.04225500740710676,95.92578869784623,0.2870000255065789,-0.07947019867549676,0.36307161443911096,0.6443846889524504,0.11288805594277297,-0.046550336220410486,-0.08535835397888004,-0.09096588069601563,0.6588180877849549,0.1658615840699726,-0.17733383976169348,Specialty Chemicals,Basic Materials,NEU
2014Q3,2014,Q3,2014-10-30,2014-09-30,56913000.0,589667000.0,88044000.0,4.53,165219000.0,0.28019034471998605,1288318000.0,494517000.0,844142000.0,250581000.0,793801000.0,333596000.0,561449000.0,4786973727.5199995,5029949727.5199995,39.36116596102893,3.3687390504467616,0.2984604732682459,0.7775506201000167,0.06765212331234756,39.36116596102893,0.11508805561790596,8.118096701222893,21.027593552966806,9.680099425338259,0.2425983518703987,1.2723413949807552,0.0028842857274575077,0.4577029894793056,1.8723566431612932,0.044176204943189495,81.31845902661932,0.28019034471998605,-0.13549618320610685,0.2153093455562658,0.7082992829328171,0.4513386154329689,-0.08590508227014705,-0.14754957761667964,-0.1571994715984148,-0.13159287588485843,0.15190271536213518,-0.03253202157714021,Specialty Chemicals,Basic Materials,NEU
2014Q2,2014,Q2,2014-07-30,2014-06-30,66764000.0,620438000.0,104466000.0,5.24,180746000.0,0.29132000296564686,1272350000.0,513497000.0,833032000.0,246058000.0,758853000.0,329383000.0,562304000.0,4992344520.0,5232197520.0,40.33121269242853,3.385510733241756,0.27782999960702637,0.6884110325863637,0.08215672588320093,40.33121269242853,0.13001828637752508,8.046484128954061,18.693998711880656,9.722246712249536,0.20901983104667185,1.3348958507269653,0.0027952798417846367,0.48763154792313435,1.8746555690121842,0.05247298306283649,72.63493743816562,0.29132000296564686,0.18284424379232517,1.6005173736043543,0.9974604925451109,0.7049128013248014,0.11619835731488914,0.160648783964675,0.15848073191017467,0.3899433701604066,0.1667924560827726,-0.007144353148601101,Specialty Chemicals,Basic Materials,NEU
2014Q1,2014,Q1,2014-04-30,2014-03-31,57523000.0,576422000.0,90175000.0,4.43,161930000.0,0.2809226573586712,1283228000.0,536485000.0,853795000.0,231033000.0,746743000.0,324519000.0,594840000.0,5074229843.28,5283054843.28,41.31614348877879,3.6955543147515724,0.27702169840433655,0.6626131205905105,0.06940021027307534,41.31614348877879,0.10722200993504012,8.802977407663136,22.053047664760182,9.458288383235319,0.24685777862767935,1.2772503304891238,0.0027984542361252345,0.4491968691456234,2.108200992931746,0.044826796173400206,-1041.936312788501,0.2809226573586712,0.08578431372549011,1.3476467235025067,1.0018761830437544,1.0025292011295508,0.06787216924517601,0.06522101442565878,0.1983388704318937,0.2408538037185648,0.21358534392892142,0.10191825887599776,Specialty Chemicals,Basic Materials,NEU
2013Q4,2013,Q4,2014-02-19,2013-12-31,54001000.0,556371000.0,75250000.0,4.08,151638000.0,0.27254835352669354,1327274000.0,572448000.0,897319000.0,247614000.0,754826000.0,307518000.0,632534000.0,4422655356.849999,4533419356.849999,43.25082643026476,3.6238621402667053,0.26329680231813474,0.6104781569679691,0.06052779080724758,43.25082643026476,0.09433345910894964,7.949111935830587,20.4748771173219,7.725863933230616,0.26766170996833394,1.3161278364193316,0.0032681723611162738,0.4191832281804661,2.2153432358428846,0.040685645917873776,75.96192773951427,0.27254835352669354,-0.31313131313131315,2.20410356995774,0.7338148114967079,1.258640898243406,-0.07437905544398528,-0.31554197931454064,-0.13577269386255053,0.1469117000630127,0.2675231753642569,0.221938774543116,Specialty Chemicals,Basic Materials,NEU
2013Q3,2013,Q3,2013-10-31,2013-09-30,78896000.0,580455000.0,87072000.0,5.94,163823000.0,0.2822320421049005,1345238000.0,539086000.0,926077000.0,263416000.0,806152000.0,312773000.0,647468000.0,3824065246.05,3938997246.05,40.587239043664226,3.515644455917636,0.2692438066721279,0.6718723914180669,0.06701628548648625,40.587239043664226,0.14635141702808085,6.5880477316071016,12.117424349935359,7.0936088973744456,0.15126242141553436,1.3320587135078794,0.003120762652344128,0.4314887031142445,2.1674233911379717,0.05864835813439703,54.490164380370196,0.2822320421049005,0.2349272349272351,4.519526420188122,0.518145113059025,0.8752985664288678,-0.033081899095781096,0.2325574129042337,-0.06452652613936698,0.864800613389707,0.3295538529492322,0.21712448732251352,Specialty Chemicals,Basic Materials,NEU
2013Q2,2013,Q2,2013-07-31,2013-06-30,64010000.0,583779000.0,93078000.0,4.81,169428000.0,0.29022626713191124,1276879000.0,466445000.0,856618000.0,245422000.0,810434000.0,312179000.0,594301000.0,3572716071.2400002,3880142071.2400002,35.05078115724349,3.4903879847772408,0.29836108198192623,0.8167543869052085,0.07532859775744123,35.05078115724349,0.1372294697123991,6.119980457056523,13.953741881112329,7.659458395394957,0.18718950164036868,1.3272865887839989,0.003353750972951329,0.45719210669139365,1.6347963915215424,0.05013004364548246,44.637747960218896,0.29022626713191124,-0.05128205128205141,3.2270359579255845,0.5953345932601152,0.5637672685052042,-0.0045182935069360795,-0.05638682096262991,-0.05249656436097114,0.7856473716760463,0.38146261936467823,0.18402257036988978,Specialty Chemicals,Basic Materials,NEU
2013Q1,2013,Q1,2013-04-29,2013-03-31,67835000.0,562608000.0,98235000.0,5.07,170197000.0,0.3025143616870005,1281389000.0,418569000.0,758214000.0,227142000.0,862820000.0,321339000.0,545950000.0,3530497217.08,3902248217.08,31.28392269951966,3.3380616530628417,0.34007159418412364,1.041080443128851,0.08309065825172028,31.28392269951966,0.16206408023527782,6.275234651977931,13.011340816245301,8.434683928050095,0.1768703471659173,1.2211745228559248,0.0033983881765875723,0.43906105015729024,1.7397398983895536,0.05293864704629117,320.40087277248386,0.3025143616870005,0.2868020304568529,2.9640467554858345,0.7001230267004687,0.4611041284970299,0.21105624181704333,0.2783860693892166,0.408306333686957,0.8189819734072512,0.6088619473665383,-0.0016183852989480765,Specialty Chemicals,Basic Materials,NEU
2012Q4,2012,Q4,2013-02-15,2012-12-31,53063000.0,516180000.0,69754000.0,3.94,140536000.0,0.27226161416560113,1257510000.0,402205000.0,735495000.0,216671000.0,855305000.0,322674000.0,512173000.0,3531248245.2,3874814245.2,29.86426999102895,3.3945244172039635,0.3440887150002783,1.0758071132879998,0.06535021464294895,29.86426999102895,0.13193023458186745,6.8411179146809245,16.637055223036764,8.779722393306894,6.511316736709195,1.1641594922429448,0.09784358844486485,0.41047784908271107,1.782352045266787,0.042196881138122165,47.608270464994,0.27226161416560113,-0.1842650103519669,3.8953915969932176,0.6272102345455834,0.4563456005429425,-0.13280965574266163,-0.18005099281464884,-0.2638488734103741,0.2878902097332534,0.43337423166233274,-0.014616293147144249,Specialty Chemicals,Basic Materials,NEU
2012Q3,2012,Q3,2012-10-26,2012-09-30,64715000.0,554044000.0,94755000.0,4.83,162059000.0,0.2925020395492055,1267214000.0,717287000.0,762529000.0,225446000.0,549927000.0,334721000.0,804620000.0,3236476520.0,3307644520.0,53.50492316873042,3.382313281229208,0.11906039548174184,0.21034118839460356,0.07578299548260158,53.50492316873042,0.09022190559706227,5.841551429128373,12.502806613613535,4.512108151967064,0.15551263231090165,1.1710797948141884,0.0031095544607874985,0.4372142353225264,1.7172848486999104,0.05106872240994812,40.77039819608732,0.2925020395492055,0.17233009708737862,2.8268065455330653,0.9419022958651885,1.80131537155666,-0.02019359246428334,0.17093073749728596,-0.015368788577841512,0.2950733618121844,0.5042341607040572,0.9728521555341308,Specialty Chemicals,Basic Materials,NEU
2012Q2,2012,Q2,2012-07-31,2012-06-30,55268000.0,590406000.0,96234000.0,4.12,165399000.0,0.280144510726517,1240217000.0,650290000.0,734293000.0,215413000.0,589927000.0,317564000.0,749969000.0,2903523000.0,3046756000.0,48.51100335695636,3.4087682730383033,0.15528572822336736,0.2961570991403835,0.07738205006196276,48.51100335695636,0.08498977379323071,4.917841282100792,13.133834225953533,4.46496639960633,0.18189549106173555,1.3383349498053936,0.0034623455712250255,0.476050562119371,1.7173383221996816,0.0445631691873277,116.87018998550958,0.280144510726517,-0.16935483870967738,1.3058383377794205,1.2143933374272557,1.409121176016691,-0.024401896942242356,-0.16948923317354653,-0.0811492079860216,1.0446593914808824,0.8053457295274102,1.0506953574424032,Specialty Chemicals,Basic Materials,NEU
2012Q1,2012,Q1,2012-05-02,2012-03-31,66547000.0,562679000.0,104733000.0,4.96,169536000.0,0.30130145251555507,1253497000.0,614171000.0,745001000.0,240953000.0,639326000.0,315101000.0,704754000.0,2512097000.0,2667692000.0,45.8165609847072,3.091893439799463,0.18216318028682957,0.37178733610020664,0.08372705175542659,45.8165609847072,0.10835255979197976,4.464529509720462,9.437303710159737,4.090224058120621,0.15108119073737358,1.2476729683498307,0.0040022339901683735,0.44888739263037725,1.5963030134507559,0.053089077995400066,45.13451794890222,0.30130145251555507,0.9730785209804736,4.285883803077115,1.343222545568592,1.496035854101909,0.35551806573866046,0.9748056264466733,0.8530582635927741,1.6308172863593822,0.8929030020714899,1.220657436048636,Specialty Chemicals,Basic Materials,NEU
2011Q4,2011,Q4,2012-02-22,2011-12-31,33698000.0,505556000.0,56519000.0,2.5138381201044386,125071000.0,0.24739296932486213,1191662000.0,549593000.0,679731000.0,216024000.0,642069000.0,306785000.0,648261000.0,2655664550.0,2850541550.0,40.99910481163745,3.1465531607599155,0.20580248426147682,0.4462338494122014,0.047294521240010504,40.99910481163745,0.06131446361216391,5.25295822816859,19.701944848358956,4.832056721974261,0.2983559855184284,1.240233388203465,0.0037858697176192677,0.42424445857969795,1.5215994519127505,0.028278152697660913,49.66736894275188,0.24739296932486213,-0.5184218160719466,8.747604584996896,1.1303287040205616,1.3524678622320294,-0.13860574671478554,-0.5277812810919129,-0.5324719370662343,0.9741660695256874,0.5555440231095385,1.141051687607383,Specialty Chemicals,Basic Materials,NEU
2011Q3,2011,Q3,2011-11-02,2011-09-30,71361000.0,557396000.0,120889000.0,5.22,145196000.0,0.2604898492274792,1212834000.0,556567000.0,717170000.0,238412000.0,656267000.0,314191000.0,624617000.0,2077581600.0,2305349600.0,40.68472222222222,3.008112007784843,0.2327029090543306,0.5070907905068033,0.0995931074735955,40.68472222222222,0.1282163692780923,3.7272990835958635,7.278420986252996,3.7328508517393235,0.21346393688429255,1.3119408258034126,0.007332082648402354,0.459581443132366,1.5190678321560995,0.058838225181681914,28.079601021773506,0.2604898492274792,0.3846153846153845,3.7576889295936846,1.162722004856917,1.2033876407178192,-0.01759181574602831,0.3655255554067242,0.42058567768925237,3.847191805552005,0.4154385638406734,0.8798026930782332,Specialty Chemicals,Basic Materials,NEU
2011Q2,2011,Q2,2011-08-04,2011-06-30,52259000.0,578523000.0,85098000.0,3.77,147796000.0,0.25547126043389806,1208626000.0,562688000.0,729298000.0,243322000.0,645938000.0,327844000.0,625832000.0,2364674920.0,2578816920.0,40.621426508807396,2.9972546666557074,0.22755591886985718,0.48877886146496813,0.069468342033599,40.621426508807396,0.09287384838489536,4.087434587734628,11.312285539332938,4.202461968266606,0.1224286725731453,1.313816937323849,0.0027056573171588424,0.47866172000271384,1.5399593953690993,0.04323835495844041,176.08719338744507,0.25547126043389806,0.056022408963585485,2.191645075302624,1.1804344877487105,1.3354589306082605,0.048466275077324705,0.05384258605739176,0.08989613084183967,2.31542698514836,0.5188476088426354,0.8122979025628726,Specialty Chemicals,Basic Materials,NEU
2011Q1,2011,Q1,2011-04-29,2011-03-31,49589000.0,508083000.0,78079000.0,3.57,140964000.0,0.27744285874551994,1131667000.0,520802000.0,657611000.0,215272000.0,610865000.0,295468000.0,584869000.0,2197675800.0,2408960800.0,37.49474442044637,3.0547911479430674,0.23071097769927018,0.5013191193582206,0.06749524423623816,37.49474442044637,0.09521660823115119,4.325426751141054,11.07945209623102,4.219791398650543,0.018209683599185303,1.2425000338446126,0.00041088863061603534,0.44896864537006026,1.5901557099855068,0.04381942744641312,-224.1611383108935,0.27744285874551994,0.0035477212013275716,3.4385445516377278,1.0742059564593998,1.2982866766674879,0.11058237741081559,0.0035821257994009554,0.16332672795267966,1.7913474625853518,0.47894737528883125,0.7511782776044362,Specialty Chemicals,Basic Materials,NEU
2010Q4,2010,Q4,2011-02-22,2010-12-31,49412000.0,460648000.0,67117000.0,3.557379409647228,126928000.0,0.2755422795713864,1062741000.0,491640000.0,602775000.0,206387000.0,571101000.0,273215000.0,565460000.0,1713609300.0,1887393300.0,35.39524838012959,2.920605464491465,0.20981217436797864,0.45353510698885363,0.06676343863186865,35.39524838012959,0.10050443413880075,3.7199972647227386,8.670005767829677,3.485496094703442,0.12571844895976686,1.221455630181359,0.0036250970393309607,0.43345274154285945,1.4886596539510726,0.046494865635182986,34.9352571813011,0.2755422795713864,0.11867277032931699,4.462241077210998,0.9336708846657836,1.2778224564556069,-0.0661703035564515,0.08077604497036243,-0.13388478810715945,3.419991021840259,0.4080076033339611,0.7260664424079698,Specialty Chemicals,Basic Materials,NEU
2010Q3,2010,Q3,2010-10-29,2010-09-30,45719000.0,471777000.0,77492000.0,3.18,135922000.0,0.2881064570761186,1079357000.0,478627000.0,602129000.0,202372000.0,600730000.0,261866000.0,555458000.0,1631649040.0,1821307040.0,33.34682644743259,2.975357262862451,0.22229994339222334,0.5013110417924606,0.07296357283113786,33.34682644743259,0.09552114694741416,3.458517562322877,8.922160589689188,3.409020051104514,0.11721603709617445,1.282545271245599,0.00328440728895964,0.4370907864589751,1.5668966062498764,0.04235762588281727,66.24640844498579,0.2881064570761186,0.18215613382899637,3.0507681961755373,1.0675419858348507,1.1961965973518196,0.028146534443763662,0.1471045764753111,0.04798225684301634,1.5251361855382752,0.5444591065423102,0.7459136839657974,Specialty Chemicals,Basic Materials,NEU
2010Q2,2010,Q2,2010-08-04,2010-06-30,39856000.0,469841000.0,73944000.0,2.69,132201000.0,0.2813739115998817,1020202000.0,438008000.0,550306000.0,191078000.0,582194000.0,221434000.0,524727000.0,1291986720.0,1485309720.0,29.603135982698028,2.88000711751222,0.23517793535005813,0.5477731000347026,0.07194930316068028,29.603135982698028,0.09099377180325474,2.7498381792989544,8.104091730228824,2.9496874942923412,0.1353873946206343,1.52478842454185,0.004176513517104882,0.4605372269413312,1.559619631773412,0.03906677305082719,67.97068181818182,0.2813739115998817,-0.03237410071942441,2.5077689003290855,0.987684768201757,1.0450436101657614,0.09794199720948774,-0.054155394181024254,0.07553344678622856,0.5065075503031706,0.5965312054828786,0.4701312452279497,Specialty Chemicals,Basic Materials,NEU
2010Q1,2010,Q1,2010-04-28,2010-03-31,42138000.0,395126000.0,68751000.0,2.78,120408000.0,0.30473317372180014,1014831000.0,473717000.0,544808000.0,171046000.0,541114000.0,202787000.0,555194000.0,1557002820.0,1690993820.0,31.334634210874455,3.1851548706195993,0.21871819051645053,0.46855401009463454,0.06663870826284721,31.334634210874455,0.08895184255578753,3.940522314400976,9.23752207034031,3.2867784352260947,0.13386966633442499,1.354712087066725,0.0036229863732680973,0.3893515274957111,1.7673432877705413,0.04152218448194823,43.10758382015006,0.30473317372180014,-0.0912856216216217,8.939831522194796,0.8562014130298586,1.2593324565714177,0.02208716024650697,-0.0889081081081081,0.11930384383699917,1.967806121459101,0.4590188929486351,0.7070764104625158,Specialty Chemicals,Basic Materials,NEU
2009Q4,2009,Q4,2010-02-19,2009-12-31,46250000.0,404241000.0,61423000.0,3.0592670988225956,117806000.0,0.2914251646913599,1025192000.0,458185000.0,603139000.0,198052000.0,567007000.0,192903000.0,532694000.0,1735092860.0,1835572860.0,30.307249636195262,3.0453567749883867,0.24611097238370958,0.5506749457097024,0.06351733802293433,30.307249636195262,0.1009417593330205,4.292223846665727,9.378880324324324,3.786882722044589,0.1233081081081081,1.484865450511397,0.003286855782462271,0.39430760286853583,1.8531395795043726,0.04511350069060235,228.21160857556228,0.2914251646913599,-0.17761637128424854,16.82716462909362,0.962852672832314,1.2178682220982977,-0.17599166241160547,-0.18411628768500715,-0.3448003669450756,10.862548252699096,0.510393774732454,0.7389850605117448,Specialty Chemicals,Basic Materials,NEU
2009Q3,2009,Q3,2009-10-27,2009-09-30,56687000.0,417832000.0,93747000.0,3.72,142967000.0,0.3421638361829635,1005141000.0,412450000.0,582948000.0,282050000.0,592691000.0,182457000.0,492147000.0,1414952320.0,1520491320.0,27.120594423987374,2.0668250310228684,0.23808500498934976,0.5802133591950539,0.09368388058502812,27.120594423987374,0.13743968965935266,3.3864144440827895,6.2401975761638475,3.4306032731240155,0.06707005133452114,1.5064645368497782,0.002687016337059329,0.4156949124550685,1.289391951781599,0.05639706270065593,118.51514532205377,0.3421638361829635,0.8507462686567168,3.8752144711468013,1.0751267283472212,1.0075964594285391,0.28321650076741495,0.8490116772131254,0.5352001965119135,2.399637282384096,0.45831902808689384,0.46878679019454333,Specialty Chemicals,Basic Materials,NEU
2009Q2,2009,Q2,2009-07-29,2009-06-30,30658000.0,370921000.0,61065000.0,2.01,111413000.0,0.3003685420884771,915958000.0,359664000.0,514390000.0,179092000.0,556294000.0,168446000.0,439262000.0,1023685320.0,1133056320.0,23.65588003157064,2.8722109306948385,0.24173488304048876,0.6156273633168735,0.0695011606259525,23.65588003157064,0.08524066906890876,2.7598472990205463,8.347619870833062,2.8462268116909115,0.12398069019505513,1.540600548543747,0.00371305510173771,0.4049541572866878,1.7875393652424452,0.033470967009404363,29.75396948118006,0.3003685420884771,0.06914893617021271,2.002109667977661,0.8617429073281684,0.8554922767453638,0.22332389046270065,0.06866982710540993,0.32597224936486224,0.7058935876953397,0.27367450859879444,0.3600540657810413,Specialty Chemicals,Basic Materials,NEU
2009Q1,2009,Q1,2009-04-29,2009-03-31,28688000.0,337128000.0,46053000.0,1.88,91074000.0,0.27014665053036235,816141000.0,313668000.0,435455000.0,154711000.0,502473000.0,159757000.0,412405000.0,673492900.0,818124900.0,20.631980530158522,2.8146350291834454,0.2501307984772239,0.6508218881109964,0.05928512981444836,20.631980530158522,0.09145976000102018,1.9977364680477445,5.869116878137199,2.1471520843694605,0.10600250976017847,1.540176643276977,0.004515266604889228,0.4130756817755755,1.6375047669525762,0.03515078889554624,8.277529374170395,0.27014665053036235,0.4764006405289529,4.453087579939974,0.7199331374393281,0.6903680013135386,0.18093879668049792,0.48189472596725036,0.6265673012397132,1.3460024179690449,0.25743338692499945,0.26466273336880214,Specialty Chemicals,Basic Materials,NEU
2008Q4,2008,Q4,2009-02-20,2008-12-31,19359000.0,368595000.0,28313000.0,1.2733670985989607,77120000.0,0.2092269292855302,811452000.0,291123000.0,446178000.0,135913000.0,520329000.0,201072000.0,386758000.0,530736729.99999994,747136730.0,19.149049529698086,3.2828206279016725,0.293499800357877,0.8180768953329005,0.04104198592641038,19.149049529698086,0.06649766593501716,1.4398912898981264,6.853875845859807,1.823066985432274,0.15708456015290045,1.4496051165751571,0.005729771142841387,0.4542412859910383,1.6577663652483574,0.023857233699590363,-36.21046121307225,0.2092269292855302,0.19006270897099123,3.5206016111100635,0.9793503752842037,0.6065665418239512,0.048139389491424066,0.1752671199611462,0.10463891381530178,0.9552140132913107,0.4136300160714365,0.2323161168439098,Specialty Chemicals,Basic Materials,NEU
2008Q3,2008,Q3,2008-10-30,2008-09-30,16472000.0,440604000.0,25631000.0,1.07,73578000.0,0.16699349075360187,863025000.0,331269000.0,529254000.0,203636000.0,531756000.0,228052000.0,370439000.0,804483360.0,985124360.0,21.64308114464916,2.5990198196782495,0.2481179571854813,0.6463991499355509,0.03382260741710285,21.64308114464916,0.04972394036266599,1.8258648582400523,12.209861583292861,2.4284897168162427,0.35472316658572123,1.6093961026432568,0.007263046435168031,0.5105344572868689,1.3832082735862028,0.019086353234263203,-180.7421613120647,0.16699349075360187,-0.053097345132743216,0.7509207936795149,1.4468295007325582,0.8963929456181936,-0.10481427858820094,-0.06536541080344985,-0.14033204762703338,0.3685730336027998,0.8107020137633943,0.42539684371516506,Specialty Chemicals,Basic Materials,NEU
2008Q2,2008,Q2,2008-07-31,2008-06-30,17624000.0,425882000.0,29815000.0,1.13,82193000.0,0.1929947732000883,830628000.0,347153000.0,528755000.0,190338000.0,483475000.0,214544000.0,375757000.0,1025770240.0000001,1159259240.0,22.41432076446281,2.7779791738906576,0.2086144459372908,0.49914879030283477,0.03706249464120075,22.41432076446281,0.05076724095715722,2.408578526446293,14.550758057194736,2.954807361595608,0.17549931911030414,1.601951114922813,0.0030152951210594683,0.5127229036343586,1.546359633914405,0.02121768107985765,-66.36282849194541,0.1929947732000883,-0.11023622047244104,2.312525803968956,1.546706433144737,1.0812444504801237,0.007230126343394238,-0.10863847865668623,-0.08545750130364099,0.481803888035408,0.7212139810369915,0.5484259330619985,Specialty Chemicals,Basic Materials,NEU
2008Q1,2008,Q1,2008-04-29,2008-03-31,19772000.0,382350000.0,32601000.0,1.27,81603000.0,0.21342487249901923,800514000.0,330995000.0,511980000.0,183676000.0,469519000.0,206282000.0,361232000.0,1166381550.0,1281314550.0,21.411152079694677,2.7874082623750516,0.2035729543768129,0.492342784634209,0.04354890284283721,21.411152079694677,0.05973504131482349,3.0505598273832875,14.747895382358891,3.5238645598876115,0.1595185110256929,1.4579410709611116,0.002704089412251077,0.4776306223251561,1.5469467976218993,0.024699130808455566,-60.10417139029166,0.21342487249901923,0.5779561163800033,0.31016235861260705,1.379554455225897,1.100536799193626,0.12468989470202327,0.5891335798103199,0.4519016656275051,3.5610900861742127,0.7565621858951999,0.5438160375732943,Specialty Chemicals,Basic Materials,NEU
2007Q4,2007,Q4,2008-02-22,2007-12-31,12442000.0,364119000.0,22454000.0,0.8048386053431658,72556000.0,0.19926452615765725,770934000.0,317007000.0,495041000.0,177661000.0,453927000.0,193694000.0,346132000.0,860911710.0,946836710.0,20.50630700562779,2.7864359651245914,0.20468289114243243,0.49777134258864947,0.061926190326020994,20.50630700562779,0.03924834467377692,2.364369093620492,17.29849923645716,2.7157498414861503,0.15640572255264426,1.505276363749006,0.0022603943905002756,0.47230891360349914,1.5707555400453672,0.016138865324398715,41.06423610779871,0.19926452615765725,-0.3561291157254674,3.296849483228437,1.5741299611920798,1.2356560551935756,-0.08237109360179085,-0.41192040459422413,-0.31821218193963685,3.6900090295563803,0.729034381702421,0.5006405136168308,Specialty Chemicals,Basic Materials,NEU
2007Q3,2007,Q3,2007-10-31,2007-09-30,21157000.0,356946000.0,32934000.0,1.25,79069000.0,0.2215152992329372,777769000.0,320344000.0,511225000.0,173415000.0,457425000.0,191833000.0,322283000.0,840612640.0,915275640.0,19.09992845218221,2.947986045036473,0.20264371555050406,0.4920023474764628,0.044348095908417186,19.09992845218221,0.0660446270259471,2.355013475427656,9.933032093396983,2.6240935993806658,0.11107434891525264,1.4485359661789161,0.0027955801378385173,0.458935750846331,1.7036415534988323,0.027202164138709566,27.07723111612176,0.2215152992329372,-0.29775280898876405,0.9372687811704914,1.0000876932362595,0.0,0.0470219020630843,-0.3158830757291599,0.1212719596895002,0.6498770762460915,0.6074323199557301,0.41386830009981024,Specialty Chemicals,Basic Materials,NEU
2007Q2,2007,Q2,2007-07-30,2007-06-30,30926000.0,344013000.0,29372000.0,1.78,75518000.0,0.21952077392424124,786789000.0,348279000.0,517256000.0,157449000.0,438510000.0,179630000.0,303148000.0,836607520.0,883837520.0,20.136389916743756,3.2852288677603543,0.19775950095896105,0.44675389558371303,0.03702456951364008,20.136389916743756,0.0887966256937685,2.4319067012002455,6.762978723404255,2.402118761108192,0.005917351096165039,1.4947113511106163,0.00021874056307789346,0.43723666700983366,2.013464677451111,0.03930659935510029,375.32863167339616,0.21952077392424124,0.9139784946236559,13.121947073782362,0.8922044692246367,0.0,0.087701104725691,0.9040758527274966,0.07416617905207724,1.6620650833646062,0.5178376625391504,0.5794346235349307,Specialty Chemicals,Basic Materials,NEU
2007Q1,2007,Q1,2007-04-30,2007-03-31,16242000.0,309796000.0,27344000.0,0.93,69429000.0,0.2241119962814239,749741000.0,317444000.0,460516000.0,150538000.0,432297000.0,180390000.0,274384000.0,703346980.0,783466980.0,18.35573031109055,3.0591345706731854,0.20409848200912048,0.48204092690364286,0.038107737093233084,18.35573031109055,0.051164929877395696,2.2703552660460433,10.826052518162788,2.215656871763209,0.1331116857529861,1.3324851710183492,0.003073874007392482,0.41320402645713655,1.7166695452311045,0.021663481122147516,44.56640349765556,0.2241119962814239,2.60614798206278,10.664414733975436,0.9851684564905208,0.0,0.08116230904589128,2.6417040358744392,0.3828259330433903,1.714035647356897,0.38939709562718483,0.5038759421691871,Specialty Chemicals,Basic Materials,NEU
