Quarters,Year,Quarter,FillingDate,Date,NetIncome,Revenue,OperatingIncome,EPSDiluted,GrossProfit,GrossProfitRatio,TotalAssets,CommonStockEquity,CurrentAssets,CurrentLiability,TotalLiability,Inventory,RetainedEarnings,MarketCap,EnterpriseValue,bookValuePerShare,currentRatio,debtToAssets,debtToEquity,roic,shareholdersEquityPerShare,roe,priceToSalesRatio,peRatio,pbRatio,payoutRatio,inventoryTurnover,dividendYield,assetTurnover,quickRatio,returnOnAssets,priceToFreeCashFlowsRatio,grossProfitMargin,epsdilutedGrowth,fiveYNetIncomeGrowthPerShare,fiveYRevenueGrowthPerShare,fiveYShareholdersEquityGrowthPerShare,grossProfitGrowth,netIncomeGrowth,operatingIncomeGrowth,threeYNetIncomeGrowthPerShare,threeYRevenueGrowthPerShare,threeYShareholdersEquityGrowthPerShare,Industry,Sector,Symbol
2023Q1,2023,Q1,2023-04-27,2023-03-31,126000000.0,1962000000.0,126000000.0,0.32,411000000.0,0.2094801223,10177000000.0,5308000000.0,5422000000.0,2308000000.0,4869000000.0,2036000000.0,-1963000000.0,7255920000.000001,8858920000.0,13.540816326530612,2.349220103986135,0.23356588385575316,0.4478146194423512,0.013039698638075919,13.540816326530612,0.02373775433308214,3.69822629969419,14.396666666666667,1.3669781461944237,0.15873015873015872,0.7617878192534381,0.002756369971002988,0.1927876584455144,1.3808492201039861,0.012380858799253217,-28.01513513513514,0.20948012232415902,0.23076923076923075,2.7820378151260505,0.05121084645557384,-0.63748844233049,-0.07223476297968397,0.21153846153846154,-0.2222222222222222,1.0601402749668505,0.018031907399178503,-0.054660471552820895,Oil & Gas Equipment & Services,Energy,NOV
2022Q4,2022,Q4,2023-02-14,2022-12-31,104000000.0,2073000000.0,162000000.0,0.26,443000000.0,0.2136999518,10135000000.0,5134000000.0,5493000000.0,2437000000.0,5001000000.0,1813000000.0,-2069000000.0,8167990000.0,9464990000.0,13.130434782608695,2.2540008206811653,0.23344844597927972,0.46084924035839503,0.013980418000376577,13.130434782608695,0.02025710946630308,3.940178485287024,19.634591346153844,1.5909602649006622,0.18269230769230768,0.8990623276337562,0.002326153680403624,0.2045387271830291,1.4333196553139105,0.010261470152935373,92.81806818181818,0.21369995176073323,2.25,8.162586773839973,0.015121856811265157,-0.6487743782429773,0.20380434782608695,2.25,0.9518072289156626,1.2639120470322516,-0.11210701996140701,-0.35512649949131886,Oil & Gas Equipment & Services,Energy,NOV
2022Q3,2022,Q3,2022-10-28,2022-09-30,32000000.0,1889000000.0,83000000.0,0.08,368000000.0,0.1948120699,9761000000.0,4868000000.0,5179000000.0,2247000000.0,4831000000.0,1755000000.0,-2154000000.0,6326380000.0,7689380000.0,12.450127877237852,2.304850912327548,0.24188095482020286,0.48500410846343467,0.005774888676844784,12.450127877237852,0.00657354149548069,3.3490629962943355,49.424843749999994,1.2995850451930977,0.625,0.8666666666666667,0.003161365583477439,0.19352525356008607,1.4294615042278593,0.0032783526278045284,-38.34169696969697,0.19481206987824246,-0.5555555555555556,2.186700767263427,-0.007431514247684633,-0.6667354295854394,0.19093851132686085,-0.5362318840579711,0.22058823529411764,1.1281287996310427,-0.13192888918829832,-0.40971219447624924,Oil & Gas Equipment & Services,Energy,NOV
2022Q2,2022,Q2,2022-07-28,2022-06-30,69000000.0,1727000000.0,68000000.0,0.18,309000000.0,0.1789229878,9700000000.0,4909000000.0,5093000000.0,2171000000.0,4728000000.0,1591000000.0,-2166000000.0,6594900000.0,7755900000.0,12.587179487179487,2.345923537540304,0.24525773195876288,0.4846200855571399,0.008812791136850056,12.587179487179487,0.014055815848441637,3.8187029530978576,23.894565217391303,1.343430433896924,0.2753623188405797,0.8912633563796355,0.002881014116969173,0.17804123711340206,1.5089820359281436,0.00711340206185567,-39.49041916167665,0.1789229878401853,2.3846153846153846,1.8893333333333333,-0.05091908281220393,-0.6599034855108818,0.4439252336448598,2.4081632653061225,5.25,1.0125412164380432,-0.20657863087506603,-0.4283316414097534,Oil & Gas Equipment & Services,Energy,NOV
2022Q1,2022,Q1,2022-04-29,2022-03-31,-49000000.0,1548000000.0,-16000000.0,-0.13,214000000.0,0.1382428941,9553000000.0,4946000000.0,4949000000.0,1979000000.0,4543000000.0,1440000000.0,-2216000000.0,7589070000.0,8558070000.0,12.780361757105943,2.500757958564932,0.24861300115147075,0.48018600889607765,-0.0028063142069656728,12.780361757105943,-0.00990699555196118,4.9025,-38.71974489795918,1.534385361908613,-0.40816326530612246,0.9263888888888889,0.002635369024136027,0.16204333717156913,1.6695300656897423,-0.005129278760598765,-50.93335570469799,0.13824289405684753,-0.18181818181818185,0.6032730404823429,-0.13612866168868465,-0.6548081301148024,0.0594059405940594,-0.13953488372093023,0.4482758620689655,0.37514681700728214,-0.2164948453608248,-0.6471821672575184,Oil & Gas Equipment & Services,Energy,NOV
2021Q4,2021,Q4,2022-02-11,2021-12-31,-43000000.0,1517000000.0,-29000000.0,-0.11,202000000.0,0.1331575478,9550000000.0,5064000000.0,4902000000.0,1910000000.0,4486000000.0,1331000000.0,-2146000000.0,5243850000.0,5558850000.0,13.085271317829458,2.5664921465968584,0.19958115183246072,0.3763823064770932,-0.006169296987087518,13.085271317829458,-0.0084913112164297,3.4567237969676996,-30.487500000000004,1.035515402843602,-0.46511627906976744,0.9879789631855748,0.0038139916282883754,0.158848167539267,1.524607329842932,-0.0045026178010471206,-187.28035714285716,0.13315754779169414,0.38888888888888884,0.9414877061935886,-0.12891185759402812,-0.6470543747845139,0.0918918918918919,0.37681159420289856,0.32558139534883723,-4.509259259259259,-0.38046671106197455,-0.6411232484653474,Oil & Gas Equipment & Services,Energy,NOV
2021Q3,2021,Q3,2021-10-27,2021-09-30,-69000000.0,1341000000.0,-43000000.0,-0.18,185000000.0,0.13795674869500374,9567000000.0,5010000000.0,4939000000.0,1853000000.0,4489000000.0,1325000000.0,-2086000000.0,5073570000.0,5804570000.0,12.945736434108527,2.6654074473826226,0.2507578133166092,0.4788423153692615,-0.00574819019414281,12.945736434108527,-0.013772455089820359,3.7834228187919465,-18.382499999999997,1.012688622754491,0.0,0.8724528301886793,0.0,0.14016933207902163,1.8424177010253642,-0.007212292254625274,76.87227272727273,0.13795674869500374,-1.5714285714285712,0.950779177907546,-0.20845460453813333,-0.6715078351177753,-0.19913419913419914,-1.6538461538461537,-4.583333333333333,-68.57364341085272,-0.39030683854807713,-0.6471714289855364,Oil & Gas Equipment & Services,Energy,NOV
2021Q2,2021,Q2,2021-07-28,2021-06-30,-26000000.0,1417000000.0,12000000.0,-0.07,231000000.0,0.16302046577275936,9601000000.0,5108000000.0,4908000000.0,1810000000.0,4423000000.0,1322000000.0,-2017000000.0,5913520000.0,6727520000.0,13.233160621761659,2.7116022099447514,0.248515779606291,0.46711041503523887,0.0016039610865092927,13.233160621761659,-0.005090054815974941,4.1732674664784755,-56.86076923076923,1.1576977290524666,0.0,0.897125567322239,0.0,0.14758879283407977,1.8585635359116022,-0.0027080512446620146,46.199375,0.16302046577275936,0.7666666666666666,0.8835987679377283,-0.2014970005890626,-0.6921184245464311,0.4807692307692308,0.7739130434782608,1.1363636363636365,-2.0608808290155443,-0.3411053540587219,-0.6401341931636038,Oil & Gas Equipment & Services,Energy,NOV
2021Q1,2021,Q1,2021-04-28,2021-03-31,-115000000.0,1249000000.0,-88000000.0,-0.3,156000000.0,0.12489991993594876,9672000000.0,5081000000.0,4996000000.0,1934000000.0,4522000000.0,1357000000.0,-1991000000.0,5282200000.0,6222200000.0,13.197402597402597,2.5832471561530506,0.2633374689826303,0.5012792757331234,-0.010043248438250841,13.197402597402597,-0.022633339893721707,4.229143314651721,-11.483043478260871,1.0395985042314506,0.0,0.8054532056005895,0.0,0.12913564929693963,1.7833505687693898,-0.011889991728701406,-69.50263157894737,0.12489991993594876,0.6666666666666667,0.05871439484884874,-0.4442400906539783,-0.6973998181579961,3.3636363636363638,0.6685878962536023,0.707641196013289,-0.656035141329259,-0.31863690626921826,-0.6466822341129969,Oil & Gas Equipment & Services,Energy,NOV
2020Q4,2020,Q4,2021-02-12,2020-12-31,-347000000.0,1327000000.0,-301000000.0,-0.9,-66000000.0,-0.04973624717407687,9929000000.0,5210000000.0,5209000000.0,1867000000.0,4650000000.0,1408000000.0,-1876000000.0,5286050000.0,6150050000.0,13.532467532467532,2.790037493304767,0.25742773693221876,0.490595009596929,-0.03785495799193954,13.532467532467532,-0.06660268714011516,3.983458929917106,-3.8083933717579255,1.0145969289827257,0.0,0.9893465909090909,0.0,0.13364890724141404,1.9159078735940012,-0.03494813173532078,39.74473684210526,-0.04973624717407687,-5.428571428571428,0.7780781267320991,-0.5251533917955666,-0.6902474928477492,-1.474820143884892,-5.3090909090909095,-3.0675675675675675,-23.270686456400743,-0.3400579106013336,-0.6380204157981936,Oil & Gas Equipment & Services,Energy,NOV
2020Q3,2020,Q3,2020-10-27,2020-09-30,-55000000.0,1384000000.0,-74000000.0,-0.14,139000000.0,0.10043352601156069,10168000000.0,5465000000.0,5376000000.0,1884000000.0,4628000000.0,1745000000.0,-1529000000.0,3488100000.0,4557100000.0,14.194805194805195,2.8535031847133756,0.2511801730920535,0.46733760292772186,-0.003932278977246522,14.194805194805195,-0.010064043915827997,2.5203034682080925,-15.855000000000002,0.6382616651418116,0.0,0.7134670487106017,0.0,0.13611329661683713,1.816348195329087,-0.0054091266719118805,12.73029197080292,0.10043352601156069,0.4166666666666666,-1.3502304147465438,-0.586804000597104,-0.7024149854338533,0.014598540145985401,0.40860215053763443,0.26,-1.0714285714285714,-0.26144874199370116,-0.62003397057359,Oil & Gas Equipment & Services,Energy,NOV
2020Q2,2020,Q2,2020-07-28,2020-06-30,-93000000.0,1496000000.0,-100000000.0,-0.24,137000000.0,0.09157754010695188,10447000000.0,5460000000.0,5590000000.0,1954000000.0,4914000000.0,1929000000.0,-1474000000.0,4716250000.0,6050250000.0,14.181818181818182,2.8607983623336746,0.26620082320283334,0.5093406593406593,-0.007219545550353426,14.181818181818182,-0.01703296703296703,3.1525735294117645,-12.678091397849462,0.8637820512820513,0.0,0.7045101088646968,0.0,0.14319900449889922,1.7691914022517912,-0.008902077151335312,14.646739130434783,0.09157754010695188,0.9550561797752809,-1.323470992675145,-0.6153053393268282,-0.7100246401244975,-0.38839285714285715,0.9545676599902296,0.9487179487179487,-0.21423376623376628,-0.16718914967920093,-0.6168174977033288,Oil & Gas Equipment & Services,Energy,NOV
2020Q1,2020,Q1,2020-04-28,2020-03-31,-2047000000.0,1883000000.0,-1950000000.0,-5.34,224000000.0,0.11895910780669144,10690000000.0,5486000000.0,5902000000.0,2163000000.0,5136000000.0,2032000000.0,-1381000000.0,3764890000.0,5412890000.0,14.323759791122715,2.7286176606564956,0.18727782974742752,0.36492890995260663,-0.2196679374865475,14.323759791122715,-0.37313160772876414,1.9994105151354222,-0.4598058133854421,0.6862723295661685,-0.009281875915974597,0.8164370078740157,0.005046628188340164,0.17614593077642657,1.6796116504854368,-0.19148737137511693,-129.82379310344828,0.11895910780669144,-4.287128712871287,-8.01700496925798,-0.5848558551726379,-0.6937663373962839,-0.40425531914893614,-4.316883116883117,-4.587392550143266,-15.74656222802437,0.061794862950526545,-0.6131216377083442,Oil & Gas Equipment & Services,Energy,NOV
2019Q4,2019,Q4,2020-02-13,2019-12-31,-385000000.0,2281000000.0,-349000000.0,-1.01,376000000.0,0.16483998246383166,13149000000.0,7778000000.0,6113000000.0,2247000000.0,5303000000.0,2197000000.0,690000000.0,9569100000.0,11175100000.0,20.361256544502616,2.7205162438807298,0.1512662559890486,0.2557212651067112,-0.02953592990423602,20.361256544502616,-0.04949858575469272,4.1951337132836475,-6.213701298701299,1.2302777063512473,-0.04935064935064935,0.8670914883932636,0.001985557680450617,0.17347326792912007,1.6328437917222964,-0.02927979314016275,23.569211822660098,0.16483998246383166,-0.578125,-1.723283030489683,-0.5533886515183613,-0.5798252201574223,1.490066225165563,-0.5778688524590164,-1.2662337662337662,0.4692536700544092,0.3269342641070391,-0.45080111472503703,Oil & Gas Equipment & Services,Energy,NOV
2019Q3,2019,Q3,2019-10-30,2019-09-30,-244000000.0,2126000000.0,-154000000.0,-0.64,151000000.0,0.07102539981185324,14005000000.0,8057000000.0,6515000000.0,2276000000.0,5876000000.0,2537000000.0,1094000000.0,8098400000.0,10055400000.0,21.091623036649214,2.8624780316344465,0.1773652267047483,0.3083033387116793,-0.017911970414839665,21.091623036649214,-0.03028422489760457,3.809219190968956,-8.297540983606558,1.005138388978528,-0.08196721311475409,0.7784785179345683,0.002469623629358886,0.15180292752588362,1.6375219683655535,-0.017422349161013925,28.61625441696113,0.07102539981185324,0.9546420978029766,-1.3920185156056895,-0.5726551071719408,-0.5795982770653482,1.435483870967742,0.954722583039525,0.9731145251396648,0.8236655365146727,0.2713288759677594,-0.46480967325009415,Oil & Gas Equipment & Services,Energy,NOV
2019Q2,2019,Q2,2019-07-31,2019-06-30,-5389000000.0,2132000000.0,-5728000000.0,-14.11,62000000.0,0.029080675422138838,14349000000.0,8411000000.0,6766000000.0,2221000000.0,5862000000.0,2858000000.0,1358000000.0,8491860000.0,10665860000.0,22.01832460732984,3.046375506528591,0.17304341765976722,0.29520865533230295,-0.4576182239875502,22.01832460732984,-0.6407085958863393,3.9830487804878048,-0.39394414548153645,1.009613601236476,-0.0035257005010205975,0.7242827151854444,0.0022374367924106143,0.14858178270262737,1.6564610535794686,-0.3755662415499338,-66.86503937007873,0.029080675422138838,-69.55,-10.754341151494135,-0.545436159030791,-0.5582297519249404,-0.7578125,-68.98701298701299,-118.33333333333333,-23.37902622626487,0.2139976433716791,-0.4877235557917427,Oil & Gas Equipment & Services,Energy,NOV
2019Q1,2019,Q1,2019-04-26,2019-03-31,-77000000.0,1940000000.0,-48000000.0,-0.2,256000000.0,0.13195876288659794,20002000000.0,13765000000.0,6938000000.0,2103000000.0,6162000000.0,3131000000.0,6766000000.0,10351200000.0,12407200000.0,36.223684210526315,3.299096528768426,0.12413758624137586,0.18038503450780966,-0.0024780844407273177,36.223684210526315,-0.005593897566291319,5.335670103092784,-33.60779220779221,0.7519941881583727,-0.24675324675324675,0.5378473331204088,0.0018355359765051397,0.096990300969903,1.712791250594389,-0.0038496150384961505,-127.7925925925926,0.13195876288659794,-7.666666666666667,-1.1472433205254222,-0.6217668977706512,-0.31692572401175206,-0.3740831295843521,-7.416666666666667,-1.5517241379310345,0.3614551083591332,-0.1254117477338847,-0.1694355500490757,Oil & Gas Equipment & Services,Energy,NOV
2018Q4,2018,Q4,2019-02-14,2018-12-31,12000000.0,2398000000.0,87000000.0,0.03,409000000.0,0.17055879899916598,19796000000.0,13819000000.0,7279000000.0,2341000000.0,5907000000.0,2986000000.0,6862000000.0,9740300000.0,11024300000.0,36.46174142480211,3.1093549765057666,0.13694685795110123,0.19617917360156306,0.0019255455712451862,36.46174142480211,0.0008683696360083942,4.061843202668891,202.92291666666665,0.7048483971343801,1.5833333333333333,0.6661085063630274,0.001950658603944437,0.1211355829460497,1.7483981204613412,0.0006061830672863204,64.93533333333333,0.17055879899916598,10.489850631941785,-0.9794532083309943,-0.5622643413013405,-0.29963276705395847,0.04071246819338423,11.0,0.1917808219178082,1.007796028183508,-0.12832796000147342,-0.16540602854783668,Oil & Gas Equipment & Services,Energy,NOV
2018Q3,2018,Q3,2018-10-26,2018-09-30,1000000.0,2154000000.0,73000000.0,0.002611,393000000.0,0.18245125348189414,19893000000.0,13906000000.0,7221000000.0,2276000000.0,5917000000.0,3177000000.0,6869000000.0,16668419999.999998,18089420000.0,36.69129287598945,3.172671353251318,0.13642989996481175,0.19516755357399684,0.0005323998103781498,36.69129287598945,7.191140514885661e-05,7.738356545961002,4167.105,1.1986495038113043,19.0,0.554296506137866,0.0011398800846150986,0.10827929422409893,1.6612478031634446,5.026893882270145e-05,140.070756302521,0.18245125348189414,-0.9564833333333332,-0.9982326878080351,-0.581772545602136,-0.2772695813024689,0.10704225352112676,-0.9583333333333334,0.40384615384615385,-0.993531364371436,-0.34673824037849144,-0.2307905057444561,Oil & Gas Equipment & Services,Energy,NOV
2018Q2,2018,Q2,2018-07-27,2018-06-30,24000000.0,2106000000.0,52000000.0,0.06,355000000.0,0.16856600189933524,19758000000.0,13900000000.0,7008000000.0,2194000000.0,5790000000.0,3158000000.0,6888000000.0,16405200000.0,17983200000.0,36.77248677248677,3.1941659070191433,0.13741269359246888,0.19532374100719424,0.0026080850636974622,36.77248677248677,0.0017266187050359713,7.78974358974359,170.88750000000002,1.1802302158273381,0.7916666666666666,0.5544648511716276,0.0011581693609343379,0.10658973580321895,1.6175934366453966,0.0012146978439113271,93.21136363636364,0.16856600189933524,1.3333333333333333,-0.9490628643171016,-0.5762491391843293,-0.24900142072585627,0.23693379790940766,1.3529411764705883,53.0,-0.9149777558082056,-0.44841574388773164,-0.24811367987782634,Oil & Gas Equipment & Services,Energy,NOV
2018Q1,2018,Q1,2018-04-27,2018-03-31,-68000000.0,1795000000.0,-1000000.0,-0.18,287000000.0,0.15988857938718662,20010000000.0,14082000000.0,7186000000.0,2132000000.0,5859000000.0,3146000000.0,6883000000.0,13877370000.0,15354370000.0,37.352785145888596,3.3705440900562853,0.13558220889555223,0.19265729299815368,-6.237684118005642e-05,37.352785145888596,-0.004828859536997586,7.731125348189415,-51.01974264705883,0.9854686834256497,-0.27941176470588236,0.4793388429752066,0.0013691355062234415,0.08970514742628685,1.7603189493433395,-0.003398300849575212,-82.60339285714285,0.15988857938718662,-3.4999999999999996,-1.153064136028829,-0.6178062206014878,-0.22564180874258885,0.718562874251497,-3.857142857142857,0.990990990990991,-1.2368101309146915,-0.5979588804384913,-0.20141915457390042,Oil & Gas Equipment & Services,Energy,NOV
2017Q4,2017,Q4,2018-02-16,2017-12-31,-14000000.0,1969000000.0,-111000000.0,-0.04,167000000.0,0.08481462671406806,20206000000.0,14094000000.0,7217000000.0,2354000000.0,6046000000.0,3003000000.0,6966000000.0,13579540000.000002,14854540000.000002,37.38461538461539,3.065845369583687,0.13421755914084926,0.1924223073648361,-0.0006832535178323011,37.38461538461539,-0.000993330495246204,6.896668359573389,-242.49178571428575,0.9634979423868313,-1.3571428571428572,0.6000666000666001,0.0013991637419235113,0.09744630307829358,1.6767204757858964,-0.0006928635058893398,53.04507812500001,0.08481462671406806,0.4285714285714286,-1.023682078813196,-0.6086336373116465,-0.21311101567043064,-0.41403508771929826,0.46153846153846156,-14.857142857142858,-1.0266500234045872,-0.6093640596331447,-0.22853127927552824,Oil & Gas Equipment & Services,Energy,NOV
2017Q3,2017,Q3,2017-10-27,2017-09-30,-26000000.0,1835000000.0,-7000000.0,-0.07,285000000.0,0.1553133514986376,20934000000.0,14084000000.0,7825000000.0,2842000000.0,6783000000.0,3219000000.0,6999000000.0,13470209999.999998,14961209999.999998,37.358090185676396,2.7533427163969035,0.1534823731728289,0.22813121272365805,-0.0003642250101173614,37.358090185676396,-0.001846066458392502,7.340713896457765,-129.52124999999998,0.9564193410962794,-0.7307692307692307,0.48151599875737805,0.0014105199547742762,0.087656444062291,1.5130190007037299,-0.0012419986624629788,70.89584210526314,0.1553133514986376,0.65,-1.0478927203065134,-0.611085927382094,-0.18886337340796625,0.23376623376623376,0.6533333333333333,0.8870967741935484,-1.0423264762468551,-0.6262567660147016,-0.2553723602817835,Oil & Gas Equipment & Services,Energy,NOV
2017Q2,2017,Q2,2017-07-28,2017-06-30,-75000000.0,1759000000.0,-62000000.0,-0.2,231000000.0,0.1313246162592382,20887000000.0,13953000000.0,7741000000.0,2851000000.0,6865000000.0,3207000000.0,7044000000.0,12418380000.0,14102380000.0,37.0106100795756,2.715187653454928,0.15387561641212238,0.2303447287321723,-0.0030370107553074877,37.0106100795756,-0.0053751881315846056,7.0599090392268335,-41.3946,0.8900150505267683,-0.25333333333333335,0.4764577486747739,0.0015299902241677258,0.08421506200028726,1.478428621536303,-0.003590750227414181,99.34704,0.1313246162592382,0.375,-1.1397505316000613,-0.5811243008699413,-0.1642131092550675,0.10526315789473684,0.375,0.36082474226804123,-1.1375539395705403,-0.6199895514439955,-0.25742822454254843,Oil & Gas Equipment & Services,Energy,NOV
2017Q1,2017,Q1,2017-04-28,2017-03-31,-120000000.0,1741000000.0,-97000000.0,-0.32,209000000.0,0.12004595060310166,20904000000.0,13921000000.0,7744000000.0,2852000000.0,6919000000.0,3254000000.0,7138000000.0,15073840000.000002,16807840000.000002,37.023936170212764,2.7152875175315567,0.15370264064293915,0.23080238488614324,-0.005266286806322801,37.023936170212764,-0.008620070397241577,8.658150488225159,-31.403833333333335,1.0828130163063,-0.15833333333333333,0.47080516287645974,0.00126046183321569,0.08328549559892844,1.44109396914446,-0.0057405281285878304,218.46144927536236,0.12004595060310166,0.831578947368421,-1.2227722772277227,-0.5448233790378806,-0.14959138792354473,1.4553376906318083,0.8319327731092437,0.8733681462140992,-1.2319112812917674,-0.6569540253168287,-0.30183527863369325,Oil & Gas Equipment & Services,Energy,NOV
2016Q4,2016,Q4,2017-02-17,2016-12-31,-714000000.0,1692000000.0,-766000000.0,-1.9,-459000000.0,-0.2712765957446808,21140000000.0,13940000000.0,7876000000.0,3047000000.0,7137000000.0,3325000000.0,7285000000.0,14077440000.0,15883440000.0,37.07446808510638,2.5848375451263537,0.1520340586565752,0.23055954088952654,-0.0397728433040263,37.07446808510638,-0.05121951219512195,8.32,-4.9290756302521,1.0098593974175036,-0.02661064425770308,0.6469172932330827,0.0013496772140389162,0.08003784295175023,1.3639645553002955,-0.03377483443708609,156.416,-0.2712765957446808,0.4751381215469614,-2.399390243902439,-0.5530640995538859,-0.10990975651285542,-6.810126582278481,0.47577092511013214,0.35413153456998314,-2.2322883657763697,-0.6886746597537264,-0.28786334357442983,Oil & Gas Equipment & Services,Energy,NOV
2016Q3,2016,Q3,2016-10-28,2016-09-30,-1362000000.0,1646000000.0,-1186000000.0,-3.62,79000000.0,0.0479951397326853,22194000000.0,14818000000.0,8711000000.0,2615000000.0,7306000000.0,4161000000.0,8018000000.0,13814240000.0,15520240000.0,39.409574468085104,3.331166347992352,0.14490402811570693,0.21703333783236603,-0.07210852526863333,39.409574468085104,-0.09191523822378189,8.392612393681652,-2.535653450807636,0.932260763935754,-0.013950073421439061,0.376592165344869,0.0013753923487647528,0.07416418851941967,1.561376673040153,-0.06136793728034604,-6907.12,0.0479951397326853,-5.241379310344828,-3.8733602623580228,-0.5060501763568097,-0.029366147686943293,1.2571428571428571,-5.276497695852535,-3.3925925925925924,-3.4262846246487353,-0.6778574920153041,-0.22372595721069707,Oil & Gas Equipment & Services,Energy,NOV
2016Q2,2016,Q2,2016-08-03,2016-06-30,-217000000.0,1724000000.0,-270000000.0,-0.58,35000000.0,0.020301624129930394,23784000000.0,16118000000.0,9204000000.0,2947000000.0,7598000000.0,4287000000.0,9399000000.0,12618750000.0,14237750000.0,42.98133333333333,3.123176111299627,0.13790783720147998,0.20349919344831865,-0.008936137502127654,42.98133333333333,-0.013463208834843032,7.319460556844548,-14.537730414746543,0.7828980022335277,-0.08755760368663594,0.3939818054583625,0.0015056958890539872,0.07248570467541204,1.5252799457074993,-0.009123780692902792,247.4264705882353,0.020301624129930394,-0.8124999999999999,-1.5076867636867637,-0.44774418825315493,0.08029319039110573,-0.8565573770491803,-0.8235294117647058,-0.42857142857142855,-1.464241054613936,-0.650336725584717,-0.12219914665132563,Oil & Gas Equipment & Services,Energy,NOV
2016Q1,2016,Q1,2016-05-05,2016-03-31,-119000000.0,2189000000.0,-189000000.0,-0.32,244000000.0,0.11146642302421197,24754000000.0,16355000000.0,10048000000.0,3435000000.0,8321000000.0,4534000000.0,9635000000.0,11662500000.0,13282500000.0,43.61333333333334,2.9251819505094616,0.13650319140340955,0.20660348517273006,-0.004788689571298267,43.61333333333334,-0.007276062366248854,5.327775239835542,-24.501050420168067,0.7130846835830021,-1.453781512605042,0.4289810322011469,0.014833869239013933,0.08843015270259352,1.458806404657933,-0.004807303870081603,21.717877094972067,0.11146642302421197,0.9211822660098522,-1.3274692874692875,-0.2206993006993007,0.12453803180060177,-0.3711340206185567,0.9218647406434668,0.8841911764705882,-1.2692908366533866,-0.5314294328245713,-0.09585478612097909,Oil & Gas Equipment & Services,Energy,NOV
2015Q4,2015,Q4,2016-02-19,2015-12-31,-1523000000.0,2722000000.0,-1632000000.0,-4.06,388000000.0,0.14254224834680382,26725000000.0,16383000000.0,11801000000.0,4249000000.0,10265000000.0,4678000000.0,9927000000.0,12558750000.0,14408750000.0,43.688,2.777359378677336,0.1470533208606174,0.23988280534700604,-0.07304748781921354,43.688,-0.0929622169321858,4.613795003673769,-2.061515101772817,0.7665720563999268,-0.11359159553512804,0.4989311671654553,0.013775256295411565,0.10185219831618335,1.472346434455166,-0.056987839101964456,25.474137931034484,0.14254224834680382,-10.902439024390244,-4.876727272727273,-0.038890290037831,0.16516129032258076,-0.4226190476190476,-10.825806451612904,-7.9743589743589745,-3.5900119760479043,-0.4560788038698329,-0.08043440881466474,Oil & Gas Equipment & Services,Energy,NOV
2015Q3,2015,Q3,2015-10-30,2015-09-30,155000000.0,3306000000.0,234000000.0,0.41,672000000.0,0.20326678765880218,29628000000.0,18126000000.0,12933000000.0,5193000000.0,11422000000.0,5172000000.0,13398000000.0,14307000000.0,16444000000.0,47.7,2.4904679376083187,0.13443364385041176,0.21973960057376143,0.008599439142430684,47.7,0.008551252344698224,4.327586206896552,23.075806451612902,0.7893081761006289,1.1225806451612903,0.5092807424593968,0.012161878800587125,0.1115836371000405,1.317157712305026,0.005231537734575402,45.85576923076923,0.20326678765880218,-0.445945945945946,-0.5789799374674309,0.20488209897044155,0.30124950935496536,-0.21403508771929824,-0.46366782006920415,-0.4657534246575342,-0.7167397660818713,-0.3048505358150029,0.03568509246960263,Oil & Gas Equipment & Services,Energy,NOV
2015Q2,2015,Q2,2015-08-05,2015-06-30,289000000.0,3909000000.0,438000000.0,0.74,855000000.0,0.21872601688411358,31225000000.0,18927000000.0,14167000000.0,5672000000.0,12220000000.0,5394000000.0,13417000000.0,18684360000.0,20445360000.0,48.906976744186046,2.4977080394922426,0.1378702962369896,0.22745284514186084,0.013790397581957683,48.906976744186046,0.015269192159349078,4.77983115886416,16.16294117647059,0.9871802187351403,0.615916955017301,0.5661846496106785,0.009526684349905482,0.12518815052041632,1.380465444287729,0.009255404323458767,207.604,0.21872601688411358,-0.026315789473684233,-0.2234336639022599,0.43217383740698867,0.3847236082513295,-0.2735768903993203,-0.06774193548387097,-0.23157894736842105,-0.4754094859803106,-0.09319191859646363,0.1044349158490473,Oil & Gas Equipment & Services,Energy,NOV
2015Q1,2015,Q1,2015-05-05,2015-03-31,310000000.0,4820000000.0,570000000.0,0.76,1177000000.0,0.2441908713692946,32424000000.0,19037000000.0,15299000000.0,6667000000.0,13302000000.0,5378000000.0,13306000000.0,20345930000.0,21566930000.0,46.77395577395578,2.2947352632368383,0.13092153960029607,0.22298681514944582,0.015264943148118805,46.77395577395578,0.016284078373693334,4.221147302904565,16.40800806451613,1.0687571571150916,0.5967741935483871,0.6773893640758646,0.009092727636436378,0.14865531704909943,1.3460326983650817,0.009560819146311374,-1271.620625,0.2441908713692946,-0.4532374100719424,-0.2473537734201241,0.6287689704576248,0.3482228214377243,-0.23621025308241403,-0.4789915966386555,-0.37568455640744797,-0.4683387257644684,0.16418406448617934,0.07435834558988352,Oil & Gas Equipment & Services,Energy,NOV
2014Q4,2014,Q4,2015-02-17,2014-12-31,595000000.0,5709000000.0,913000000.0,1.39,1541000000.0,0.2699246803293046,33562000000.0,20692000000.0,16162000000.0,7374000000.0,12790000000.0,5281000000.0,13181000000.0,27981310000.0,27611310000.0,48.459016393442624,2.1917548142120964,0.09433287646743341,0.15300599265416587,0.027525358370357952,48.459016393442624,0.02875507442489851,4.901262918199334,11.75685294117647,1.3522767253044654,0.32941176470588235,0.7892444612762735,0.007004675620977003,0.17010309278350516,1.333062110116626,0.017728383290626305,55.408534653465345,0.2699246803293046,-0.1419753086419754,0.4747857202296746,0.7789724843037531,0.4318295072674536,0.008507853403141362,-0.14878397711015737,-0.07591093117408906,0.026874964299994312,0.32789854574388,0.16341244874432323,Oil & Gas Equipment & Services,Energy,NOV
2014Q3,2014,Q3,2014-11-03,2014-09-30,699000000.0,5587000000.0,988000000.0,1.62,1528000000.0,0.27349203508143904,34270000000.0,21523000000.0,16670000000.0,7201000000.0,12651000000.0,5464000000.0,12782000000.0,32646899999.999996,31701899999.999996,50.17016317016317,2.3149562560755452,0.09180040852057193,0.1461692143288575,0.02853174403080526,50.17016317016317,0.032476885192584674,5.84336853409701,11.676287553648068,1.5168378014217347,0.2832618025751073,0.7428623718887262,0.006064894369756394,0.16302888824044354,1.4148034995139565,0.020396848555587977,93.0111111111111,0.27349203508143904,0.1250000000000001,0.7605667060212514,0.755003877452857,0.4728855242616711,0.05017182130584193,0.12924071082390953,0.08214676889375684,0.2924706872075294,0.46947508819166556,0.2356606080196602,Oil & Gas Equipment & Services,Energy,NOV
2014Q2,2014,Q2,2014-08-04,2014-06-30,619000000.0,5255000000.0,913000000.0,1.44,1455000000.0,0.2768791627021884,33827000000.0,21332000000.0,16003000000.0,6915000000.0,12409000000.0,5198000000.0,12281000000.0,35245800000.0,34508800000.0,49.8411214953271,2.314244396240058,0.09306175540248914,0.14757172323270204,0.025434616735832073,49.8411214953271,0.02901743858991187,6.707098001902949,14.23497576736672,1.6522501406337895,0.3198707592891761,0.7310504040015391,0.005617690618456668,0.15534927720459987,1.4286334056399133,0.018298991929523754,50.207692307692305,0.2768791627021884,0.05109489051094879,1.7347493627867459,0.696898189834508,0.5339133344718558,0.042263610315186245,0.050933786078098474,0.06039488966318235,0.2688616006373014,0.47490229880470686,0.2527071632536055,Oil & Gas Equipment & Services,Energy,NOV
2014Q1,2014,Q1,2014-05-05,2014-03-31,589000000.0,5777000000.0,861000000.0,1.37,1396000000.0,0.2416479141422884,35480000000.0,22697000000.0,17211000000.0,7098000000.0,12688000000.0,5659000000.0,13801000000.0,33328360000.000004,32789360000.000004,53.0303738317757,2.4247675401521556,0.08875422773393461,0.138740802749262,0.023110929673420363,53.0303738317757,0.025950566154117283,5.769146615890602,14.146162988115451,1.4684037538000618,0.18845500848896435,0.7741650468280615,0.0033304969101389924,0.16282412626832019,1.4818258664412511,0.01660090191657272,93.35675070028012,0.2416479141422884,-0.10457516339869276,0.21805527937959832,0.6130502836492897,0.6864639946501558,-0.0674682698730795,-0.10486322188449848,-0.10031347962382445,0.42012445750763505,0.8019766978985331,0.3673495616272205,Oil & Gas Equipment & Services,Energy,NOV
2013Q4,2013,Q4,2014-02-14,2013-12-31,658000000.0,6172000000.0,957000000.0,1.53,1497000000.0,0.24254698639014907,34812000000.0,22230000000.0,16423000000.0,6678000000.0,12482000000.0,5603000000.0,13323000000.0,33959310000.0,33673310000.0,52.06088992974239,2.4592692422881104,0.0904860392967942,0.1417004048582996,0.026714074682193993,52.06088992974239,0.029599640125955916,5.502156513285807,12.90247340425532,1.527634278002699,0.16869300911854104,0.8343744422630733,0.0032686176485918,0.17729518556819487,1.478137166816412,0.01890152820866368,25.475851462865716,0.24254698639014907,0.02684563758389264,0.09581056466302364,0.578132996147282,0.7150788915370169,0.023939808481532147,0.03459119496855346,0.011627906976744186,0.4709388971684052,0.9138775763339052,0.3884667113596523,Oil & Gas Equipment & Services,Energy,NOV
2013Q3,2013,Q3,2013-11-04,2013-09-30,636000000.0,5789000000.0,946000000.0,1.49,1462000000.0,0.2525479357401969,34673000000.0,21627000000.0,16255000000.0,6317000000.0,12948000000.0,6078000000.0,12776000000.0,33274860000.0,34282860000.0,50.767605633802816,2.5732151337660283,0.1081244772589623,0.17334812965274887,0.02579939816155232,50.767605633802816,0.02940768483839645,5.747946104681292,13.079740566037735,1.5385795533361077,0.17452830188679244,0.7119118130964133,0.003335851751141853,0.16695988232918985,1.4535380718695583,0.01834280275718859,39.3785325443787,0.2525479357401969,0.20161290322580647,0.1331432083462984,0.5641353473965214,0.71713413521003,0.15481832543443919,0.1977401129943503,0.23016905071521457,0.5409984660437875,0.881998400232013,0.3849333736291884,Oil & Gas Equipment & Services,Energy,NOV
2013Q2,2013,Q2,2013-08-05,2013-06-30,531000000.0,5601000000.0,769000000.0,1.24,1266000000.0,0.22603106588109267,33593000000.0,20859000000.0,15221000000.0,5619000000.0,12642000000.0,6083000000.0,12251000000.0,29670900000.000004,31463900000.000004,48.96478873239437,2.7088449902117815,0.12264459857708451,0.19751665947552616,0.02123024899357018,48.96478873239437,0.02545663742269524,5.297429030530263,13.969350282485879,1.4224507406874731,0.20903954802259886,0.7126417885911557,0.0037410392000242656,0.1667311642306433,1.4591564335290976,0.015806864525347544,139.95707547169812,0.22603106588109267,0.05982905982905989,0.18736201892407314,0.5888052277324375,0.656238369945841,0.0015822784810126582,0.05776892430278884,0.023968042609853527,0.2962136911243018,0.8642193179478094,0.38636046315918326,Oil & Gas Equipment & Services,Energy,NOV
2013Q1,2013,Q1,2013-05-07,2013-03-31,502000000.0,5307000000.0,751000000.0,1.17,1264000000.0,0.238175993970228,33556000000.0,20549000000.0,14994000000.0,5546000000.0,12877000000.0,6135000000.0,11831000000.0,29722020000.0,31630020000.0,48.237089201877936,2.703570140641904,0.12960424365240195,0.21164046912258505,0.0208308462061121,48.237089201877936,0.024429412623485327,5.600531373657433,14.801802788844622,1.4463973916005644,0.11155378486055777,0.6590057049714751,0.001884124968625955,0.15815353439027297,1.4520375045077534,0.014960066754082728,87.93497041420119,0.238175993970228,-0.25000000000000006,0.05540638195369391,0.6519712225838835,1.4084051856073487,-0.09325681492109039,-0.24850299401197604,-0.16832779623477298,0.16444162605967558,0.7133510163885689,0.3903965021900254,Oil & Gas Equipment & Services,Energy,NOV
2012Q4,2012,Q4,2013-02-22,2012-12-31,668000000.0,5685000000.0,903000000.0,1.56,1394000000.0,0.2452066842568162,31484000000.0,20239000000.0,15678000000.0,5649000000.0,11128000000.0,5891000000.0,11385000000.0,29117099999.999996,28947099999.999996,47.509389671361504,2.775358470525757,0.1000190572989455,0.15559069123968575,0.02961099306718568,47.509389671361504,0.033005583279806315,5.12174142480211,10.897118263473054,1.4386629774198327,0.08383233532934131,0.7283992530979461,0.001923268457366977,0.1805679075085758,1.569127279164454,0.02121712615931902,48.60951585976627,0.2452066842568162,0.090909090909091,0.4823242614700681,0.7872727735021208,1.5397204284342378,0.016776075857038657,0.0915032679738562,0.005567928730512249,0.659612497318939,0.7756523185058019,0.40377067193068417,Oil & Gas Equipment & Services,Energy,NOV
2012Q3,2012,Q3,2012-11-02,2012-09-30,612000000.0,5319000000.0,898000000.0,1.43,1371000000.0,0.2577552171460801,28662000000.0,19574000000.0,13667000000.0,5681000000.0,8979000000.0,5989000000.0,10773000000.0,34233750000.0,34060750000.0,46.05647058823529,2.405738426333392,0.05334589351754937,0.07811382446101972,0.029650908028628468,46.05647058823529,0.031265965055686115,6.436125211505922,13.984375,1.748939920302442,0.08333333333333333,0.6592085490065119,0.0014897579143389199,0.1855767217919196,1.1969723640204188,0.021352313167259787,4279.21875,0.2577552171460801,0.007042253521126767,0.3986885245901638,0.724825376554964,1.5796964335530175,0.04977029096477795,0.011570247933884297,0.02161547212741752,0.5559480519480519,0.6865443320185218,0.3521165677280086,Oil & Gas Equipment & Services,Energy,NOV
2012Q2,2012,Q2,2012-08-06,2012-06-30,605000000.0,4734000000.0,879000000.0,1.42,1306000000.0,0.2758766370933671,27833000000.0,18820000000.0,13014000000.0,6481000000.0,8902000000.0,5501000000.0,10212000000.0,27387000000.0,26918000000.0,44.28235294117647,2.0080234531708068,0.05202457514461251,0.0769394261424017,0.029434106090006094,44.28235294117647,0.032146652497343255,5.785171102661597,11.31694214876033,1.4552072263549416,0.08429752066115702,0.6231594255589893,0.00186219739292365,0.1700858692918478,1.0384199969140564,0.021736787266913377,-69.68702290076335,0.2758766370933671,0.0,0.583983747345092,0.6552472048402571,1.7013797886828368,0.030781373322809787,-0.0016501650165016502,0.002280501710376283,1.691764705882353,0.5394520226695328,0.3628363411651559,Oil & Gas Equipment & Services,Energy,NOV
2012Q1,2012,Q1,2012-05-08,2012-03-31,606000000.0,4303000000.0,877000000.0,1.42,1267000000.0,0.29444573553334885,26287000000.0,18416000000.0,12836000000.0,5445000000.0,7767000000.0,4528000000.0,9658000000.0,33615810000.0,30735810000.0,43.536643026004725,2.3573921028466485,0.019401224940084453,0.02769331016507385,0.03205999516535069,43.536643026004725,0.03290616854908775,7.812179874506159,13.867908415841583,1.8253589270199828,0.08415841584158416,0.6704946996466431,0.0015171432727636193,0.16369308022977136,1.3829201101928374,0.02305322022292388,-189.91983050847458,0.29444573553334885,0.046445993031358865,0.8267385397628395,0.6524507224226935,1.8530803078345963,-0.006274509803921568,0.05574912891986063,0.03419811320754717,0.26802474724611447,0.21568283888966985,0.38454579151578355,Oil & Gas Equipment & Services,Energy,NOV
2011Q4,2011,Q4,2012-02-23,2011-12-31,574000000.0,4259000000.0,848000000.0,1.3569739952718676,1275000000.0,0.29936604836816155,25515000000.0,17619000000.0,12110000000.0,5416000000.0,7787000000.0,4030000000.0,9103000000.0,28759769999.999996,25734769999.999996,41.652482269503544,2.235967503692762,0.019988242210464434,0.028946024178443726,0.03179428410350574,41.652482269503544,0.03257846642828764,6.752704860295843,12.526032229965157,1.6323156819342755,0.08885017421602788,0.7404466501240695,0.0017733104263351201,0.16692141877327063,1.3698301329394387,0.022496570644718793,63.06967105263157,0.29936604836816155,0.08557919621749406,0.9957502154541932,0.7040066753850635,1.9169589454387075,0.09536082474226804,0.07894736842105263,0.09844559585492228,-0.03504071447333861,0.09929140059908864,0.3721873217486676,Oil & Gas Equipment & Services,Energy,NOV
2011Q3,2011,Q3,2011-11-04,2011-09-30,532000000.0,3740000000.0,772000000.0,1.25,1164000000.0,0.31122994652406416,24544000000.0,17134000000.0,12038000000.0,4744000000.0,7305000000.0,3907000000.0,8580000000.0,21614840000.0,18256840000.0,40.60189573459716,2.5375210792580103,0.020860495436766623,0.029882105754639898,0.029614905099434173,40.60189573459716,0.03104937551068052,5.7793689839572195,10.157349624060151,1.2615174506828528,0.08834586466165413,0.6593294087535193,0.0021744320106001245,0.1523794002607562,1.5830522765598651,0.021675358539765318,42.46530451866405,0.31122994652406416,0.10619469026548684,1.5041945543252484,0.7486842803253959,1.9873621006956421,0.07479224376731301,0.10602910602910603,0.0903954802259887,-0.04316629559026244,0.020092445668748255,0.37329504217733,Oil & Gas Equipment & Services,Energy,NOV
2011Q2,2011,Q2,2011-08-05,2011-06-30,481000000.0,3513000000.0,708000000.0,1.13,1083000000.0,0.30828351836037576,23756000000.0,16790000000.0,11226000000.0,4250000000.0,6851000000.0,3756000000.0,8095000000.0,33004619999.999996,30077619999.999996,39.78672985781991,2.6414117647058823,0.021594544536117193,0.03055390113162597,0.027819440176333865,39.78672985781991,0.028648004764740918,9.394995730145174,17.154168399168398,1.9657307921381773,0.09771309771309772,0.646964856230032,0.0014240430582142744,0.1478784307122411,1.5971764705882352,0.0202475164169052,41.307409261576964,0.30828351836037576,0.17708333333333326,1.700402795535603,0.7599586401815895,2.043347408190551,0.11076923076923077,0.18181818181818182,0.1625615763546798,0.08575254527207078,0.005959243017811812,0.3457897054418445,Oil & Gas Equipment & Services,Energy,NOV
2011Q1,2011,Q1,2011-05-06,2011-03-31,407000000.0,3146000000.0,609000000.0,0.96,975000000.0,0.30991735537190085,23156000000.0,16289000000.0,10739000000.0,4132000000.0,6755000000.0,3570000000.0,7661000000.0,33293400000.0,30948400000.0,38.78333333333333,2.5989835430784125,0.030877526343064433,0.04389465283320032,0.024400170895212438,38.78333333333333,0.02498618699736018,10.582771773680864,20.450491400491398,2.043919209282338,0.11302211302211303,0.6081232492997198,0.0013816552229571027,0.1358611159094835,1.5878509196515005,0.017576438072205908,-320.12884615384615,0.30991735537190085,-0.08363636363636372,1.8128963306020662,0.7301721694101639,2.109291273503685,-0.022066198595787363,-0.075,-0.02403846153846154,-0.1320979448117275,-0.006718339380140215,0.9363933989512352,Oil & Gas Equipment & Services,Energy,NOV
2010Q4,2010,Q4,2011-02-23,2010-12-31,440000000.0,3172000000.0,624000000.0,1.0476190476190477,997000000.0,0.31431273644388397,23050000000.0,15748000000.0,10535000000.0,4536000000.0,7188000000.0,3388000000.0,7300000000.0,28245000000.0,25799000000.0,37.49523809523809,2.322530864197531,0.038481561822125816,0.0563246126492253,0.026312079628662034,37.49523809523809,0.02794005588011176,8.904476670870114,16.048295454545453,1.7935610871221743,0.10454545454545454,0.6419716646989374,0.0016286068330677995,0.13761388286334056,1.4490740740740742,0.01908893709327549,39.50349650349651,0.31431273644388397,0.09126984126984136,2.6006749156355453,0.9146881287726357,2.121772243301975,0.05502645502645503,0.0891089108910891,0.04697986577181208,-0.009670446357465104,0.011471983580750349,1.0043916122308052,Oil & Gas Equipment & Services,Energy,NOV
2010Q3,2010,Q3,2010-11-05,2010-09-30,404000000.0,3011000000.0,596000000.0,0.96,945000000.0,0.3138492195283959,22231000000.0,15286000000.0,10326000000.0,3872000000.0,6827000000.0,3562000000.0,6906000000.0,18543990000.0,16343990000.0,36.65707434052758,2.666838842975207,0.039134541855966896,0.0569148240219809,0.026009928502510642,36.65707434052758,0.02642941253434515,6.158747924277649,11.475241336633664,1.2131355488682454,0.10396039603960396,0.5800112296462662,0.002264884741633273,0.13544150060726012,1.4147727272727273,0.018172821735414513,47.42708439897698,0.3138492195283959,0.0,2.8030484087306426,1.028665268351433,2.085920378486268,0.018318965517241378,0.007481296758104738,0.010169491525423728,-0.058969218068168516,-0.004872395938647316,1.0532212462867785,Oil & Gas Equipment & Services,Energy,NOV
2010Q2,2010,Q2,2010-08-06,2010-06-30,401000000.0,2941000000.0,590000000.0,0.96,928000000.0,0.31553893233594016,21648000000.0,14728000000.0,9826000000.0,3937000000.0,6811000000.0,3443000000.0,6544000000.0,13790190000.0,11973190000.0,35.3189448441247,2.495808991617983,0.04023466371027347,0.05913905486148832,0.025797182922639685,35.3189448441247,0.0272270505160239,4.688945936756205,8.597375311720699,0.9363246876697447,0.10473815461346633,0.5846645367412141,0.003045643316009424,0.13585550628233556,1.492760985521971,0.018523651145602366,98.50135714285715,0.31553893233594016,-0.04950495049504955,4.414672183821571,0.9991612533778192,2.05924703229574,-0.035343035343035345,-0.04976303317535545,-0.07378335949764521,0.07002172202583307,0.04805122315833432,1.1545802655577577,Oil & Gas Equipment & Services,Energy,NOV
2010Q1,2010,Q1,2010-05-07,2010-03-31,422000000.0,3032000000.0,637000000.0,1.01,962000000.0,0.31728232189973615,21466000000.0,14467000000.0,9545000000.0,3744000000.0,6886000000.0,3423000000.0,6185000000.0,16921860000.0,15193860000.0,34.69304556354916,2.549412393162393,0.04099506195844591,0.060828091518628606,0.02823249435779572,34.69304556354916,0.029169834796433262,5.5810883905013196,10.024798578199052,1.1696868735743415,0.0995260663507109,0.6047326906222612,0.0024819966599416376,0.1412466225659182,1.5056089743589745,0.019658995620982018,264.4040625,0.31728232189973615,0.06895939086294416,4.986662355508851,0.8790883111402643,0.8578943690391734,-0.017364657814096015,0.07106598984771574,0.047697368421052634,0.29038863870846054,0.1811109084750485,1.2735341596513972,Oil & Gas Equipment & Services,Energy,NOV
2009Q4,2009,Q4,2010-02-26,2009-12-31,394000000.0,3134000000.0,608000000.0,0.9448441247002398,979000000.0,0.31238034460753034,21532000000.0,14113000000.0,9598000000.0,4174000000.0,7304000000.0,3490000000.0,5805000000.0,18385530000.0,16646530000.0,33.84412470023981,2.2994729276473405,0.04100873119078581,0.06256642811592149,0.02757001867164577,33.84412470023981,0.027917522851271876,5.866474154435227,11.665945431472082,1.3027371926592504,0.0,0.6174785100286533,0.0,0.14555080809957274,1.3294202204120746,0.018298346646851198,296.5408064516129,0.31238034460753034,0.027004483369825843,2.97809221635087,1.3643101985709865,4.4979733584314285,0.09876543209876543,0.023376623376623377,0.011647254575707155,0.38961606634424906,0.27194096937776663,1.3701329888612253,Oil & Gas Equipment & Services,Energy,NOV
2009Q3,2009,Q3,2009-11-06,2009-09-30,385000000.0,3087000000.0,601000000.0,0.92,891000000.0,0.2886297376093295,22362000000.0,14170000000.0,10407000000.0,4989000000.0,8083000000.0,3767000000.0,5871000000.0,17942080000.0,15634080000.0,34.0625,2.0859891761876126,0.03953134782219837,0.062385321100917435,0.02668424758950679,34.0625,0.027170077628793227,5.81214123744736,11.650701298701298,1.2662018348623854,0.0,0.5829572604194319,0.0,0.13804668634290315,1.204249348566847,0.017216706913513995,27.990764430577222,0.2886297376093295,0.7358490566037735,4.712380313010501,1.0595661511589693,3.9532357557497217,0.018285714285714287,0.75,0.5569948186528497,0.8383842233644048,0.46418365227775193,1.5062135576156719,Oil & Gas Equipment & Services,Energy,NOV
2009Q2,2009,Q2,2009-08-10,2009-06-30,220000000.0,3010000000.0,386000000.0,0.53,875000000.0,0.29069767441860467,21939000000.0,13517000000.0,9910000000.0,5167000000.0,8334000000.0,3825000000.0,5486000000.0,13586559999.999998,12181559999.999998,32.49278846153846,1.9179407780143216,0.0401567983955513,0.0651771842864541,0.0168602264951026,32.49278846153846,0.01627580084338241,4.513807308970099,15.439272727272725,1.0051461123030259,0.0,0.5581699346405229,0.0,0.13719859610738866,1.060383201083801,0.010027804366652992,31.161834862385316,0.29069767441860467,-0.5309734513274336,3.242984595242976,1.3269440718028491,3.9165509174625575,-0.15784408084696824,-0.5319148936170213,-0.4638888888888889,0.25292557341238886,0.5297128960095051,1.485422750316112,Oil & Gas Equipment & Services,Energy,NOV
2009Q1,2009,Q1,2009-05-06,2009-03-31,470000000.0,3481000000.0,720000000.0,1.13,1039000000.0,0.2984774490089055,22080000000.0,13081000000.0,10190000000.0,5768000000.0,8907000000.0,3833000000.0,5266000000.0,11943360000.0,10584360000.0,31.44471153846154,1.7666435506241331,0.03953804347826087,0.06673801697117958,0.03481584182141567,31.44471153846154,0.035929974772570906,3.431014076414823,6.352851063829788,0.913031113829218,0.0,0.6370988781633186,0.0,0.15765398550724638,0.9951456310679612,0.021286231884057972,16.916940509915015,0.2984774490089055,-0.19644444444444453,16.59960921056324,1.88016309171225,3.831733109262401,-0.12937824702530584,-0.19658119658119658,-0.1695501730103806,2.2795415307884137,0.932816332034152,1.5209480150677894,Oil & Gas Equipment & Services,Energy,NOV
2008Q4,2008,Q4,2009-03-02,2008-12-31,585000000.0,3810200000.0,867000000.0,1.40625,1193400000.0,0.31321190488688255,21478700000.0,12627600000.0,9657200000.0,5623500000.0,8755200000.0,3806000000.0,4796100000.0,10167040000.0,9498140000.0,30.35480769230769,1.7172935004890193,0.04068681996582661,0.06920554974817067,0.043254520810358084,30.35480769230769,0.04632709303430581,2.6683743635504698,4.344888888888889,0.8051442871171086,0.0,0.6875459800315291,0.0,0.17739434881999377,0.8319907530897128,0.02723628525003841,21.44492723054208,0.31321190488688255,0.07347328244274805,15.471864069679722,1.949596903211808,3.7544207971216976,0.0849090909090909,0.0681029760817966,0.097051752499051,3.833292322834645,1.322034127843987,1.5272754866610665,Oil & Gas Equipment & Services,Energy,NOV
2008Q3,2008,Q3,2008-11-04,2008-09-30,547700000.0,3611600000.0,790300000.0,1.31,1100000000.0,0.304574149961236,21734900000.0,12290300000.0,9808600000.0,5660500000.0,9354300000.0,3627400000.0,4211100000.0,20880611000.0,20627611000.0,29.56531152273274,1.732815122339016,0.06956093655825424,0.12301571157742285,0.03876866801127903,29.56531152273274,0.044563598935746074,5.781540314542031,9.531043910900127,1.6989504731373521,0.0,0.6923967580084909,0.0,0.1661659358911244,0.9773518240438124,0.025199103745588893,85.19221134230926,0.304574149961236,0.25961538461538464,8.858844991984821,1.9615855953079502,3.6717079890238926,0.1207335710646969,0.2987906094379891,0.14254734711580164,4.171889767311009,1.4409299335882624,1.4889110482946069,Oil & Gas Equipment & Services,Energy,NOV
2008Q2,2008,Q2,2008-08-08,2008-06-30,421700000.0,3324200000.0,691700000.0,1.04,981500000.0,0.2952590096865411,21271500000.0,11875800000.0,9402200000.0,5752300000.0,9303000000.0,3484100000.0,3663400000.0,35638824000.0,35699924000.0,29.56385362210605,1.634511412826174,0.08055379263333569,0.14428501658835616,0.03183421749573871,29.56385362210605,0.03550918674952424,10.721022802478792,21.128067346454824,3.000961956247158,0.0,0.6723974627593927,0.0,0.1562748278212632,0.9165725014342089,0.019824648003196766,55.049156626506026,0.2952590096865411,-0.06306306306306311,7.707675092057185,1.9397214644461949,3.7504877275472683,0.23211147376349486,0.060613682092555334,0.21671064204045734,4.911063437905243,1.3457091927867886,1.5607540614764086,Oil & Gas Equipment & Services,Energy,NOV
2008Q1,2008,Q1,2008-05-09,2008-03-31,397600000.0,2685400000.0,568500000.0,1.11,796600000.0,0.296641096298503,13100500000.0,7132200000.0,8465100000.0,4497900000.0,5904700000.0,2821400000.0,3241700000.0,20789118000.0,19392718000.0,20.028643639427127,1.8820116054158607,0.05671539254226938,0.10417542974117383,0.04908385515418787,20.028643639427127,0.05574717478477889,7.741534966857824,13.071628521126762,2.9148254395558175,0.0,0.6694548805557524,0.0,0.20498454257471088,1.148135796705129,0.030349986641731233,37.86724590163934,0.296641096298503,0.04929917706397679,8.75257112345844,1.5219890421140772,2.3159262262210065,0.00695234483630388,0.05548181576851606,-0.010788237341221507,5.60515131149248,0.9489067507727547,0.07258107879350877,Oil & Gas Equipment & Services,Energy,NOV
2007Q4,2007,Q4,2008-02-29,2007-12-31,376700000.0,2658900000.0,574700000.0,1.0578489188430216,791100000.0,0.2975290533679341,12114900000.0,6661400000.0,7593800000.0,4026700000.0,5390700000.0,2574700000.0,2845600000.0,26159105999.999996,25208005999.999996,18.706543105869137,1.8858618720043707,0.07352103607953842,0.13371063139880507,0.05119786834231997,18.706543105869137,0.05654967424265169,9.838318853661287,17.36070215025219,3.9269682048818564,0.0,0.7254437410183711,0.0,0.21947354084639575,1.1386743487222788,0.03109394217038523,67.89282636906306,0.2975290533679341,0.03710678317943289,9.315259308345325,2.1754546290555536,2.355202223641945,0.06862082939348912,0.029234972677595627,0.05372203887055372,3.4538780949288355,1.3489379729839561,2.0388753302190996,Oil & Gas Equipment & Services,Energy,NOV
2007Q3,2007,Q3,2007-11-05,2007-09-30,366000000.0,2579500000.0,545400000.0,1.02,740300000.0,0.28699360341151386,11345800000.0,6346900000.0,6832800000.0,3644900000.0,4949200000.0,2252100000.0,2468900000.0,26093700000.000004,25453900000.000004,17.853445850914206,1.8746193311201953,0.07458266495090694,0.13332493028092454,0.051235266796312975,17.853445850914206,0.05766594715530417,10.115797635200622,17.82356557377049,4.111251161984591,0.0,0.8166600062164202,0.0,0.22735285303812866,1.1340777524760624,0.03225863315059317,73.00979294907667,0.28699360341151386,0.13966480446927373,8.3922244623081,2.2032144060306926,2.1395172270314635,0.08262649897630886,0.14913657770800628,0.09694288012872083,5.354643556269581,1.0138558174463825,1.5961783883182317,Oil & Gas Equipment & Services,Energy,NOV
2007Q2,2007,Q2,2007-08-02,2007-06-30,318500000.0,2384900000.0,497200000.0,0.895,683800000.0,0.28672061721665476,10310300000.0,5809500000.0,5949300000.0,3220000000.0,4456600000.0,2243200000.0,2102900000.0,18471328000.0,18289328000.0,16.392494356659142,1.847608695652174,0.08250972328642231,0.1464325673465875,0.048623191254081224,16.392494356659142,0.054823995180308116,7.7451163570799615,14.498687598116168,3.1795039159996556,0.0,0.7583363052781741,0.0,0.2313123769434449,1.0432608695652175,0.03089143865842895,-813.7148898678414,0.28672061721665476,0.15483870967741933,7.581674490795042,1.92675398501183,1.9254571064680401,0.111869918699187,0.15440376948169626,0.16413018028564738,6.210374601520026,1.1641593760138589,1.480382170466275,Oil & Gas Equipment & Services,Energy,NOV
2007Q1,2007,Q1,2007-05-07,2007-03-31,275900000.0,2165700000.0,427100000.0,0.775,615000000.0,0.2839728494251281,9670100000.0,5368300000.0,5533800000.0,3015100000.0,4262000000.0,1993100000.0,1784400000.0,13683261000.000002,13338661000.000002,15.259522455940875,1.8353620112102418,0.08744480408682434,0.15751727735037163,0.04576213874044318,15.259522455940875,0.051394296145893484,6.318170106662974,12.398750453062705,2.548900210494943,0.0,0.7780342180522803,0.0,0.22395838719351402,1.076912871878213,0.028531245798905907,63.28982886216467,0.2839728494251281,0.13982023411371242,4.9911924016518165,1.5612640883088789,1.784481410042745,0.0838914346140289,0.15342809364548496,0.12040923399790136,11.216712756140877,1.1188921377725383,1.3447484894787474,Oil & Gas Equipment & Services,Energy,NOV
