Quarters,Year,Quarter,FillingDate,Date,NetIncome,Revenue,OperatingIncome,EPSDiluted,GrossProfit,GrossProfitRatio,TotalAssets,CommonStockEquity,CurrentAssets,CurrentLiability,TotalLiability,Inventory,RetainedEarnings,MarketCap,EnterpriseValue,bookValuePerShare,currentRatio,debtToAssets,debtToEquity,roic,shareholdersEquityPerShare,roe,priceToSalesRatio,peRatio,pbRatio,payoutRatio,inventoryTurnover,dividendYield,assetTurnover,quickRatio,returnOnAssets,priceToFreeCashFlowsRatio,grossProfitMargin,epsdilutedGrowth,fiveYNetIncomeGrowthPerShare,fiveYRevenueGrowthPerShare,fiveYShareholdersEquityGrowthPerShare,grossProfitGrowth,netIncomeGrowth,operatingIncomeGrowth,threeYNetIncomeGrowthPerShare,threeYRevenueGrowthPerShare,threeYShareholdersEquityGrowthPerShare,Industry,Sector,Symbol
2020Q4,2020,Q4,2020-02-29,2020-02-29,9737950.0,2976210.0,2518730.0,0.64,2578380.0,0.8663299969,161616123.0,159251972.0,2227021.0,408739.0,2364151.0,0.0,13713205.0,157881012.79999998,159480764.79999998,10.449961022292099,5.44851604569175,0.0,0.0,0.031271287066314164,10.449961022292099,0.06114806540668771,53.04767230806965,4.053240486960807,0.991391257622857,0.27209012163751095,0.0,0.016782258696024784,0.018415303775106646,6.0362945547158455,0.060253580021839774,32.05614719581575,0.8663299968752205,-0.5616438356164384,0.9648446421748228,-0.16199244286683914,0.03208652749425874,-0.0943964820837753,-0.5631603879808826,-0.10487803144457396,0.0,0.0,0.0,Asset Management,Financial Services,NNY
2020Q2,2020,Q2,2019-08-31,2019-08-31,22291820.0,3266800.0,2813840.0,1.46,2847140.0,0.8715378964,160207064.0,156892456.0,1643831.0,1359798.0,3314608.0,0.0,11437667.0,157254623.0,158128200.0,10.306209379167187,1.2088788187657284,0.0,0.0,0.04295922950054964,10.306209379167187,0.14208344090170913,48.13720552222358,1.7635911177283865,1.0023083774021613,0.12290427609768964,0.0,0.017422444871461745,0.020391110843901366,1.9195895272680208,0.13914380204857882,16.89728931392038,0.8715378964123913,5.9523809523809526,0.49184106572902575,-0.08177551887647391,0.022542916195620953,0.04417443860504861,5.825168701701101,0.04560571660021329,1.387206551323117,-0.1342204757334532,-0.0009085745243280909,Asset Management,Financial Services,NNY
2019Q4,2019,Q4,2019-02-28,2019-02-28,3266120.0,3122440.0,2691110.0,0.21,2726690.0,0.8732561715,152658583.0,150280961.0,1599475.0,422369.0,2377622.0,0.0,4870928.0,147164442.2,148537583.2,9.874782733828077,3.786913812329977,0.0,0.0,0.02028841515637119,9.874782733828077,0.02173342503445929,47.13123140877006,11.264469936805751,0.9792620516979526,0.8387199490526986,0.0,0.018614279095198447,0.02045374677688447,4.89224824738558,0.021394931983614706,51.04948771671789,0.8732561714556565,0.0,-0.6765903575683478,-0.12209583775795765,0.006697649173479749,0.0,0.0,0.0,-0.6791368901859198,-0.08872521170782158,-0.029139483968618148,Asset Management,Financial Services,NNY
2019Q2,2019,Q2,2018-08-31,2018-08-31,0.0,0.0,0.0,0.0,0.0,0.0,152916422.0,150137537.0,4140552.0,821965.0,2778885.0,0.0,328710.0,0.0,1585881.0,0.0,5.037382370295572,0.0,0.0,,0.0,0.0,0.0,0.0,0.0,0.0,0.0,,0.0,5.346542736004574,0.0,0.0,0.0,1.0,1.0,-1.0,-1.0,-1.0,1.0,-1.0,1.0,-1.0,-1.0,Asset Management,Financial Services,NNY
2018Q4,2018,Q4,2018-02-28,2018-02-28,-8405600.0,3212870.0,2764810.0,-0.55,2807580.0,0.8738542176,151694898.0,149312550.0,1638040.0,421110.0,2382348.0,0.0,343453.0,140998871.6,142511194.6,9.805994880032785,3.889815012704519,0.0,0.0,0.1623577751807989,9.805994880032785,-0.05629533485296447,43.885644797330734,-4.193599255258399,0.944320297255656,-0.34016964880555817,0.0,0.020279098460529804,0.021179815816877376,4.667941867920496,-0.05541122417973477,-147.0791225251914,0.8738542175687158,0.0,-2.5232615611271907,-0.09968128306654102,-0.045784354723267084,0.0,0.0,0.0,-2.6974418047535855,-0.09459473664318806,-0.031514549884928425,Asset Management,Financial Services,NNY
2018Q2,2018,Q2,2017-08-31,2017-08-31,0.0,0.0,0.0,0.0,0.0,0.0,156859025.0,153050319.0,1686912.0,438731.0,3808706.0,0.0,438086.0,0.0,2258828.0,0.0,3.8449801814779443,0.0,0.0,,0.0,0.0,0.0,0.0,0.0,0.0,0.0,,0.0,6.115556001285526,0.0,0.0,0.0,0.0,-1.0,-1.0,-1.0,0.0,0.0,0.0,-1.0,-1.0,-1.0,Asset Management,Financial Services,NNY
2017Q2,2017,Q2,2016-09-30,2016-09-30,9330000.0,3770000.0,3300000.0,0.61,3340000.0,0.8859416446,160700000.0,156900000.0,2500000.0,500000.0,3800000.0,0.0,11700000.0,157119300.0,160319300.0,10.315581854043392,5.0,0.020535158680771624,0.021032504780114723,0.03619416407456781,10.315581854043392,0.05946462715105163,41.676206896551726,4.210056270096463,1.001397705544933,0.3172561629153269,0.0,0.018839187801880482,0.02345986309894213,5.0,0.05805849408836341,29.589322033898306,0.8859416445623343,-0.08955223880597023,-0.607695467502187,0.008065809674388821,0.03909280694447713,0.10963455149501661,-0.08169291338582677,0.11486486486486487,1.3565913415776527,0.07880880660250289,0.06958149053187117,Asset Management,Financial Services,NNY
2016Q4,2016,Q4,2016-03-31,2016-03-31,10160000.0,3420000.0,2960000.0,0.67,3010000.0,0.8801169591,158700000.0,154500000.0,2800000.0,900000.0,4200000.0,0.0,9400000.0,153419000.0,156119000.0,10.171165240289664,3.111111111111111,0.020793950850661626,0.021359223300970873,0.0355560600041617,10.171165240289664,0.06576051779935276,44.8593567251462,3.7750738188976376,0.9930032362459547,0.2952755905511811,0.0,0.01955429249310711,0.02155009451795841,3.111111111111111,0.06402016383112791,28.62294776119403,0.8801169590643275,5.785714285714286,1.4741412513151175,-0.07187580502046544,0.07374096517184563,-0.009868421052631578,5.660550458715596,-0.016611295681063124,5.26890756302521,-0.039325842696629275,-0.010249839846252358,Asset Management,Financial Services,NNY
2016Q2,2016,Q2,2015-09-30,2015-09-30,-2180000.0,3460000.0,3010000.0,-0.14,3040000.0,0.8786127168,156000000.0,152100000.0,3700000.0,500000.0,3800000.0,0.0,7000000.0,147494900.0,150494900.0,10.01316655694536,7.4,0.021153846153846155,0.021696252465483234,-0.03298845720720721,10.01316655694536,-0.01433267587113741,42.628583815028904,-16.91455275229358,0.9697232084155162,-1.3623853211009174,0.0,0.020136289458143976,0.02217948717948718,7.4,-0.013974358974358975,115.23039062499998,0.8786127167630058,-1.4242424242424243,-1.139654067905189,-0.07733333333333334,0.0006578947368422135,-0.02564102564102564,-1.4412955465587045,-0.022727272727272728,-1.139383547363593,-0.05526716239113301,-0.03797551687069268,Asset Management,Financial Services,NNY
2015Q4,2015,Q4,2015-03-31,2015-03-31,4940000.0,3540000.0,3080000.0,0.33,3120000.0,0.8813559322,157600000.0,153800000.0,3700000.0,500000.0,3800000.0,0.0,8700000.0,147950600.0,150550600.0,10.125082290980908,7.4,0.020939086294416244,0.021456436931079324,0.02617578749978496,10.125082290980908,0.03211963589076723,41.79395480225989,7.487378542510122,0.9619674902470742,0.5991902834008097,0.0,0.020006677904651958,0.022461928934010153,7.4,0.03134517766497462,39.98664864864865,0.8813559322033898,-0.6632653061224489,2.740986375172433,-0.027361411106698083,0.03855786532404039,-0.003194888178913738,-0.6686787391012743,0.0,-0.6115357700103154,-0.04964004332221971,-0.0006668942473626089,Asset Management,Financial Services,NNY
2015Q2,2015,Q2,2014-09-30,2014-09-30,14910000.0,3550000.0,3080000.0,0.98,3130000.0,0.8816901408,158100000.0,153100000.0,5100000.0,1700000.0,5000000.0,0.0,8000000.0,147494900.0,149794900.0,10.078999341672153,3.0,0.020872865275142316,0.02155453951665578,0.04182678645594247,10.078999341672153,0.09738732854343567,41.547859154929576,2.473086854460094,0.9633892880470282,0.19852448021462105,0.0,0.020068490503739447,0.02245414294750158,3.0,0.09430740037950665,21.010669515669516,0.8816901408450705,0.48484848484848475,-0.5689987917927444,-0.03588155838937501,0.016629247387850727,0.0,0.4791666666666667,-0.003236245954692557,-0.3722441541486311,-0.049510490004182964,0.015261753075475159,Asset Management,Financial Services,NNY
2014Q4,2014,Q4,2014-03-31,2014-03-31,10080000.0,3550000.0,3090000.0,0.66,3130000.0,0.8816901408,152800000.0,149000000.0,9800000.0,500000.0,3800000.0,0.0,3900000.0,143393600.0,140993600.0,9.809084924292298,19.6,0.021596858638743454,0.02214765100671141,0.037732868464600604,9.809084924292298,0.06765100671140939,40.39256338028169,3.556388888888889,0.962373154362416,0.28869047619047616,0.0,0.0202937927494672,0.023232984293193717,19.6,0.06596858638743455,26.45638376383764,0.8816901408450705,1.3837209302325582,0.9508388886403293,-0.06145499185384775,0.06306045636210013,0.019543973941368076,1.3857634902411022,0.019801980198019802,1.470407855635471,-0.03659623035750072,0.03551717676766998,Asset Management,Financial Services,NNY
2014Q2,2014,Q2,2013-09-30,2013-09-30,-26130000.0,3490000.0,3030000.0,-1.72,3070000.0,0.8796561605,151900000.0,146500000.0,2200000.0,2100000.0,5400000.0,0.0,1400000.0,136254300.0,141154300.0,9.644502962475313,1.0476190476190477,0.03225806451612903,0.033447098976109216,0.07816818809200822,9.644502962475313,-0.1783617747440273,39.04134670487106,-1.3036194029850747,0.930063481228669,-0.11021814006888633,0.0,0.02113694760458936,0.022975641869651085,1.0476190476190477,-0.17202106649111257,-20.36686098654709,0.8796561604584527,-9.75,-0.5917738833204541,-0.07362211981566821,0.0393790790636261,-0.019169329073482427,-9.978991596638656,-0.016233766233766232,-2.6739269698910957,-0.06933333333333337,-0.0361842105263157,Asset Management,Financial Services,NNY
2013Q4,2013,Q4,2013-03-31,2013-03-31,-2380000.0,3560000.0,3080000.0,-0.16,3130000.0,0.8792134831,160000000.0,156100000.0,4400000.0,600000.0,3900000.0,0.0,11000000.0,153419000.0,156819000.0,10.276497695852534,7.333333333333333,0.02125,0.021780909673286355,-0.036475095785440614,10.276497695852534,-0.015246636771300448,43.095224719101125,-16.11544117647059,0.9828251121076234,-1.3865546218487395,0.0,0.021509721742417824,0.02225,7.333333333333333,-0.014875,121.7611111111111,0.8792134831460674,-1.1553398058252426,0.6639670555936857,-0.07235746857432389,0.05845126131669151,-0.027950310559006212,-1.1522712731925784,-0.028391167192429023,0.16122518766996144,-0.02186627783611436,0.05408896474045972,Asset Management,Financial Services,NNY
2013Q2,2013,Q2,2012-09-30,2012-09-30,15630000.0,3660000.0,3170000.0,1.03,3220000.0,0.8797814208,161800000.0,158000000.0,4600000.0,500000.0,3800000.0,0.0,13000000.0,159541800.0,160441800.0,10.408432147562582,9.2,0.0203955500618047,0.02088607594936709,0.041963605134511604,10.408432147562582,0.09892405063291139,43.59065573770492,2.551852207293666,1.0097582278481012,0.20089571337172105,0.0,0.019681362501864714,0.022620519159456117,9.2,0.09660074165636588,21.79532786885246,0.8797814207650273,0.22619047619047628,10.10422300811317,-0.03301496105094305,0.04707580885659515,-0.018292682926829267,0.23070866141732282,-0.015527950310559006,-0.5478882184092514,-0.005352661791472425,0.04985784619651889,Asset Management,Financial Services,NNY
2012Q4,2012,Q4,2012-03-31,2012-03-31,12700000.0,3720000.0,3220000.0,0.84,3280000.0,0.8817204301,157600000.0,153700000.0,6000000.0,600000.0,3900000.0,0.0,8800000.0,150031300.0,149531300.0,10.1318391562294,10.0,0.020939086294416244,0.02147039687703318,0.04082622846075515,10.1318391562294,0.0826284970722186,40.33099462365591,2.9533720472440947,0.9761307742355237,0.25354330708661416,0.0,0.021462188223390716,0.023604060913705583,10.0,0.08058375634517767,23.51587774294671,0.8817204301075269,-0.46153846153846156,9.912190575773419,-0.026840168380402603,0.008514865320530219,-0.00303951367781155,-0.4645868465430017,-0.009230769230769232,1.4611426486870482,-0.015213958864084944,0.09803897512750977,Asset Management,Financial Services,NNY
2012Q2,2012,Q2,2011-09-30,2011-09-30,23720000.0,3730000.0,3250000.0,1.56,3290000.0,0.8820375335,154500000.0,150600000.0,3800000.0,600000.0,3900000.0,0.0,5700000.0,143659900.0,146959900.0,9.92748846407383,6.333333333333333,0.021359223300970873,0.021912350597609563,0.0497427687796858,9.92748846407383,0.15750332005312084,38.51471849865952,1.5141220489038787,0.9539169986719788,0.13617200674536256,0.0,0.02248365758294416,0.02414239482200647,6.333333333333333,0.15352750809061488,14.266127110228402,0.8820375335120644,2.106382978723404,1.74904876515767,-0.011248404605955175,-0.01635894117433616,0.015432098765432098,2.108411214953271,0.012461059190031152,2.446867771135616,-0.008611733684904472,0.06987616234352335,Asset Management,Financial Services,NNY
2011Q4,2011,Q4,2011-03-31,2011-03-31,-21400000.0,3680000.0,3210000.0,-1.41,3240000.0,0.8804347826,147500000.0,143700000.0,8800000.0,500000.0,3800000.0,0.0,-1200000.0,137743600.0,134443600.0,9.472643375082399,17.6,0.022372881355932205,0.022964509394572025,0.09364852153286164,9.472643375082399,-0.1489213639526792,37.43032608695652,-1.6091542056074768,0.9585497564370217,-0.15093457943925234,0.0,0.023449365342564008,0.02494915254237288,17.6,-0.14508474576271185,-27.603927855711422,0.8804347826086957,-2.3689320388349513,-13.609223322888543,-0.03477084272976446,-0.049592781478129594,-0.021148036253776436,-2.3709160794362587,-0.021341463414634148,-2.025456177505996,-0.03982439852699087,-0.024343543383883722,Asset Management,Financial Services,NNY
2011Q2,2011,Q2,2010-09-30,2010-09-30,15610000.0,3750000.0,3280000.0,1.03,3310000.0,0.8826666667,155900000.0,152000000.0,4700000.0,600000.0,3900000.0,0.0,7200000.0,150077200.0,152277200.0,10.006583278472679,7.833333333333333,0.021167415009621552,0.021710526315789475,0.04461294086176565,10.006583278472679,0.10269736842105263,40.02058666666667,2.403542600896861,0.9873500000000002,0.20691864189622036,0.0,0.02152225654529802,0.024053880692751765,7.833333333333333,0.10012828736369468,20.308146143437078,0.8826666666666667,6.421052631578947,0.8902754885801746,-0.03297437979035834,-0.005916299799560469,0.03761755485893417,6.5159010600706715,0.05466237942122187,10.086587436332769,-0.009888887530711698,0.0066502938822815185,Asset Management,Financial Services,NNY
2010Q4,2010,Q4,2010-03-31,2010-03-31,-2830000.0,3630000.0,3110000.0,-0.19,3190000.0,0.8787878788,152300000.0,147700000.0,2200000.0,1300000.0,4600000.0,0.0,3000000.0,146803500.0,150803500.0,9.749174917491748,1.6923076923076923,0.026263952724885097,0.027081922816519974,-0.05134318432397431,9.749174917491748,-0.01916046039268788,40.441735537190084,-12.968507067137809,0.9939302640487475,-1.1413427561837455,0.0,0.022002200220022004,0.023834537097833224,1.6923076923076923,-0.018581746552856205,129.9146017699115,0.8787878787878788,-1.0833333333333333,-8.432621156852528,-0.07344964675495688,-0.020548008289201142,-0.003125,-1.08207656612529,-0.015822784810126583,-3.4348241720723798,-0.049130739845638115,-0.029575215586074774,Asset Management,Financial Services,NNY
2010Q2,2010,Q2,2009-09-30,2009-09-30,34480000.0,3670000.0,3160000.0,2.28,3200000.0,0.8719346049,153900000.0,150100000.0,3300000.0,500000.0,3800000.0,0.0,5400000.0,143981400.0,147281400.0,9.914134742404228,6.6,0.021442495126705652,0.021985343104596936,0.05222639772988726,9.914134742404228,0.22971352431712191,39.23198910081744,1.0439486658932713,0.9592365089940039,0.09338747099767981,0.0,0.02236399979441789,0.023846653671215075,6.6,0.22404158544509423,10.594657836644592,0.8719346049046321,5.705882352941175,84.98646776428136,-0.060217457575449704,-0.009241789126556994,-0.03903903903903904,5.695145631067962,-0.03951367781155015,3.0040060213203894,-0.025225554400067355,-0.017682062220498628,Asset Management,Financial Services,NNY
2009Q4,2009,Q4,2009-03-31,2009-03-31,5150000.0,3770000.0,3290000.0,0.34,3330000.0,0.8832891247,141700000.0,139700000.0,2100000.0,600000.0,2000000.0,0.0,-4900000.0,135503000.0,136903000.0,9.227212681638045,3.5,0.009880028228652082,0.010021474588403722,0.030711381708570407,9.227212681638045,0.03686471009305655,35.94244031830239,6.577815533980582,0.9699570508231924,0.9145631067961165,0.0,0.034759378021150825,0.026605504587155965,3.5,0.03634438955539873,34.65549872122762,0.883289124668435,1.3148148148148149,-0.42916794344167714,-0.051632288398124636,-0.08454425363276083,0.01834862385321101,1.3151774785801713,0.015432098765432098,4.522737554514034,-0.009205311826461877,-0.07421728104600367,Asset Management,Financial Services,NNY
2009Q2,2009,Q2,2008-09-30,2008-09-30,-16340000.0,3750000.0,3240000.0,-1.08,3270000.0,0.872,142500000.0,140300000.0,4300000.0,700000.0,2300000.0,0.0,-4100000.0,136291680.0,135691680.0,9.279100529100528,6.142857142857143,0.011228070175438596,0.011404133998574484,0.11340149212489638,9.279100529100528,-0.11646471846044192,36.344448,-2.0852460220318236,0.9714303635067713,-0.19767441860465118,0.0,0.02369917224587738,0.02631578947368421,6.142857142857143,-0.11466666666666667,-41.552341463414635,0.872,-1.2978723404255321,-5.8486646884273,-0.062499999999999924,-0.06715425531914908,-0.018018018018018018,-1.3177304964539007,-0.01818181818181818,-2.9878345498783454,-0.028497409326424843,-0.07818659658344294,Asset Management,Financial Services,NNY
2008Q4,2008,Q4,2008-03-31,2008-03-31,-7050000.0,3820000.0,3300000.0,-0.47,3330000.0,0.8717277487,150800000.0,146800000.0,2900000.0,600000.0,4000000.0,0.0,2400000.0,142732800.0,145332800.0,9.708994708994709,4.833333333333333,0.022546419098143235,0.02316076294277929,1.0326231691078562,9.708994708994709,-0.048024523160762944,37.36460732984293,-5.061446808510638,0.9722942779291552,-0.4794326241134752,0.0,0.02368061160434042,0.0253315649867374,4.833333333333333,-0.046750663129973474,-951.552,0.8717277486910995,-3.2727272727272725,-0.396039603960396,-0.02051282051282051,-0.024584717607973483,0.00909090909090909,-3.1228070175438596,0.009174311926605505,-19.55263157894737,-0.02301790281329915,-0.024584717607973483,Asset Management,Financial Services,NNY
2008Q2,2008,Q2,2007-09-30,2007-09-30,-1710000.0,3770000.0,3270000.0,-0.11,3300000.0,0.875331565,151500000.0,150300000.0,2200000.0,600000.0,1200000.0,0.0,5900000.0,142884000.0,143484000.0,9.94047619047619,3.6666666666666665,0.0039603960396039604,0.003992015968063872,-0.023015941617376485,9.94047619047619,-0.011377245508982036,37.90026525198939,-20.889473684210525,0.9506586826347305,-1.8830409356725146,0.0,0.022535763276504018,0.024884488448844885,3.6666666666666665,-0.011287128712871287,88.74782608695651,0.8753315649867374,-2.4341590612777053,-1.065242273941244,-0.07371007371007375,-0.021484375000000014,-0.006024096385542169,-2.4741379310344827,-0.0060790273556231,-3.1707317073170738,-0.033333333333333465,-0.006609385327164609,Asset Management,Financial Services,NNY
2007Q4,2007,Q4,2007-03-31,2007-03-31,1160000.0,3810000.0,3290000.0,0.0767,3320000.0,0.8713910761,155700000.0,151900000.0,2200000.0,600000.0,3800000.0,0.0,7500000.0,147420000.0,151120000.0,10.046296296296296,3.6666666666666665,0.023763648041104687,0.024358130348913758,0.009506586158107651,10.046296296296296,0.007636603028308098,38.69291338582677,31.771551724137932,0.9705069124423964,2.7758620689655173,0.0,0.02184235517568851,0.02447013487475915,3.6666666666666665,0.007450224791265254,57.13953488372093,0.8713910761154856,-0.8654385964912281,1.2352941176470589,-0.08413461538461536,0.039698836413415386,0.006060606060606061,-0.8651162790697674,0.0,-0.8712541620421753,-0.04030226700251889,-0.003280839895013141,Asset Management,Financial Services,NNY
2007Q2,2007,Q2,2006-09-30,2006-09-30,8600000.0,3760000.0,3290000.0,0.57,3300000.0,0.8776595745,153200000.0,152600000.0,2100000.0,500000.0,600000.0,0.0,8200000.0,,,,,,,,,,,,,,,,,,,,,,,,,,,,,,,Asset Management,Financial Services,NNY
2023Q4,2023,Q4,2023-02-28,2023-02-28,,,,,,,168788738.0,167749163.0,2056504.0,463410.0,1039575.0,0.0,-10870998.0,0.0,423460.0,0.0,4.437763535530092,0.0025088166723540523,0.002524364309346807,,0.0,,0.0,0.0,0.0,0.0,0.0,,,4.437763535530092,,0.0,0.0,0.0,1.0,-1.0,-1.0,0.0,0.0,0.0,-1.0,-1.0,-1.0,Asset Management,Financial Services,NNY
2023Q2,2023,Q2,2022-08-31,2022-08-31,,,,,,,175127999.0,170615970.0,3118608.0,882015.0,4512029.0,0.0,-8004261.0,0.0,3495551.0,0.0,3.535776602438734,0.019959977958750045,0.020487830066552387,,0.0,,0.0,0.0,0.0,0.0,0.0,,,3.535776602438734,,0.0,0.0,0.0,0.0,0.0,0.0,0.0,0.0,0.0,-1.0,-1.0,-1.0,Asset Management,Financial Services,NNY
2022Q4,2022,Q4,2022-02-28,2022-02-28,,,,,,,186525566.0,185908656.0,1915466.0,443887.0,616910.0,0.0,7288425.0,0.0,-3516581.0,0.0,4.315210853212642,0.0,0.0,,0.0,,0.0,0.0,0.0,0.0,0.0,,,12.237454577403708,,0.0,0.0,0.0,0.0,0.0,0.0,0.0,0.0,0.0,-1.0,-1.0,-1.0,Asset Management,Financial Services,NNY
2022Q2,2022,Q2,2021-08-31,2021-08-31,,,,,,,194594426.0,194029692.0,1959858.0,408904.0,564734.0,0.0,15225533.0,0.0,-1239781.0,0.0,4.792953847357815,0.0,0.0,,0.0,,0.0,0.0,0.0,0.0,0.0,,,7.824914894449553,,0.0,0.0,0.0,-1.0,-1.0,-1.0,0.0,0.0,0.0,0.0,0.0,0.0,Asset Management,Financial Services,NNY
2021Q4,2021,Q4,2021-02-28,2021-02-28,,,,,,,154603508.0,154122344.0,4211004.0,361477.0,481164.0,0.0,8539639.0,0.0,-379145.0,0.0,11.649438276847489,0.0,0.0,,0.0,,0.0,0.0,0.0,0.0,0.0,,,12.698315522149404,,0.0,0.0,0.0,-1.0,-1.0,-1.0,0.0,0.0,0.0,1.0,-1.0,-1.0,Asset Management,Financial Services,NNY
2021Q2,2021,Q2,2020-08-31,2020-08-31,,,,,,,155910978.0,153433022.0,1892485.0,2374172.0,2477956.0,0.0,7873957.0,0.0,-1545612.0,0.0,0.7971136884774986,0.0,0.0,,0.0,,0.0,0.0,0.0,0.0,0.0,,,1.4481246514574344,,0.0,0.0,0.0,1.0,-1.0,-1.0,0.0,0.0,0.0,0.0,0.0,0.0,Asset Management,Financial Services,NNY
2017Q4,2017,Q4,2017-02-28,2017-02-28,,,,,,,154200000.0,150400000.0,2200000.0,500000.0,3800000.0,0.0,5100000.0,0.0,2800000.0,0.0,4.4,0.021400778210116732,0.021941489361702128,,0.0,,0.0,0.0,0.0,0.0,0.0,,,4.4,,0.0,0.0,0.0,-1.0,-1.0,-1.0,0.0,0.0,0.0,-1.0,-1.0,-1.0,Asset Management,Financial Services,NNY
