Quarters,Year,Quarter,FillingDate,Date,NetIncome,Revenue,OperatingIncome,EPSDiluted,GrossProfit,GrossProfitRatio,TotalAssets,CommonStockEquity,CurrentAssets,CurrentLiability,TotalLiability,Inventory,RetainedEarnings,MarketCap,EnterpriseValue,bookValuePerShare,currentRatio,debtToAssets,debtToEquity,roic,shareholdersEquityPerShare,roe,priceToSalesRatio,peRatio,pbRatio,payoutRatio,inventoryTurnover,dividendYield,assetTurnover,quickRatio,returnOnAssets,priceToFreeCashFlowsRatio,grossProfitMargin,epsdilutedGrowth,fiveYNetIncomeGrowthPerShare,fiveYRevenueGrowthPerShare,fiveYShareholdersEquityGrowthPerShare,grossProfitGrowth,netIncomeGrowth,operatingIncomeGrowth,threeYNetIncomeGrowthPerShare,threeYRevenueGrowthPerShare,threeYShareholdersEquityGrowthPerShare,Industry,Sector,Symbol
2024Q1,2024,Q1,2023-07-07,2023-05-28,1854000.0,15551000.0,2218000.0,0.09,4833000.0,0.3107838724,137443000.0,114494000.0,103307000.0,9798000.0,22949000.0,7911000.0,-43399000.0,267016050.0,186082050.0,5.595718684326279,10.543682384160032,0.001244152121242988,0.0014935280451377365,0.014086972564630807,5.595718684326279,0.016192988278861776,17.17034595845926,36.005400485436894,2.332140112145615,,1.3548223991909998,,0.11314508559912109,17.14370279648908,0.013489228261897659,0.0,0.31078387241978006,-0.6086956521739131,-0.42103658401126753,-0.5053516445921509,-0.1709166542857689,0.25499870163593874,-0.6060348491287718,-0.38354641467481937,-0.05536334850125653,0.26964367105034803,-0.1856897608534795,Aerospace & Defense,Industrials,PKE
2023Q4,2023,Q4,2023-05-12,2023-02-26,4706000.0,13530000.0,3598000.0,0.23,3851000.0,0.2846267554,159333000.0,115934000.0,125041000.0,28586000.0,43399000.0,6768000.0,-42694000.0,332556250.0,227298250.0,5.66498900561935,4.374204155880501,0.0011422618038949871,0.0015698587127158557,0.05504465566767545,5.66498900561935,0.040592061000224264,24.579175905395417,17.6666091160221,2.868496299618749,0.4349766255843604,1.430112293144208,0.006155349658892292,0.08491649564120426,7.5782550899041485,0.029535626643570383,81.93058635131806,0.28462675535846266,1.090909090909091,-0.7409646209894922,-0.5188007968803859,-0.15243579075477204,-0.13343834383438344,1.1103139013452914,0.23176994180075317,0.9792019686582265,-0.12445456610001789,-0.17953125529342903,Aerospace & Defense,Industrials,PKE
2023Q3,2023,Q3,2023-01-06,2022-11-27,2230000.0,13867000.0,2921000.0,0.11,4444000.0,0.3204730656,157627000.0,133613000.0,123306000.0,6348000.0,24014000.0,6816000.0,-24881000.0,281885670.0,178776670.0,6.526940550046407,19.424385633270322,0.0012307536145457314,0.001451954525383009,0.015096369216860856,6.526940550046407,0.016689992740227373,20.327804860460084,31.60153251121076,2.1097173927686677,0.9179372197309417,1.3824823943661972,0.007261809371153915,0.08797350707683328,33.226055450535604,0.014147322476479283,75.53206591639871,0.3204730655513089,0.22222222222222227,2.07892361151857,-0.4755541897828313,-0.26285705405952947,0.08761625061184533,0.1830238726790451,0.24086661002548854,-0.08621425766614062,-0.12293571825547839,-0.1690414908766144,Aerospace & Defense,Industrials,PKE
2023Q2,2023,Q2,2022-10-07,2022-08-28,1885000.0,13875000.0,2354000.0,0.09,4086000.0,0.2944864865,158772000.0,134053000.0,124233000.0,7142000.0,24719000.0,7850000.0,-25064000.0,240416750.0,138156750.0,6.551634817457602,17.394707364883786,0.0012974579900738165,0.0015367056313547627,0.012815375134612936,6.551634817457602,0.014061602500503532,17.327333333333332,31.885510610079574,1.7934455028981076,1.0854111405835545,1.2470063694267517,0.008510222353475788,0.08738946413725342,29.549985998319798,0.011872370443151186,-104.39285714285714,0.2944864864864865,0.0,2.585137578808465,-0.5400716199733953,-0.26795274524964785,-0.001466275659824047,-0.013089005235602094,-0.04270028466856446,-0.11545629676243613,0.012954057805305341,-0.16480437477495208,Aerospace & Defense,Industrials,PKE
2023Q1,2023,Q1,2022-07-08,2022-05-29,1910000.0,12783000.0,2459000.0,0.09,4092000.0,0.3201126496,161054000.0,134648000.0,126795000.0,7313000.0,26406000.0,6649000.0,-24903000.0,250815080.0,143705080.0,6.58167953856682,17.33830165458772,0.0013473741726377489,0.0016116095300338661,0.01341403442920176,6.58167953856682,0.014185134573109144,19.620987248689666,32.82919895287958,1.8627464202958826,1.0712041884816754,1.3071138517070235,0.00815740425176987,0.07937089423423199,29.984684807876384,0.011859376358240093,-5700.342727272728,0.320112649612767,-0.05660377358490568,0.35522257659707485,-0.5388386611868868,-0.2692519946947107,-0.0252501191043354,-0.023517382413087935,-0.060015290519877675,-0.2604660578511651,-0.14352878938528435,-0.15752528512517167,Aerospace & Defense,Industrials,PKE
2022Q4,2022,Q4,2022-05-12,2022-02-27,1956000.0,12502000.0,2616000.0,0.0954,4198000.0,0.3357862742,160887000.0,135632000.0,126439000.0,6292000.0,25255000.0,4657000.0,-24767000.0,283752460.0,173618460.0,6.629778081923941,20.095200254291164,0.001410928166974336,0.0016736463371475757,0.013900354356219726,6.629778081923941,0.01442137548661083,22.696565349544073,36.2669299591002,2.0920760587471983,1.044478527607362,1.7831221816620142,0.007199937579395788,0.07770671340754691,34.36904005085823,0.012157601297805291,68.22612647270978,0.3357862741961286,0.12367491166077732,-0.2189427314340126,-0.551950308584525,-0.2662227501136,0.09436913451511991,0.1234922458357266,0.13246753246753246,-0.9812706876472014,-0.25276290892813535,-0.1506966214363114,Aerospace & Defense,Industrials,PKE
2022Q3,2022,Q3,2022-01-07,2021-11-28,1741000.0,13864000.0,2310000.0,0.0849,3836000.0,0.2766878246,161736000.0,136780000.0,127711000.0,6454000.0,24956000.0,5175000.0,-24680000.0,267077000.0,253356000.0,6.6885085574572125,19.787883483111248,0.0014777167730128111,0.0017473314812107034,0.012684142272217284,6.6885085574572125,0.012728469074426086,19.264065204847086,38.35109132682367,1.9526027196958622,1.1763354394026422,1.9377777777777778,0.007668200556393849,0.08571993866547954,18.487914471645492,0.010764455656130979,-345.5071151358344,0.2766878245816503,-0.15100000000000002,-0.08122875305623478,-0.4815871224853686,-0.25700373490918993,-0.1303559283609159,-0.13897131552917902,-0.16091536505630222,-0.5322793632035633,0.06958634185277679,-0.031984808272602784,Aerospace & Defense,Industrials,PKE
2022Q2,2022,Q2,2021-10-08,2021-08-29,2022000.0,13618000.0,2753000.0,0.1,4411000.0,0.32390953150242324,162496000.0,137218000.0,129266000.0,6920000.0,25278000.0,4821000.0,-24373000.0,300651780.0,281047780.0,6.727361866941217,18.68005780346821,0.000596937770775896,0.000706904341995948,0.014254061502822877,6.727361866941217,0.014735676077482546,22.07752827140549,37.17257418397626,2.1910520485650573,1.0084075173095945,1.9097697573117611,0.006781932240680564,0.08380513981882631,17.532225433526012,0.012443383221740843,-142.28669190724088,0.32390953150242324,-0.23076923076923075,0.012589893739012962,-0.5350732619894435,-0.25360554346365294,-0.19389619883040934,-0.2633879781420765,-0.2774278215223097,-0.2563981631285647,0.20612423537285807,-0.01409393915091886,Aerospace & Defense,Industrials,PKE
2022Q1,2022,Q1,2021-07-09,2021-05-30,2745000.0,13594000.0,3810000.0,0.13,5472000.0,0.4025305281741945,165501000.0,136764000.0,132974000.0,10668000.0,28737000.0,4943000.0,-24356000.0,314305860.0,275114860.0,6.709709071284895,12.464754405699287,0.000652564032845723,0.0007896814951302974,0.01944237257679323,6.709709071284895,0.02007107133456173,23.120925408268352,28.625306010928963,2.298162235676055,0.7424408014571949,1.6431317013959135,0.006484129821823875,0.0821384765046737,11.675571803524559,0.01658600250149546,122.96786384976525,0.4025305281741945,1.5999999999999999,-0.07624790349551852,-0.5714418987535098,-0.254255644770435,0.26490984743411927,1.6598837209302326,1.7994121969140338,-0.13951660920642425,-0.5659454984724349,-0.005863525417776205,Aerospace & Defense,Industrials,PKE
2021Q4,2021,Q4,2021-05-14,2021-02-28,1032000.0,14441000.0,1361000.0,0.05,4326000.0,0.29956374212312165,163512000.0,135941000.0,132341000.0,7993000.0,27571000.0,4794000.0,-25063000.0,288405300.0,246929300.0,6.669659503483466,16.557112473414236,0.0007277753314741426,0.0008753797603372051,0.0065778145241309795,6.669659503483466,0.007591528677882316,19.97128315213628,69.86562500000001,2.121547583142687,1.9757751937984496,2.1099290780141846,0.007069911683315112,0.08831767699006801,15.535468534968096,0.006311463378834581,115.91852893890675,0.29956374212312165,0.0,-0.7758270466533461,-0.5987195371074959,-0.2532232269842279,0.6944770857814336,0.12052117263843648,0.3382497541789577,-0.9429636388617811,-0.4843092724530451,-0.002122567687693449,Aerospace & Defense,Industrials,PKE
2021Q3,2021,Q3,2021-01-07,2020-11-29,921000.0,10372000.0,1017000.0,0.05,2553000.0,0.24614346317007327,164636000.0,137495000.0,133892000.0,7203000.0,27141000.0,4712000.0,-24056000.0,259450130.0,255980130.0,6.746234237770473,18.588365958628348,0.0019376078136009135,0.002320084366704244,0.00543021399408093,6.746234237770473,0.006698425397287174,25.014474546856924,70.42620249728556,1.886978653769228,2.212812160694897,1.6593803056027165,0.007855074113857642,0.0629995869676134,17.400805220047204,0.005594159236133045,302.74227537922985,0.24614346317007327,0.0,-0.7772655660220381,-0.6997098122304922,-0.23290730749867847,-0.03222137983320698,-0.03459119496855346,-0.06353591160220995,0.27722452914438067,-0.6060018505235695,-0.23809035153549343,Aerospace & Defense,Industrials,PKE
2021Q2,2021,Q2,2020-10-08,2020-08-30,954000.0,9250000.0,1086000.0,0.05,2638000.0,0.2851891891891892,164723000.0,138960000.0,134846000.0,6080000.0,25763000.0,5103000.0,-22939000.0,226025290.0,224091290.0,6.81811491094647,22.178618421052633,0.0021429915676620752,0.002540299366724237,0.005555445778717468,6.81811491094647,0.0068652849740932645,24.435166486486487,59.23094601677148,1.6265492947610822,2.1362683438155137,1.295708406819518,0.009016690123481315,0.05615487818944531,20.717105263157894,0.005791540950565495,-20547.753636363635,0.2851891891891892,-0.5,-0.7916523452136988,-0.7567652141015185,-0.21137492993648022,-0.2819814915623299,-0.5125191619826265,-0.46868884540117417,0.8215630696765087,-0.6921775318932875,-0.2381775782387608,Aerospace & Defense,Industrials,PKE
2021Q1,2021,Q1,2020-07-09,2020-05-31,1957000.0,12213000.0,2044000.0,0.1,3674000.0,0.3008269876361254,168402000.0,140197000.0,139583000.0,6814000.0,28205000.0,6680000.0,-21855000.0,240947620.0,232929620.0,6.871728261935105,20.4847373055474,0.0022980724694481062,0.0027604014351234334,0.010589958481085026,6.871728261935105,0.0139589292210247,19.728782444935725,30.780227388860503,1.7186360621125987,1.0413898824731733,1.2782934131736527,0.00845826989285057,0.07252289165211814,18.734957440563544,0.011621002125865488,110.27351029748284,0.3008269876361254,-0.1666666666666666,-0.587437143928289,-0.6748737486930627,-0.1951514714985824,-0.2701628923321414,-0.17911073825503357,-0.2919986144786976,0.39238237537406323,-0.558192696855573,-0.2370485844860038,Aerospace & Defense,Industrials,PKE
2020Q4,2020,Q4,2020-05-14,2020-03-01,2384000.0,15494000.0,2887000.0,0.12,5034000.0,0.3248999612753324,171786000.0,141675000.0,145194000.0,8707000.0,30111000.0,6379000.0,-21774000.0,291574990.0,286584990.0,6.90457624640577,16.67554840932583,0.0024449023785407427,0.002964531498147168,0.014799678582035274,6.90457624640577,0.01682724545614964,18.818574286820706,30.576236367449667,2.058055337921299,9.46770134228188,1.639755447562314,0.07741061741955303,0.09019361298359586,15.307224072585276,0.013877731596288405,653.7555829596413,0.3248999612753324,0.0,-0.4984916866919228,-0.5646181232780974,-0.20551310720381183,0.0023894862604540022,-0.025347506132461162,-0.06052717214448422,-0.05086658853144439,-0.4463730507260994,-0.23580836234441074,Aerospace & Defense,Industrials,PKE
2020Q3,2020,Q3,2020-01-10,2019-12-01,2446000.0,15847000.0,3073000.0,0.12,5022000.0,0.3169054079636524,184558000.0,161163000.0,159999000.0,5938000.0,23395000.0,3936000.0,-1587000.0,329108720.0,322881720.0,7.854712934983916,26.94493095318289,0.0024545129444402303,0.0028108188604084065,0.013730253880316607,7.854712934983916,0.015177180866576075,20.767887928314508,33.637440719542106,2.042086086756886,0.8385118560915781,2.7502540650406506,0.006231983157419834,0.08586460624844222,25.99528460761199,0.013253286229803098,284.9426147186147,0.3169054079636524,0.1999999999999999,0.22951359877642702,-0.5334831876993218,-0.22316229686253836,0.3170731707317073,0.14566744730679157,0.6182201158504476,0.28654020859732915,-0.40940117843772533,-0.12745534764296984,Aerospace & Defense,Industrials,PKE
2020Q2,2020,Q2,2019-10-11,2019-09-01,2135000.0,13723000.0,1899000.0,0.1,3813000.0,0.2778546964949355,183529000.0,160803000.0,160749000.0,5361000.0,22726000.0,4626000.0,-1982000.0,346433100.0,321575100.0,7.844431435679789,29.98489087856743,0.0020323763546905393,0.0023196084650162,0.008733219441081826,7.844431435679789,0.013277115476701306,25.24470596808278,40.565936768149875,2.1543945075651574,0.9601873536299765,2.1422395157803718,0.0059174484193340645,0.07477292417002218,28.76515575452341,0.011633038920279629,-86.24174757281554,0.2778546964949355,-0.23076923076923075,-0.56016780912598,-0.6692204173513521,-0.22449599932156178,-0.2062864279766861,-0.17471975260919984,-0.3410825815405968,0.06385866965500511,-0.5338197427417404,-0.12966772799260595,Aerospace & Defense,Industrials,PKE
2020Q1,2020,Q1,2019-07-11,2019-06-02,2587000.0,14950000.0,2882000.0,0.13,4804000.0,0.32133779264214046,189675000.0,160090000.0,166807000.0,10527000.0,29585000.0,5240000.0,-2067000.0,312707920.0,263202920.0,7.812317001756783,15.845635033722807,0.00243574535389482,0.0028858766943594227,0.012683566980423446,7.812317001756783,0.016159660191142483,20.91691772575251,30.219165056049476,1.953325754263227,0.7920371086200232,1.9362595419847328,0.006552440373112392,0.07881903255568735,15.196732212406193,0.013639119546592856,396.83746192893403,0.32133779264214046,-0.9743589743589743,-0.679164700272042,-0.6879557006255812,-0.21191025834642635,-0.18617652041334914,-0.9751216509914796,-0.08070175438596491,-0.1340490873660494,-0.5312002261050126,-0.13170731496285037,Aerospace & Defense,Industrials,PKE
2019Q4,2019,Q4,2019-05-20,2019-03-03,103986000.0,16659000.0,3135000.0,5.07,5903000.0,0.3543429977789783,188851000.0,159011000.0,167933000.0,11155000.0,29840000.0,5267000.0,-2605000.0,356067600.0,285060600.0,7.80613647520864,15.054504706409682,0.0,0.0,0.010700068369034667,7.80613647520864,0.6539547578469415,21.3738879884747,0.8560469678610583,2.239263950292747,0.8556440290039043,2.0421492310613254,0.24988232571567867,0.08821240025205056,14.430838189152846,0.5506245664571541,-61.62471443406023,0.3543429977789783,27.16666666666667,2.7738249177501313,-0.5529008807687644,-0.1881412541777743,0.37791783380018673,27.17285288539691,0.3624511082138201,21.60133835799837,-0.5368139785925915,-0.12597616060724093,Aerospace & Defense,Industrials,PKE
2019Q3,2019,Q3,2019-01-04,2018-11-25,3691000.0,12853000.0,2301000.0,0.18,4284000.0,0.33330739905080525,177939000.0,140111000.0,147440000.0,14220000.0,37828000.0,4577000.0,-17615000.0,355067780.00000006,338072780.00000006,6.909507841009962,10.368495077355837,0.0,0.0,0.012667541558960275,6.909507841009962,0.026343399162092912,27.625284369407925,24.049565158493635,2.5341891785798403,0.5494445949607153,1.872187022066856,0.005711585545723129,0.07223261904360483,8.31575246132208,0.020743063634166763,49.00866528640442,0.33330739905080525,0.3846153846153845,-0.19585055381123795,-0.6668180567246181,-0.5403754360183173,0.3621621621621622,0.36703703703703705,1.2361516034985423,-0.10283536093373898,-0.6259897442160903,-0.2143419889062479,Aerospace & Defense,Industrials,PKE
2019Q2,2019,Q2,2018-10-05,2018-08-26,2700000.0,11211000.0,1029000.0,0.13,3145000.0,0.28052805280528054,173096000.0,138197000.0,142384000.0,11836000.0,34899000.0,3994000.0,-19278000.0,435844560.0,414990560.0,6.823532316200069,12.029739776951672,0.0,0.0,0.009798923407757175,6.823532316200069,0.019537327148925084,38.87651056997591,40.355977777777774,3.1537917610367807,0.75,2.0195292939409115,0.004646151829909268,0.06476752784581966,9.647516052720514,0.015598280722835882,121.60841517857143,0.28052805280528054,-0.1875,-0.654726933624639,-0.7407978456084479,-0.5409767111768659,-0.6303479078514339,-0.14772727272727273,-0.706503137478608,-0.40661012453785933,-0.7033362848104923,-0.21074831955318749,Aerospace & Defense,Industrials,PKE
2019Q1,2019,Q1,2018-06-28,2018-05-27,3168000.0,31102000.0,3506000.0,0.16,8508000.0,0.27355154009388466,169456000.0,136619000.0,142403000.0,13072000.0,32837000.0,12639000.0,-19954000.0,416175520.0,399538520.0,6.749283667621777,10.8937423500612,0.0,0.0,0.021138623452842578,6.749283667621777,0.023188575527562053,13.380989003922577,32.84213383838384,3.04624920399066,0.6385732323232324,1.7876414273281114,0.004860929830759868,0.1835402700406005,9.741967564259486,0.018695118496836936,-1530.0570588235294,0.27355154009388466,-0.8197650988032285,-0.33866652939480973,-0.26326272308574694,-0.5367227132449681,0.234833091436865,-0.8236571110492624,1.9241034195162636,-0.32686248538383694,-0.16547890485996034,-0.20949274749197905,Aerospace & Defense,Industrials,PKE
2018Q4,2018,Q4,2018-05-11,2018-02-25,17965000.0,27804000.0,1199000.0,0.8877303948213668,6890000.0,0.24780607106891095,169023000.0,135261000.0,141268000.0,12227000.0,33762000.0,11156000.0,-21099000.0,353135650.0,334881650.0,6.683846419923902,11.55377443363049,0.0,0.0,-0.9422954761710091,6.683846419923902,0.1328172939723941,12.70089375629406,4.914217227943222,2.6107721368317547,3.492067909824659,1.8746862674793834,0.1776512793313278,0.16449832271347686,10.468062484665085,0.10628731001106358,-193.9240252608457,0.24780607106891095,21.19325987053417,3.535883741319587,-0.3301520809688148,-0.5363324177188179,0.13509060955518945,24.09078212290503,0.4968789013732834,2.8318558831206944,-0.20781952319253763,-0.2309117627810183,Aerospace & Defense,Industrials,PKE
2018Q3,2018,Q3,2018-01-05,2017-11-26,716000.0,26139000.0,801000.0,0.04,6070000.0,0.23222005432495504,301347000.0,179186000.0,262486000.0,13654000.0,122161000.0,11449000.0,23671000.0,392800170.0,431458170.0,8.85437564856451,19.22411015087154,0.2298015244883805,0.386469925105756,0.0027287305125546267,8.85437564856451,0.003995847889902113,15.027360266268794,137.15089734636874,2.192136495038675,2.8268156424581004,1.7529041837715085,0.005152747260776389,0.08674053499785961,18.184121869049363,0.0023759984336993566,119.97561698228466,0.23222005432495504,0.3333333333333334,-0.8437463404726182,-0.3489037386073538,-0.47295413207979703,-0.15424271979935905,0.3769230769230769,5.767857142857143,-0.6350958522113643,-0.21981408768847596,-0.12429481529343624,Aerospace & Defense,Industrials,PKE
2018Q2,2018,Q2,2017-10-06,2017-08-27,520000.0,29836000.0,-168000.0,0.03,7177000.0,0.24054833087545247,308144000.0,181107000.0,268747000.0,17647000.0,127037000.0,11919000.0,24979000.0,364248000.0,404307000.0,8.949743032219807,15.2290474301581,0.227977828547692,0.3878922404987107,0.01737767398560613,8.949743032219807,0.002871230819349887,12.208338919426197,175.11923076923077,2.0112309297818416,3.8923076923076922,1.9010823055625472,0.005556653708462366,0.09682486110389947,14.407321357737858,0.001687522716651955,-252.42411642411642,0.24054833087545247,-0.5714285714285715,-0.8353379597033501,-0.33948820246739986,-0.4627447240623969,0.13524201202151218,-0.6269727403156384,-1.7179487179487178,-0.8914823249131489,-0.27148544200792457,-0.11522440046300488,Aerospace & Defense,Industrials,PKE
2018Q1,2018,Q1,2017-07-07,2017-05-28,1394000.0,27417000.0,234000.0,0.07,6322000.0,0.23058686216580954,307706000.0,182252000.0,268945000.0,15263000.0,125454000.0,10908000.0,26483000.0,331854000.0,355791000.0,9.006770447244874,17.62071676603551,0.23155219592728124,0.3909422118824485,0.002720420885462655,9.006770447244874,0.007648750082303623,12.103950103950105,59.51470588235294,1.8208524460636917,1.451219512195122,1.933901723505684,0.006096054288934291,0.08910128499281782,16.74015593264758,0.004530298401721124,135.72760736196318,0.23058686216580954,-0.4166666666666666,-0.7095788382712335,-0.38806594507758013,-0.45957350327362423,-0.14405632277281344,-0.43722244650787245,-0.9096873793901968,-0.8249227853153874,-0.4204697220749987,-0.09141636299370984,Aerospace & Defense,Industrials,PKE
2017Q4,2017,Q4,2017-05-12,2017-02-26,2477000.0,27599000.0,2591000.0,0.12,7386000.0,0.26761839197072357,308578000.0,182826000.0,269130000.0,14123000.0,125752000.0,11105000.0,27112000.0,393975450.0,363537450.0,9.0351371386212,19.056149543298165,0.2333283643033528,0.3938170719700699,0.009341783423475717,9.0351371386212,0.013548401212081432,14.274990035870864,39.76336798546629,2.154920252042926,0.8167137666532095,1.820171094101756,0.00513483771641101,0.08943929897789214,18.114281668200807,0.008027143866380624,160.60964125560537,0.26761839197072357,0.3333333333333333,-0.1937379710960479,-0.35188944726824956,-0.4536444456181638,0.11335544166415436,0.32106666666666667,0.35159102764736566,1.0425353201113097,-0.2543482303945132,-0.06032194940625012,Aerospace & Defense,Industrials,PKE
2017Q3,2017,Q3,2017-01-06,2016-11-27,1875000.0,26462000.0,1917000.0,0.09,6634000.0,0.25069911571309805,310044000.0,182157000.0,269753000.0,13613000.0,127887000.0,12587000.0,26658000.0,378394500.0,344670500.0,9.002075611564122,19.815837802100933,0.23464411502883462,0.39938075396498623,0.007036292841707751,9.002075611564122,0.01029331840115944,14.299542740533596,50.4526,2.0772987038653468,1.0789333333333333,1.575276078493684,0.0053462722106161695,0.08534917624595219,18.720120473077206,0.006047528737856562,216.3490566037736,0.25069911571309805,-0.10000000000000009,-0.6424816548334538,-0.4263460853403352,-0.4521157496828403,-0.08294166436273155,-0.05350832912670368,-0.08757734412184674,-0.5906301026484664,-0.31258101151382534,-0.40117658549606466,Aerospace & Defense,Industrials,PKE
2017Q2,2017,Q2,2016-10-07,2016-08-28,1981000.0,29058000.0,2101000.0,0.1,7234000.0,0.24895037511184528,313246000.0,182381000.0,272116000.0,15404000.0,130865000.0,11749000.0,26806000.0,326592900.0,296654900.0,9.013145539906104,17.665281745001298,0.23463986770780793,0.4030025057434711,0.007615023366359716,9.013145539906104,0.010861877059562125,11.23934544703696,41.21566128218072,1.7907177831024066,1.021706208985361,1.8575197889182058,0.006197317822892047,0.09276415341297255,16.75376525577772,0.006324103101077109,935.7962750716332,0.24895037511184528,-0.33333333333333326,-0.735262420148651,-0.40960912003536637,-0.4464186569443063,-0.17673836349152156,-0.3284745762711864,-0.3784023668639053,-0.7464465249293455,-0.3275714758624835,-0.39368005943976586,Aerospace & Defense,Industrials,PKE
2017Q1,2017,Q1,2016-07-08,2016-05-29,2950000.0,31490000.0,3380000.0,0.15,8787000.0,0.2790409653858368,317003000.0,182061000.0,275146000.0,18513000.0,134942000.0,12000000.0,26849000.0,323355300.0,290745300.0,8.997331356560416,14.86231296926484,0.2342249126979871,0.4078303425774878,0.011358236189287267,8.997331356560416,0.01620336041216955,10.268507462686568,27.402991525423726,1.7760821922322738,0.6857627118644067,1.8919166666666667,0.00625627599114658,0.09933659933817661,14.08869443094042,0.009305905622344268,38.61419871029376,0.2790409653858368,-0.3478260869565218,-0.5828301494992523,-0.37762833305339033,-0.4371235518342707,-0.18085205556073458,-0.35505028421512896,-0.37730287398673545,-0.38396192075232066,-0.253813822308625,-0.3824145695787541,Aerospace & Defense,Industrials,PKE
2016Q4,2016,Q4,2016-05-13,2016-02-28,4574000.0,35756000.0,5428000.0,0.23,10727000.0,0.30000559346683076,314777000.0,180867000.0,272185000.0,16678000.0,133910000.0,10214000.0,25922000.0,288171730.0,265414730.0,8.931262653696114,16.32000239836911,0.23826391381835393,0.414669342666158,0.01869264220545217,8.931262653696114,0.025289300978066757,8.059395066562255,15.750531810231745,1.5932797580542608,0.4429383471797114,2.450460152731545,0.00703053002457944,0.11359152669985419,15.589878882359995,0.014530921890735345,40.67923913043478,0.30000559346683076,0.15,-0.4374220670000069,-0.28837772967094644,-0.4334429644470071,0.04175973584539186,0.1131662204916038,0.11343589743589744,0.15406564123200783,-0.1391697511983251,-0.38042607487012836,Aerospace & Defense,Industrials,PKE
2016Q3,2016,Q3,2016-01-08,2015-11-29,4109000.0,34323000.0,4875000.0,0.2,10297000.0,0.3000029134982373,325924000.0,178116000.0,267554000.0,26910000.0,147808000.0,12641000.0,23374000.0,354630030.00000006,364395030.00000006,8.794548955710265,9.942549238201412,0.2653992955412918,0.48563857261559884,0.015946869099804716,8.794548955710265,0.023069235778930584,10.3321396731055,21.576419445120468,1.9910060297783467,0.4928206376247262,1.9006407720908156,0.005710176320939318,0.10530982683079491,9.280416202155333,0.012607233588198475,75.27701761834007,0.3000029134982373,-0.13043478260869565,-0.16599514153921024,-0.2546446151831505,-0.46292274519019194,-0.006177009941125374,-0.10067848544539286,-0.07337008173351074,-0.10399571744397279,-0.14572392782734253,-0.47651524271160905,Aerospace & Defense,Industrials,PKE
2016Q2,2016,Q2,2015-10-09,2015-08-30,4569000.0,37947000.0,5261000.0,0.23,10361000.0,0.27303871188763273,330146000.0,175825000.0,270906000.0,29453000.0,154321000.0,14050000.0,21290000.0,358134570.0,357755570.0,8.645572109947386,9.197908532237802,0.2695777019863939,0.506185127257216,0.01738175449032105,8.645572109947386,0.025986065690317077,9.43775713495138,19.59589461588969,2.036880818996161,0.4462683300503392,1.9634163701067615,0.005693390615711854,0.11494005682334482,8.535089804094659,0.013839331689616109,46.21687572590012,0.27303871188763273,0.0,-0.5093388377887221,-0.2936896930424756,-0.4665199879997294,-0.088501803466174,-0.04354197194892192,-0.03325983094450569,0.4396240355554198,-0.16409829712866097,-0.4810041793550627,Aerospace & Defense,Industrials,PKE
2016Q1,2016,Q1,2015-07-09,2015-05-31,4777000.0,37829000.0,5442000.0,0.23,11367000.0,0.30048375584868753,330807000.0,175420000.0,271200000.0,26769000.0,155387000.0,14533000.0,18760000.0,442560840.0,472501840.0,8.537914922612673,10.13112182001569,0.27659632353607994,0.5216052901607571,0.018245429580751787,8.537914922612673,0.027231786569376353,11.698983319675381,23.161023655013604,2.5228642116064304,0.4322796734352104,1.8208215784765707,0.004666025127754186,0.11435368659067069,9.359370914117076,0.014440444126031191,-73.83397397397397,0.30048375584868753,0.0,-0.5156056803978315,-0.35864504143117276,-0.4618589484021459,0.0099511328298534,-0.013220409006403635,0.028539028539028538,-0.019840731962290584,-0.16845553559353765,-0.48770588991897224,Aerospace & Defense,Industrials,PKE
2015Q4,2015,Q4,2015-05-15,2015-03-01,4841000.0,36241000.0,5291000.0,0.23,11255000.0,0.31055986313843437,350682000.0,181599000.0,313259000.0,29724000.0,169083000.0,14439000.0,16048000.0,454905920.0,407367920.0,8.690610643185298,10.538924774592921,0.26804911572307677,0.5176239957268487,0.018014809703393805,8.690610643185298,0.026657635779932708,12.552245247095831,23.49235281966536,2.505002340321257,6.8936170212765955,1.730452247385553,0.07336022358205407,0.103344340456596,9.87632889247746,0.013804529459738453,56.85613298337708,0.31055986313843437,1.3,-0.5407048790944011,-0.2929102004753845,-0.4352579477830634,0.309025354733659,1.3835548990645004,1.3962862318840579,0.5258973973599377,-0.17586953595156424,-0.47447799374534133,Aerospace & Defense,Industrials,PKE
2015Q3,2015,Q3,2015-01-09,2014-11-30,2031000.0,34679000.0,2208000.0,0.1,8598000.0,0.24793102453934657,388812000.0,211798000.0,323584000.0,32129000.0,177014000.0,14197000.0,44579000.0,505870050.0,459614050.0,10.111137633073948,10.07139967007999,0.2674814563336523,0.4910339096686465,0.006863397095238313,10.111137633073948,0.009589325678240588,14.587215605986332,62.268593057607085,2.388455273420901,1.0315115706548499,1.837078255969571,0.004141379787160755,0.08919220600187237,9.53288306514364,0.005223604209746613,190.03382794891058,0.24793102453934657,-0.5833333333333333,-0.722187941225676,-0.26213237855979693,-0.32563087294030485,-0.29356667488291843,-0.5901109989909182,-0.6216586703221384,-0.6258994395623768,-0.2737682393229129,-0.38461602623799723,Aerospace & Defense,Industrials,PKE
2015Q2,2015,Q2,2014-10-09,2014-08-31,4955000.0,42349000.0,5836000.0,0.24,12171000.0,0.28739757727455195,391650000.0,211662000.0,327358000.0,32681000.0,179988000.0,15157000.0,44643000.0,588829500.0,578390500.0,10.115268817204301,10.016768152749304,0.2655432146048768,0.49134941557766626,0.016066061505597782,10.115268817204301,0.023409964944109005,13.90421261422938,29.70885469223007,2.781932987498937,0.42199798183652876,1.9910272481361746,0.0035511128433612787,0.10812970764713392,9.426088552981854,0.012651602195838121,68.21472428174235,0.28739757727455195,-0.38461538461538464,0.02258926339249259,-0.022586297697347515,-0.30814170499749144,-0.2810561757930179,-0.3969084712755599,-0.4202265050665607,-0.35965721620177604,-0.1679396590895716,-0.37872698577818925,Aerospace & Defense,Industrials,PKE
2015Q1,2015,Q1,2014-07-11,2014-06-01,8216000.0,48817000.0,10066000.0,0.39,16929000.0,0.34678493147878814,389486000.0,206983000.0,324467000.0,32697000.0,182503000.0,15077000.0,41779000.0,550188000.0,519092000.0,9.912978927203065,9.923448634431294,0.2670185834664147,0.5024567234990314,0.0269714188181885,9.912978927203065,0.03969408115642348,11.270418092058094,16.741358325219085,2.6581313441200485,0.25413826679649465,2.1150096172978707,0.003795066413662239,0.12533698258730738,9.349236933051962,0.021094468093846762,59.249192332543615,0.34678493147878814,1.135516293482607,1.6203851609220328,0.3042146938107732,-0.3183338933513363,0.62,1.1368785819005731,1.6785524215007983,0.12596280107207738,-0.06497988481716203,-0.3798402939536869,Aerospace & Defense,Industrials,PKE
2014Q4,2014,Q4,2014-05-16,2014-03-02,-60024000.0,38151000.0,3758000.0,-2.8778827252241452,10450000.0,0.2739115619511939,377093000.0,200543000.0,311240000.0,24243000.0,176550000.0,13871000.0,35651000.0,594841640.0,565691640.0,9.615141199597257,12.838345089304129,0.27579403489324916,0.5185920226584823,-0.19948403234088588,9.615141199597257,-0.2993073804620455,15.591770595790411,-2.4775158270025326,2.9661550889335455,-0.9043382646941224,1.9970441929204816,0.09125453961158468,0.10117132908858027,12.095738976199316,-0.1591755879849268,80.78794513106071,0.2739115619511939,-13.512533587931065,-4.010072413042279,0.05487619674214336,-0.3343741465530117,-0.05327052002174307,-13.714255454352891,-0.23803730738037307,-8.168133725736327,-0.26277312130389474,-0.39006094595002583,Aerospace & Defense,Industrials,PKE
2014Q3,2014,Q3,2014-01-10,2013-12-01,4721000.0,39678000.0,4932000.0,0.23,11038000.0,0.27818942487020515,382143000.0,313542000.0,335166000.0,15594000.0,68601000.0,14633000.0,149957000.0,596718770.0,520039770.0,15.032938581771107,21.493266641015776,0.13607471548608766,0.16584699976398695,0.013041998004054348,15.032938581771107,0.01505699395934197,15.039033469428903,31.59917231518746,1.9031541866799344,0.4416437195509426,1.9572199822319416,0.003494108288230987,0.1038302415587882,20.14313197383609,0.012354014073265767,62.483640837696335,0.27818942487020515,-0.41025641025641024,0.5792871731251132,-0.2079144082640634,0.09964619177724136,-0.1896336539167462,-0.4131758856432567,-0.33896260554885405,-0.06952660184405017,-0.16330832522081,-0.08194844034840952,Aerospace & Defense,Industrials,PKE
2014Q2,2014,Q2,2013-10-11,2013-09-01,8045000.0,44497000.0,7461000.0,0.39,13621000.0,0.30611052430500935,380504000.0,309734000.0,332834000.0,17763000.0,70770000.0,14299000.0,147321000.0,555071040.0,497136040.0,14.865329237857555,18.7374880369307,0.13666084982023843,0.16788599249678757,0.022566759040311066,14.865329237857555,0.025973900185320305,12.474347484100052,17.24894468614046,1.7920894703196937,0.25904288377874457,2.1593118399888103,0.003754474382234029,0.11694226604713748,17.43264088273377,0.021143010323150347,86.09757096323871,0.30611052430500935,0.6250000000000001,0.5999696580057117,-0.21419900070089903,0.08688548250950619,0.04849511200061581,0.6321769121525664,0.1966319165998396,-0.15674463405108413,-0.1916091892425643,-0.08272628816828137,Aerospace & Defense,Industrials,PKE
2014Q1,2014,Q1,2013-07-11,2013-06-02,4929000.0,43438000.0,6235000.0,0.24,12991000.0,0.2990699387632948,375671000.0,303434000.0,327064000.0,19230000.0,72237000.0,14297000.0,141360000.0,501121680.0,364038680.0,14.56856155175725,17.008008320332813,0.13841898895576182,0.17137169862309432,0.014100488565634053,14.56856155175725,0.016244059663715997,11.536481421796584,25.41700547778454,1.6515014138165134,0.42260093325218095,2.1296076099881094,0.004156675081389415,0.11562777004346889,15.911076443057722,0.013120523010825962,84.86395935647757,0.2990699387632948,0.1999999999999999,-0.3622248899529315,-0.2897245443328476,0.07269564477826206,0.09767638360794255,0.21046168958742634,0.3425925925925926,-0.5069597973125299,-0.2735208884229624,-0.08174992316137719,Aerospace & Defense,Industrials,PKE
2013Q4,2013,Q4,2013-05-16,2013-03-03,4072000.0,42675000.0,4644000.0,0.2,11835000.0,0.2773286467486819,369658000.0,299922000.0,320674000.0,16678000.0,69736000.0,12918000.0,138514000.0,515572680.0,381455680.0,14.415168701336153,19.227365391533755,0.1406705657661947,0.17337841172038063,0.011295888890050248,14.415168701336153,0.01357686331779596,12.081375043936731,31.653528978389,1.7190225458619242,13.297888015717092,2.3873664653971205,0.10502689940824637,0.11544454603985305,18.05336371267538,0.011015587380768169,88.60159477573467,0.2773286467486819,-0.13043478260869565,-0.5728339536031343,-0.31046829953006094,0.09067557461924754,-0.056220095693779906,-0.13545647558386412,-0.17307692307692307,-0.6119934258679344,-0.16377625634300866,-0.06325892509871645,Aerospace & Defense,Industrials,PKE
2013Q3,2013,Q3,2013-01-04,2012-11-25,4710000.0,41265000.0,5616000.0,0.23,12540000.0,0.3038894947291894,369418000.0,349457000.0,318172000.0,18676000.0,19961000.0,15899000.0,188590000.0,501096090.0,348153090.0,16.80000961492236,17.03641036624545,0.0,0.0,0.013143383603886043,16.80000961492236,0.01347805309379981,12.143368229734643,26.597457006369424,1.4339277507676196,0.4416135881104034,1.80671740361029,0.0041509004789879725,0.11170273240610906,15.986667380595417,0.012749784796626045,78.59098023839398,0.3038894947291894,0.43750000000000006,-0.4752631748139513,-0.3660869286999038,0.3166628606726832,-0.04992802485036745,0.4510166358595194,0.37545922116091107,-0.351216650803073,-0.11583899719046829,0.1204879440618746,Aerospace & Defense,Industrials,PKE
2013Q2,2013,Q2,2012-10-04,2012-08-26,3246000.0,46430000.0,4083000.0,0.16,13199000.0,0.28427740684902003,366769000.0,346492000.0,317283000.0,18992000.0,20277000.0,15725000.0,185962000.0,549744000.0,421381000.0,16.658269230769232,16.706139427127212,0.0,0.0,0.008974726823294801,16.658269230769232,0.009368181660759844,11.840275683825112,42.34011090573013,1.5865994020063954,0.6404805914972274,2.1132591414944355,0.0037817602374923603,0.12659194206707763,15.669439764111205,0.00885025724638669,148.57945945945946,0.28427740684902003,-0.3333333333333333,-0.6537256991098421,-0.25059547217206907,0.3499811490109154,0.01718557336621455,-0.34198256638962093,-0.3090201387713657,-0.3260801989808299,0.07804298722351065,0.13938264577709186,Aerospace & Defense,Industrials,PKE
2013Q1,2013,Q1,2012-07-06,2012-05-27,4933000.0,46046000.0,5909000.0,0.24,12976000.0,0.28180515137036877,371867000.0,346587000.0,317903000.0,23944000.0,25280000.0,18404000.0,184794000.0,498480120.0,369892120.0,16.66604154645124,13.276937854994989,0.0,0.0,0.013771616379601281,16.66604154645124,0.014233078563246746,10.82569864917691,25.26252381917697,1.4382539448969522,0.4216501114940199,1.7968919800043468,0.004172683957787525,0.12382384024395819,12.360299031072502,0.013265495459398119,250.24102409638553,0.28180515137036877,0.5807553157727705,-0.3532523757137626,-0.21615298147753104,0.23495621500116895,0.1543456987812472,0.5655347508727389,0.8540947599623471,0.5796704780197083,0.23515254282399944,0.14604053308723128,Aerospace & Defense,Industrials,PKE
2012Q4,2012,Q4,2012-05-10,2012-02-26,3151000.0,43676000.0,3187000.0,0.1518261539944107,11241000.0,0.25737247000641084,365988000.0,343211000.0,311590000.0,21441000.0,22777000.0,15823000.0,181941000.0,622412460.0,492909460.0,16.53710128168064,14.532437852712095,0.0,0.0,0.008631167996975707,16.53710128168064,0.009180941170300485,14.250674512317978,49.38213741669311,1.8134979939454152,0.658838463979689,2.0498641218479428,0.003335408805922684,0.11933724602992447,13.633599179142763,0.008609571898532193,76.55749815498154,0.25737247000641084,-0.41605325386765113,-0.6526271279472848,-0.2898241719592065,0.26385028325207327,-0.13504155124653738,-0.4142033835285369,-0.46927560366361365,-0.8412000205181085,0.21363600623402,0.1448112852070259,Aerospace & Defense,Industrials,PKE
2012Q3,2012,Q3,2012-01-05,2011-11-27,5379000.0,47312000.0,6005000.0,0.26,12996000.0,0.27468718295569833,366735000.0,341001000.0,309219000.0,22853000.0,25734000.0,16183000.0,180866000.0,537943680.0,400294680.0,16.430615784908934,13.53078370454645,0.0,0.0,0.015295293795542276,16.430615784908934,0.015774147289890645,11.370131890429489,25.002030117122143,1.577542822455066,0.38575943483918945,2.1204968176481493,0.003857281119094103,0.12900868474511568,12.678816785542379,0.01466726655486932,76.5211493598862,0.27468718295569833,-0.29729729729729726,-0.45088006178003326,-0.3251119021553749,0.29769854503374726,-0.10594386351128234,-0.2986962190352021,-0.2133874770762379,0.8083341363913785,-0.050830714563106644,0.20188504583788908,Aerospace & Defense,Industrials,PKE
2012Q2,2012,Q2,2011-10-06,2011-08-28,7670000.0,50449000.0,7634000.0,0.37,14536000.0,0.2881325695256596,363379000.0,337695000.0,305297000.0,22676000.0,25684000.0,14808000.0,177562000.0,527236220.00000006,377464220.00000006,16.281519695289525,13.46344152407832,0.0,0.0,0.01839091407473724,16.281519695289525,0.022712802973097024,10.45087553767171,17.18501368970013,1.5612793200965367,0.27027379400260754,2.4252431118314424,0.003931823955493801,0.13883300906216375,12.597900864349974,0.021107438789803482,147.39620352250492,0.2881325695256596,0.0571428571428572,-0.40500221727594654,-0.26197783020360854,0.33202234296728206,-0.08973636420564844,0.05909969621651477,-0.09324147761016748,0.5323773338970016,-0.10500818329691558,0.19043090851536473,Aerospace & Defense,Industrials,PKE
2012Q1,2012,Q1,2011-07-07,2011-05-29,7242000.0,51817000.0,8419000.0,0.35,15969000.0,0.30818071289345195,362310000.0,331248000.0,303939000.0,27965000.0,31062000.0,14268000.0,171965000.0,605111600.0,440239600.0,15.984558220334893,10.868549973180762,0.0,0.0,0.021303552105304116,15.984558220334893,0.02186277351108535,11.677858617828125,20.888967136150235,1.826763029512631,0.2861088097210715,2.512475469582282,0.003424161757930273,0.14301840964919543,10.23375648131593,0.0199884077171483,69.52908192577272,0.30818071289345195,-0.1282317441158721,-0.20884714012986422,-0.19878528208355256,0.26023571885305136,-0.05670742512847776,-0.12589016294508149,-0.18993553353218512,-0.05819235662940324,-0.14842246920964328,0.1769566903185167,Aerospace & Defense,Industrials,PKE
2011Q4,2011,Q4,2011-05-12,2011-02-27,8285000.0,51201000.0,10393000.0,0.40148284551269625,16929000.0,0.3306380734751274,353808000.0,325308000.0,296959000.0,25253000.0,28500000.0,12888000.0,166795000.0,656224800.0,544029800.0,15.76410157007172,11.759355324119907,0.0,0.0,0.024921448874662726,15.76410157007172,0.02546817170189482,12.816640299994141,19.80159324079662,2.0172415065107527,2.7425467712733855,2.659217877094972,0.03462532961265713,0.14471408221408222,11.098324951490913,0.023416655361099804,76.99457937346006,0.3306380734751274,0.6728451896362344,0.4045959463811457,-0.12471262774851109,0.2910064560243804,0.16816174441070936,0.650398406374502,0.5286071481100162,-0.1237166829159177,-0.16589211717936617,0.19273807296479814,Aerospace & Defense,Industrials,PKE
2011Q3,2011,Q3,2011-01-06,2010-11-28,5020000.0,46920000.0,6799000.0,0.24,14492000.0,0.30886615515771526,366336000.0,337911000.0,306702000.0,23605000.0,28425000.0,13417000.0,181232000.0,569966320.0,445669320.0,16.37483039348711,12.993094683329803,0.0,0.0,0.014592000430238315,16.37483039348711,0.01485598278836735,12.14761977834612,28.384776892430278,1.6867350278623663,0.41115537848605577,2.4169337407766265,0.0036212666039635464,0.12807914046121593,12.314001270917178,0.013703266946191475,43.22183362402366,0.30886615515771526,-0.4782608695652174,-0.49826915080431994,-0.2004929231644029,0.37415801790650477,-0.20882240541573402,-0.46861437493384145,-0.3863164545536601,-0.4362545519827357,-0.27345159144155157,0.2833403981964551,Aerospace & Defense,Industrials,PKE
2011Q2,2011,Q2,2010-10-07,2010-08-29,9447000.0,54505000.0,11079000.0,0.46,18317000.0,0.33606091184295017,363464000.0,334362000.0,303088000.0,24058000.0,29102000.0,14144000.0,178276000.0,500532320.00000006,400056320.00000006,16.205990694067467,12.598220965998836,0.0,0.0,0.02770859051954074,16.205990694067467,0.028253808746209197,9.18323676726906,13.245800783317456,1.4969772880889578,0.2183762040859532,2.5585407239819005,0.004121611967035415,0.14995983095987497,11.901779034001164,0.025991570004181983,53.26511865488987,0.33606091184295017,-0.04166666666666659,0.5143258086564609,0.009113648610842275,0.2881454074421058,-0.0915538362346873,-0.042760158070726514,-0.10660430610434643,0.01598586733458523,-0.11309729621639096,0.3133286318621437,Aerospace & Defense,Industrials,PKE
2011Q1,2011,Q1,2010-07-08,2010-05-30,9869000.0,59026000.0,12401000.0,0.48,20163000.0,0.34159522922102126,358082000.0,326212000.0,297301000.0,26561000.0,31870000.0,14053000.0,170892000.0,532118680.0,441305680.0,15.865570740722728,11.193140318512103,0.0,0.0,0.03006905285520092,15.865570740722728,0.030253332188883302,9.014987971402434,13.47954909311987,1.6312051058820645,0.2081264565812139,2.7654593325268624,0.003860041147211746,0.16483933847554472,10.562102330484546,0.027560726314084485,67.68235563469855,0.34159522922102126,-0.048385290995077775,0.7969760438177589,0.028510386748199935,0.2856137582219759,0.14011874469889737,-0.047485763922401315,0.18635798335406104,0.30867694432535625,0.01629158781021613,0.17564120647282924,Aerospace & Defense,Industrials,PKE
2010Q4,2010,Q4,2010-05-14,2010-02-28,10361000.0,50383000.0,10453000.0,0.5044058225013388,17685000.0,0.35101125379592324,343104000.0,316098000.0,282678000.0,21642000.0,27006000.0,11973000.0,163077000.0,578434560.0,444404560.0,15.388637359427486,13.061546991960078,0.0,0.0,0.03260004203612702,15.388637359427486,0.03277780941353631,11.48074866522438,13.957015732072193,1.8299216065903612,0.19824341279799249,2.73097803390963,0.0035509634832330906,0.14684468849095317,12.454394233434988,0.03019784088789405,103.8295745826602,0.35101125379592324,0.4411594928609681,1.0299656771686843,-0.04684044944023592,0.26102715626877715,0.28515369522563766,0.4452503835960385,0.36944844753045986,0.15406268704437096,-0.1722726941999022,0.17607876702798417,Aerospace & Defense,Industrials,PKE
2010Q3,2010,Q3,2010-01-07,2009-11-29,7169000.0,46088000.0,7633000.0,0.35,13761000.0,0.29858097552508245,336849000.0,307981000.0,275830000.0,22388000.0,28868000.0,10717000.0,154770000.0,485794650.0,327804650.0,14.993476461710724,12.320439521172057,0.0,0.0,0.022940796681954728,14.993476461710724,0.02327740997009556,10.54058865648325,16.94080938764123,1.5773526613654738,0.28651136839168645,3.0164225062984045,0.004228123961431029,0.13682094944619103,11.688940503841344,0.021282533123150135,181.19904886236478,0.29858097552508245,0.5217391304347825,-0.09703145489141704,-0.11332577954654402,0.25359281023974517,0.2569419071976617,0.5076761303890641,0.32863359442993906,-0.26055737989963573,-0.3357546024298178,0.18419253691212667,Aerospace & Defense,Industrials,PKE
2010Q2,2010,Q2,2009-10-08,2009-08-30,4755000.0,42518000.0,5745000.0,0.23,10948000.0,0.25749094501152453,333033000.0,300216000.0,270524000.0,25692000.0,32817000.0,11008000.0,147601000.0,442302360.0,266561360.0,14.620434401480471,10.529503347345477,0.0,0.0,0.015292896677417471,14.620434401480471,0.015838596210728275,10.402708499929442,23.254593059936905,1.473280438084579,0.3455310199789695,2.8679142441860463,0.003714653478222454,0.12766902979584605,9.996029892573564,0.014277864355784563,87.96785202863961,0.25749094501152453,0.5333333333333334,0.562508624080452,-0.1942116886999991,0.15899195947074554,0.1889661164205039,0.5468445022771633,0.7456700091157703,-0.6274139088070458,-0.3717307453808415,0.19612577026785716,Aerospace & Defense,Industrials,PKE
2010Q1,2010,Q1,2009-07-09,2009-05-31,3074000.0,36697000.0,3291000.0,0.15,9208000.0,0.25091969370793255,327986000.0,297695000.0,265410000.0,22961000.0,30291000.0,11210000.0,146543000.0,421702600.0,263292600.0,14.542279321967662,11.55916554157049,0.0,0.0,0.008540558383654803,14.542279321967662,0.010326004803574127,11.491473417445567,34.29591737150293,1.4165592300844825,0.5328562134027326,2.452185548617306,0.003884253974246305,0.11188587317751368,10.920517399067984,0.009372351258895196,68.41378974691759,0.25091969370793255,-0.8431100551808706,-0.5059389088347915,-0.39314280616696395,0.1553433489267184,0.1351084812623274,-0.8429388922951154,1.897708674304419,-0.6600466589949262,-0.4255915982333541,0.1465252640994051,Aerospace & Defense,Industrials,PKE
2009Q4,2009,Q4,2009-05-15,2009-03-01,19572000.0,35497000.0,-3666000.0,0.9560842166967906,8112000.0,0.22852635433980337,327579000.0,295709000.0,263931000.0,24286000.0,31870000.0,10677000.0,145107000.0,299286020.0,258496020.0,14.445264032045332,10.867619204479947,0.0,0.0,0.01881856316458146,14.445264032045332,0.066186690293498,8.431304617291602,3.8228849887594523,1.012096419114738,0.08369098712446352,2.5648590428022855,0.0054730254356685284,0.10836164711413125,10.200403524664416,0.059747419706391434,27.475077572753143,0.22852635433980337,5.829172976405646,2.2250448894306714,-0.20047319050572085,0.17050608892852645,-0.17106069895769466,5.670756646216769,-2.219966722129784,2.3448801864906517,-0.38828330812661577,0.1829998075978174,Aerospace & Defense,Industrials,PKE
2009Q3,2009,Q3,2009-01-09,2008-11-30,2934000.0,49166000.0,3005000.0,0.14,9786000.0,0.19903998698287434,328427000.0,279853000.0,264223000.0,22732000.0,48574000.0,12439000.0,127173000.0,324055930.0,289057930.0,13.670704899614089,11.623394333978533,0.0,0.0,0.006766462002271369,13.670704899614089,0.010484075568244757,6.591057438066957,27.612127641445127,1.1579505311717222,0.5579413769597819,3.165849344802637,0.005051597111646746,0.1497014557268434,10.7759546014429,0.008933492069775019,201.40206960845245,0.19903998698287434,-0.4166666666666666,1.8756610254893205,-0.12549387851574526,0.06040882213912709,-0.10654615173924951,-0.4057119708324894,-0.37173322182730506,-0.7043937187896159,-0.155468901221473,0.1472307374682933,Aerospace & Defense,Industrials,PKE
2009Q2,2009,Q2,2008-10-09,2008-08-31,4937000.0,55599000.0,4783000.0,0.24,10953000.0,0.196999946042195,335046000.0,279804000.0,271579000.0,29174000.0,55242000.0,15455000.0,125876000.0,573233160.0,519020160.0,13.676996773878189,9.308939466648386,0.0,0.0,0.013033762905959157,13.676996773878189,0.01764449400294492,10.31013435493444,29.02740328134495,2.0486953724750183,0.3313753291472554,2.888773859592365,0.0028539870233606165,0.16594437778693075,8.574895454857064,0.014735290079571164,169.94757189445596,0.196999946042195,-0.35135135135135137,-0.7495369922051129,0.13945970834632104,0.0665216160791321,-0.24840458381939204,-0.3466984253010454,-0.41946838208520454,-0.20188276224177412,0.03812313966835418,0.08712641605558247,Aerospace & Defense,Industrials,PKE
2009Q1,2009,Q1,2008-07-03,2008-06-01,7557000.0,59800000.0,8239000.0,0.37,14573000.0,0.24369565217391304,334994000.0,276596000.0,272111000.0,32234000.0,58398000.0,15275000.0,122575000.0,598353080.0,484823080.0,13.58126288912894,8.441738536948563,0.0,0.0,0.022712270591217484,13.58126288912894,0.027321436318674168,10.005904347826087,19.794663226147943,2.1632745231312094,0.21542940320232898,2.960851063829787,0.002720801570871834,0.178510659892416,7.799621517652168,0.022558612990083403,107.81136576576577,0.24369565217391304,-0.19243167934840852,1.8653666828525381,0.1581123278700601,0.12798981159726364,-0.07963875205254516,-0.19011895831100634,-0.028190610993158765,0.38917530476071677,0.05197399973614557,0.10051246876847848,Aerospace & Defense,Industrials,PKE
2008Q4,2008,Q4,2008-05-15,2008-03-02,9331000.0,60581000.0,8478000.0,0.45816557006776,15834000.0,0.2613690761129727,327407000.0,269172000.0,271039000.0,31979000.0,58235000.0,14049000.0,116646000.0,473916820.0,373757820.0,13.216733771972896,8.47553081709872,0.0,0.0,0.030946054228650707,13.216733771972896,0.03466556699805329,7.82286228355425,12.697374879434145,1.7606467983296925,0.17436501982638516,3.185066552779557,0.003433091908407049,0.1850326963076538,7.8627849526251605,0.028499696096906908,38.364512264227315,0.2613690761129727,0.06550132573897673,1.1943200178872053,0.1773556346711277,0.05873298887660431,-0.015053495894501119,0.06311951691922069,-0.10720303285593934,0.8438732072635978,0.1559361913720307,0.08304977330705975,Aerospace & Defense,Industrials,PKE
2008Q3,2008,Q3,2008-01-03,2007-11-25,8777000.0,63653000.0,9496000.0,0.43,16076000.0,0.252556831571175,318123000.0,259529000.0,262985000.0,30290000.0,58594000.0,14729000.0,108942000.0,583351200.0,493660200.0,12.759537856440511,8.682238362495873,0.0,0.0,0.027443583347556925,12.759537856440511,0.03381895664838997,9.164551552951156,16.615905206790476,2.2477303114488167,0.18537085564543693,3.23015819132324,0.002789057432298074,0.20008927364572823,8.013766919775504,0.02758995734354322,76.72645008549257,0.252556831571175,-0.04444444444444448,2.6012563383268748,0.1494172527021599,-0.1293730162472581,-0.021843626407058107,-0.041812227074235805,-0.029435813573180702,0.11642813844313844,0.23670390060525712,0.06681495513487128,Aerospace & Defense,Industrials,PKE
2008Q2,2008,Q2,2007-10-02,2007-08-26,9160000.0,60541000.0,9784000.0,0.45,16435000.0,0.2714689218876464,309769000.0,250803000.0,254261000.0,30118000.0,58966000.0,15728000.0,101792000.0,597148500.0,498351500.0,12.339630996309964,8.442160834052727,0.0,0.0,0.029177593727028318,12.339630996309964,0.03652268912253841,9.863538758857633,16.297721069868995,2.3809464001626774,3.506986899563319,2.8042980671414037,0.05379566389264982,0.19543918210021016,7.800750381831463,0.029570421830460762,233.44351055512118,0.2714689218876464,0.21621621621621626,4.585605678363022,0.029630543872265384,-0.17614323806374518,0.16485930966050039,0.23600053973822696,0.2981292291362611,2.0409576983452222,0.1591529086452163,-0.021812025905943406,Aerospace & Defense,Industrials,PKE
2008Q1,2008,Q1,2007-07-02,2007-05-27,7411000.0,57077000.0,7537000.0,0.37,14109000.0,0.24719238922858594,331927000.0,272685000.0,276185000.0,30279000.0,59242000.0,15958000.0,124756000.0,572031860.0,440984860.0,13.495248935959616,9.121338221209419,0.0,0.0,0.0208001295508142,13.495248935959616,0.02717787923794855,10.022108029504004,19.296716367561732,2.0977753085061517,0.21805424369180948,2.692567990976313,0.002825017473677078,0.17195648440771616,8.47788896595,0.022327198450261654,38.48438240043057,0.24719238922858594,-0.15345308250226652,12.338221896229838,-0.018095357007070743,-0.09350840679910492,-0.024206376651220694,-0.16013145965548503,-0.2010811956752173,0.2067361220123641,-0.043740438654963076,0.0721597182305853,Aerospace & Defense,Industrials,PKE
2007Q4,2007,Q4,2007-05-10,2007-02-25,8824000.0,59826000.0,9434000.0,0.4370696914161177,14459000.0,0.24168421756426972,321922000.0,264167000.0,266332000.0,32565000.0,57755000.0,15090000.0,118961000.0,581645090.0,462594090.0,13.084699588885037,8.178473821587595,0.0,0.0,0.029900840935415476,13.084699588885037,0.03340311242509473,9.722279443720122,16.47906533318223,2.201808287939069,0.18313689936536717,3.0064280980781977,0.002778326556491692,0.18584004821043607,7.621464762782128,0.02741036648629171,47.78157315370081,0.24168421756426972,-0.07006448634868574,9.499730171050732,0.02953488718743405,-0.12048451754848304,-0.16135954991009802,-0.0739846783502991,-0.10126702867485948,1.5600238791141554,0.36632997863161254,0.06025895453445318,Aerospace & Defense,Industrials,PKE
2007Q3,2007,Q3,2007-01-04,2006-11-26,9529000.0,68195000.0,10497000.0,0.47,17241000.0,0.2528191216364836,318954000.0,255620000.0,261421000.0,36549000.0,63334000.0,16191000.0,111752000.0,,,,,,,,,,,,,,,,,,,,,,,,,,,,,,,Aerospace & Defense,Industrials,PKE
2007Q2,2007,Q2,2006-10-05,2006-08-27,12544000.0,66518000.0,7892000.0,0.62,16044000.0,0.24119787125289396,313130000.0,246700000.0,254683000.0,39523000.0,66430000.0,16319000.0,103839000.0,,,,,,,,,,,,,,,,,,,,,,,,,,,,,,,Aerospace & Defense,Industrials,PKE
2007Q1,2007,Q1,2006-07-07,2006-05-28,8894000.0,62838000.0,9602000.0,0.44,16363000.0,0.26039975810815114,318005000.0,255388000.0,262312000.0,35586000.0,62617000.0,15531000.0,113093000.0,,,,,,,,,,,,,,,,,,,,,,,,,,,,,,,Aerospace & Defense,Industrials,PKE
