Quarters,Year,Quarter,FillingDate,Date,NetIncome,Revenue,OperatingIncome,EPSDiluted,GrossProfit,GrossProfitRatio,TotalAssets,CommonStockEquity,CurrentAssets,CurrentLiability,TotalLiability,Inventory,RetainedEarnings,MarketCap,EnterpriseValue,bookValuePerShare,currentRatio,debtToAssets,debtToEquity,roic,shareholdersEquityPerShare,roe,priceToSalesRatio,peRatio,pbRatio,payoutRatio,inventoryTurnover,dividendYield,assetTurnover,quickRatio,returnOnAssets,priceToFreeCashFlowsRatio,grossProfitMargin,epsdilutedGrowth,fiveYNetIncomeGrowthPerShare,fiveYRevenueGrowthPerShare,fiveYShareholdersEquityGrowthPerShare,grossProfitGrowth,netIncomeGrowth,operatingIncomeGrowth,threeYNetIncomeGrowthPerShare,threeYRevenueGrowthPerShare,threeYShareholdersEquityGrowthPerShare,Industry,Sector,Symbol
2023Q1,2023,Q1,2023-05-09,2023-04-01,185801000.0,1791172000.0,255845000.0,1.14,424199000.0,0.236827619,10861132000.0,4032534000.0,1902506000.0,1099024000.0,6739533000.0,828789000.0,3271329000.0,9352468000.0,14087292000.0,25.180517655874365,1.7310868552461092,0.4481481304158719,1.207031608412973,0.024644668372972838,25.180517655874365,0.04607549496172878,5.221423738200463,12.583985016227038,2.3192533528545574,0.0,1.6493619003147966,0.0,0.16491577489344572,0.8220612106741982,0.017106964541080984,123.73935593130639,0.23682761901146288,0.18749999999999994,0.9646397171385691,1.1052984843368587,0.7540850023289176,0.09106084183181368,0.18677184466019417,0.026558224262316132,1.2180250476797356,1.1438974971533138,0.6183427367794437,Packaged Foods,Consumer Defensive,DAR
2022Q4,2022,Q4,2023-02-27,2022-12-31,156560000.0,1768083000.0,249226000.0,0.96,388795000.0,0.219896351,9202370000.0,3809023000.0,1638097000.0,1068443000.0,5305880000.0,673621000.0,3085528000.0,9999071834.18,13447805834.18,23.842887972366604,1.5331627424205128,0.38856837966741176,0.9387577864455006,0.026560336706161466,23.842887972366604,0.04110240342471022,5.655318123741929,15.966836730614462,2.6251014588727872,0.0,2.0475727449114562,0.0,0.1921334395378582,0.7695047840642879,0.01701300860539187,251.23927320234176,0.21989635101972022,-0.17948717948717946,0.5312499957567338,0.9283462229951254,0.75456565324042,0.03303468469186581,-0.18066160424113334,-0.07119937688899158,-0.3207591637486545,1.1654244330223564,0.56256272995771,Packaged Foods,Consumer Defensive,DAR
2022Q3,2022,Q3,2022-11-08,2022-10-01,191081000.0,1747599000.0,268331000.0,1.17,376362000.0,0.2153594732,8808754000.0,3580112000.0,1562036000.0,1027983000.0,5139940000.0,641980000.0,2928968000.0,10622830050.0,13958586050.0,22.293909220547118,1.519515400546507,0.3929940602269061,0.9669496373297819,0.03141636590685447,22.293909220547118,0.053372911238531086,6.078528340883692,13.898333756365103,2.9671781357678197,0.0,2.1359497180597526,0.0,0.1983934390720867,0.791219310046956,0.021692171219675337,61.846577802877256,0.2153594731972266,-0.04878048780487809,24.25662507356974,0.9118867647123673,0.7301856097419644,-0.10107695357563395,-0.054035723479672865,-0.03690077957876904,6.621435631819549,1.1291759556061303,0.5910183233639763,Packaged Foods,Consumer Defensive,DAR
2022Q2,2022,Q2,2022-08-09,2022-07-02,201996000.0,1650188000.0,278612000.0,1.23,418681000.0,0.2537171522,8026686000.0,3493466000.0,1461826000.0,919827000.0,4460163000.0,578402000.0,2737887000.0,10121395840.0,13067655840.0,21.61370273213225,1.5892401505935356,0.3853383575737235,0.8853642771963431,0.03345062320433708,21.61370273213225,0.05782108656560562,6.133480451924266,12.526728054020872,2.897236108781365,0.0,2.129154117724351,0.0,0.20558771079371985,0.8140519902112028,0.02516555400323371,78.51886551231925,0.2537171522275038,0.060344827586206955,21.500017479377853,0.8761626437381774,0.7246342282434256,0.21091113122800118,0.059062239489123425,0.19627821502024484,6.84994481096683,1.0353695808095122,0.5215499266187373,Packaged Foods,Consumer Defensive,DAR
2022Q1,2022,Q1,2022-05-10,2022-04-02,190731000.0,1366334000.0,232899000.0,1.16,345757000.0,0.253054524,6615616000.0,3425280000.0,1259033000.0,813414000.0,3119966000.0,491694000.0,2535891000.0,13428147200.0,15208840200.0,21.222830801259015,1.547837878374358,0.28419923405469727,0.5489049070440957,0.037439478005861095,21.222830801259015,0.055683330997757845,9.827865807335542,17.60089759923662,3.920306427503737,0.0,2.075634439305747,0.0,0.20653163666089447,0.789622504653227,0.028830421838268727,166.86317568407188,0.2530545240036477,0.22105263157894733,32.39859923531061,0.5846731287900203,0.7486611731831493,0.07664163116857235,0.21024511887916647,0.11697872503692903,9.81605044516738,0.6711893842146963,0.5274526090765339,Packaged Foods,Consumer Defensive,DAR
2021Q4,2021,Q4,2022-03-01,2022-01-01,157597000.0,1310068000.0,208508000.0,0.95,321144000.0,0.245135367,6133728000.0,3280960000.0,1089014000.0,752684000.0,2785943000.0,457465000.0,2347838000.0,11241869437.500002,12794826437.500002,20.22241226549559,1.4468409053467326,0.2644171701125319,0.49432574612308594,0.033229995081427766,20.22241226549559,0.04803380717838682,8.581134290357449,17.833254182344845,3.42639637103165,0.0,2.1617478932814533,0.0,0.2135842997928829,0.7162009555138678,0.02569350972198311,66.13525727572758,0.24513536701911656,0.07954545454545449,3.0473310396911057,0.5372689429775545,0.7313720797716223,-0.015837603275392874,0.07346129744162602,0.013833309832103976,2.8854378057706382,0.538897953211376,0.446516947759774,Packaged Foods,Consumer Defensive,DAR
2021Q3,2021,Q3,2021-11-09,2021-10-02,146812000.0,1185916000.0,205663000.0,0.88,326312000.0,0.2751560818810101,5925720000.0,3205524000.0,1103644000.0,756197000.0,2656483000.0,476295000.0,2192084000.0,11953255859.999998,13430292859.999998,19.766930182652345,1.459466250196708,0.26059702449660127,0.48173871105004984,0.03250798973455545,19.766930182652345,0.04579968828809268,10.079344456099756,20.354698287605917,3.728955347082099,0.0,1.8047722524905783,0.0,0.20013027952721357,0.7270896340503863,0.02477538594466158,135.00249443760515,0.2751560818810101,-0.24786324786324782,4.194937232585725,0.4101948926980307,0.6407330202267085,0.017829292941895718,-0.2531767913644179,-0.23333880070678228,25.692106163580775,0.4818617695161417,0.443702546419382,Packaged Foods,Consumer Defensive,DAR
2021Q2,2021,Q2,2021-08-10,2021-07-03,196582000.0,1198669000.0,268258000.0,1.17,320596000.0,0.26745999104006196,5833323000.0,3118576000.0,1022580000.0,692212000.0,2649513000.0,428203000.0,2045272000.0,10868743410.0,12393158410.0,19.12966881973709,1.4772641907392532,0.27465580081884716,0.5137460174130757,0.04296162173255843,19.12966881973709,0.06303582147749485,9.067343370021248,13.822149802626893,3.4851622695743187,0.0,2.05059983232252,0.0,0.20548647829033298,0.7422841557210796,0.033699831125415136,115.88505485717941,0.26745999104006196,0.2999999999999999,5.204088609647376,0.3797534783219192,0.609943439965462,0.17034884569893258,0.2952967067722678,0.3445774919678614,7.5267958890438305,0.4299238328003803,0.3915856349216344,Packaged Foods,Consumer Defensive,DAR
2021Q1,2021,Q1,2021-05-11,2021-04-03,151766000.0,1046716000.0,199511000.0,0.9,273932000.0,0.2617061361439015,5591447000.0,2966603000.0,940767000.0,637707000.0,2561501000.0,420659000.0,1848690000.0,11958695000.0,13478868000.0,18.208396501457727,1.475233924043487,0.28460825972239384,0.5364290402187283,0.03572140806756175,18.208396501457727,0.051158176540642614,11.424966275474914,19.699232700341316,4.031107296797043,0.0,1.8370794396411345,0.0,0.18719948521375593,0.7215476700114629,0.027142526791365456,153.89469417169624,0.2617061361439015,2.333333333333333,140.95703996235412,0.3549962234844278,0.5534856357347729,0.101690348164265,2.3917979662532125,1.6828976386423538,0.5773752216842651,0.2092912294311784,0.2684042344226495,Packaged Foods,Consumer Defensive,DAR
2020Q4,2020,Q4,2021-03-02,2021-01-02,44745000.0,1019839000.0,74364000.0,0.27,248647000.0,0.2438100523710115,5613331000.0,2891909000.0,986994000.0,675305000.0,2659122000.0,405922000.0,1696924000.0,9217469975.28,10793087975.28,18.096648165640804,1.4615529279362658,0.2952320110821899,0.5730591799396177,0.012955113323283007,18.096648165640804,0.015472478560010014,9.03816188170878,51.49999986188401,3.187330574814076,0.0,1.8998526810569518,0.0,0.18168160758736657,0.7269115436728589,0.007971202838385977,156.37673003664497,0.2438100523710115,-0.5573770491803278,-0.4615384585637366,0.27974284200456695,0.5706528630425097,0.17175225375940736,-0.5575278121137206,-0.41654701659409205,-0.5625000001508246,0.11194225950897922,0.3317076919125406,Packaged Foods,Consumer Defensive,DAR
2020Q3,2020,Q3,2020-11-03,2020-09-26,101125000.0,850569000.0,127455000.0,0.61,212201000.0,0.2494812296239341,5380986000.0,2773920000.0,931174000.0,623554000.0,2545797000.0,406805000.0,1652179000.0,5411504400.0,6966657400.0,17.095104274515606,1.4933333760989425,0.30124553381108965,0.5843708542423718,0.026794234548653366,17.095104274515606,0.03645562957835843,6.362216821915682,13.378255624227442,1.9508509257657034,0.0,1.569223583780927,0.0,0.15806935754896964,0.7110338479105258,0.018793024178096727,37.308112430971605,0.2494812296239341,0.564102564102564,12.329551742562124,0.014255683461085333,0.5565914214232239,-0.01906844299806773,0.5453322941976497,0.1991475989763661,12.228315784268247,-0.07908799008571502,0.32671677812095157,Packaged Foods,Consumer Defensive,DAR
2020Q2,2020,Q2,2020-08-05,2020-06-27,65439000.0,848673000.0,106288000.0,0.39,216326000.0,0.2548991189775096,5327154000.0,2633360000.0,931051000.0,606296000.0,2628800000.0,394708000.0,1551054000.0,3770080500.0,5428785500.0,16.239870740160587,1.5356377083140909,0.325669203480883,0.6588123158246498,0.01814013215525907,16.239870740160587,0.02485000151897196,4.442324075350577,14.403033741346905,1.4316616414010999,0.0,1.6020627907212421,0.0,0.15931076893966273,0.7518522305936375,0.012284045101756022,22.548058635662255,0.2548991189775096,-0.23529411764705882,20.658375063211516,0.006764574520384897,0.4381987778324003,0.05046276962521973,-0.23472108525318677,-0.13466689462586198,6.265682579889184,-0.038216934568420166,0.29583705706712077,Packaged Foods,Consumer Defensive,DAR
2020Q1,2020,Q1,2020-05-06,2020-03-28,85510000.0,852842000.0,122829000.0,0.51,205934000.0,0.2414679389617303,5377779000.0,2543565000.0,930060000.0,651746000.0,2769337000.0,381432000.0,1485615000.0,3024269000.0,4827907000.0,15.559446762176249,1.4270283208489196,0.3495824205494499,0.7391110508282667,0.022251954869903532,15.559446762176249,0.033618169773526524,3.546107016305482,8.841857677464624,1.1889882900574587,0.0,1.6959982382180834,0.0,0.15858628627171178,0.7321026903118699,0.01590061622093433,-99.25724506875841,0.2414679389617303,-0.6465182043124779,791.5191739942821,-0.015010043516345975,0.3868678304152316,-0.059211037255305056,-0.6475398686775841,-0.5811986211458401,13.783182925932561,-0.023447770598624077,0.282025036340288,Packaged Foods,Consumer Defensive,DAR
2019Q4,2019,Q4,2020-02-25,2019-12-28,242609000.0,859428000.0,293287000.0,1.44279,218895000.0,0.2546984738686661,5345258000.0,2565819000.0,917288000.0,688339000.0,2701908000.0,362957000.0,1400105000.0,4708284000.0,6414003000.0,15.258835703198873,1.3326108211215695,0.33275362947868936,0.6932110176126999,0.05720104539146188,15.258835703198873,0.09455421446329612,5.478392605314232,4.851720257698601,1.8350023910494075,0.0,1.7647627680413933,0.0,0.16078325873138397,0.701093501893689,0.045387706262260866,-314.55665419561734,0.2546984738686661,8.6186,2.4352076672380463,-0.19873990768592037,0.3011169724705697,0.15740300117382064,8.432331557871,3.899630799044421,5.011613419555826,-0.0269640874179374,0.30640804665117816,Packaged Foods,Consumer Defensive,DAR
2019Q3,2019,Q3,2019-11-06,2019-09-28,25721000.0,842049000.0,59859000.0,0.15,189126000.0,0.2246021312298928,4944899000.0,2308493000.0,853681000.0,595893000.0,2572007000.0,353003000.0,1157496000.0,3112070830.0,4782826830.0,14.012352273486012,1.43260786751984,0.351853091438268,0.7536856295427363,0.010228503249620456,14.012352273486012,0.011141900798486285,3.695831038336249,30.248346001321877,1.3480962818600706,0.0,1.8496245074404467,0.0,0.1702863900759146,0.7200621588103905,0.0052015218106578115,99.88351991526784,0.2246021312298928,-0.06250000000000006,0.7956359253409758,-0.1193909737097653,0.17054224582400546,0.03569394550074476,-0.02045091019879656,0.6613194193888596,-0.10412196551420345,-0.014390540621366117,0.16308040012879735,Packaged Foods,Consumer Defensive,DAR
2019Q2,2019,Q2,2019-08-07,2019-06-29,26258000.0,827324000.0,36031000.0,0.16,182608000.0,0.22072126518752025,5036596000.0,2342911000.0,867138000.0,566306000.0,2629961000.0,348309000.0,1131775000.0,3280557150.0,4989622150.0,14.205056537423834,1.5312181046995794,0.3566051356908515,0.7666001824226357,0.006765152069300813,14.205056537423834,0.011207425292723453,3.9652628837069877,31.23388253103816,1.4002056202732414,0.0,1.8509886336557482,0.0,0.16426252969267338,0.7950401373109238,0.005213441776946176,150.9759837084081,0.22072126518752025,0.4545454545454546,-0.20002847351173486,-0.1800623266610416,0.1544264809862659,-0.030953985597614107,0.4578059071729958,0.4843453901293565,-0.18090939826515046,-0.05873068091268034,0.19549051278757618,Packaged Foods,Consumer Defensive,DAR
2019Q1,2019,Q1,2019-05-08,2019-03-30,18012000.0,835104000.0,24274000.0,0.11,188441000.0,0.22564973943365138,4995054000.0,2290539000.0,871175000.0,546172000.0,2638355000.0,339882000.0,1105517000.0,3569110750.0,5289726750.0,13.89426465681963,1.5950561361622346,0.36362609893706854,0.7929714359807888,0.004517616480105513,13.89426465681963,0.007863651306526543,4.2738518196536,49.53795733399955,1.5581968916486468,0.0,1.9026103176984954,0.0,0.16718618056981965,0.8626531568809825,0.0036059670225787347,-92.83438459137491,0.22564973943365138,-0.5416666666666667,1.3401465299890947,-0.1059728351259528,0.1463306688983849,0.017236353428916912,-0.5568785672111789,0.02794952147031422,15.650603972502699,0.0684037208661987,0.18541687961038272,Packaged Foods,Consumer Defensive,DAR
2018Q4,2018,Q4,2019-02-27,2018-12-29,40648000.0,853130000.0,23614000.0,0.24,185248000.0,0.2171392402095812,4889354000.0,2273048000.0,897942000.0,540498000.0,2553533000.0,341028000.0,1087505000.0,3095751680.0,4662921680.0,13.980072820310962,1.6613234461552124,0.3424648736826992,0.7366461244989108,0.005023758493668461,13.980072820310962,0.017882596407994902,3.628698650850398,19.04,1.3619385424328918,0.0,1.9584374303576246,0.0,0.17448726355260838,0.9240755747477326,0.008313572713286867,35.13228639195615,0.2171392402095812,6.999999999999999,0.38932112212688397,0.5297587067140264,-0.13530400398481984,0.12629882960936312,7.733145602120258,0.2984713515891345,-0.5192307678641225,0.05218865269760508,0.2133651049510061,Packaged Foods,Consumer Defensive,DAR
2018Q3,2018,Q3,2018-11-06,2018-09-29,-6037000.0,812576000.0,18186000.0,-0.04,164475000.0,0.20241183593903833,4805211000.0,2254442000.0,878478000.0,485831000.0,2489908000.0,361679000.0,1046857000.0,3181153920.0,4778912920.0,13.691830240015548,1.8081966774454492,0.3494599924956469,0.7448534936804762,0.0036313739189752672,13.691830240015548,-0.0026778244904947656,3.9149001693380066,-131.73570978963062,1.4110604397895354,0.0,1.7919232247379582,0.0,0.169103084130957,0.932707052452396,-0.0012563444144284195,-814.8447540983607,0.20241183593903833,0.7777777777777777,-1.1567399277389754,0.3700673663388669,0.3972840266110434,-0.1506364739600816,0.8015450361604207,-0.16069780321211002,0.33346956447856,-0.04512503420385103,0.24670696083222227,Packaged Foods,Consumer Defensive,DAR
2018Q2,2018,Q2,2018-08-08,2018-06-30,-30420000.0,846646000.0,21668000.0,-0.18,193645000.0,0.22872014986192576,4856916000.0,2263403000.0,918198000.0,482730000.0,2518885000.0,370555000.0,1052894000.0,3273261880.0,4864430880.0,13.746670229758701,1.9020943384500653,0.3490463907549564,0.7490000675973302,0.005809053876472112,13.746670229758701,-0.013439939772104217,3.8661517092149493,-26.900574293228136,1.4461683933440046,0.0,1.7622242312207366,0.0,0.1743176122461249,0.9992915294263874,-0.006263233706327225,178.85699579257965,0.22872014986192576,-1.310344827586207,-1.8266043387460633,0.4348004125241816,0.44156420799794105,-0.018400709669243443,-1.312625250501002,-0.317629275051962,-10.91543380185417,-0.010871548282165711,0.2174015815786294,Packaged Foods,Consumer Defensive,DAR
2018Q1,2018,Q1,2018-05-09,2018-03-31,97305000.0,875374000.0,31754000.0,0.58,197275000.0,0.22536081720498896,5085510000.0,2365361000.0,971080000.0,506869000.0,2646271000.0,373121000.0,1083314000.0,2850555600.0,4508831600.0,14.355357706406428,1.9158401875040691,0.3502392090468803,0.7530119081188875,0.007378738929521666,14.355357706406428,0.041137483876668296,3.256385956174161,7.323764451980884,1.2051249682395204,0.0,1.8173702364648465,0.0,0.1721310153750558,1.0677749083096422,0.01913377419373868,-96.04945077161534,0.22536081720498896,-0.07936507936507943,1.1488632238967322,0.40639599744495686,0.5418300564561696,-0.0456805890149866,-0.07967539653264478,-0.09341631930565865,893.7326898419768,0.0030489824304511604,0.2795431676604068,Packaged Foods,Consumer Defensive,DAR
2017Q4,2017,Q4,2018-02-27,2017-12-30,105729000.0,948150000.0,35026000.0,0.63,206718000.0,0.21802246479987344,4958225000.0,2244933000.0,956445000.0,559483000.0,2630528000.0,358183000.0,981227000.0,2995104319.06,4602523319.059999,13.58905432141132,1.709515749361464,0.3457271503410999,0.7635831447976399,0.04313500022087491,13.58905432141132,0.04709672849924697,3.1588929167958657,7.082031228565484,1.334162007979748,0.0,2.069980987372377,0.0,0.19122770749613016,0.8992766536248644,0.02132396170000353,47.85811353019191,0.21802246479987344,11.599999999999998,1.666481502411059,0.6208472319127688,0.534856234699651,0.06746603460829421,12.623115577889447,0.05151606124287001,0.5238095249356629,-0.1002299481222139,0.15873514607055905,Packaged Foods,Consumer Defensive,DAR
2017Q3,2017,Q3,2017-11-07,2017-09-30,7761000.0,937681000.0,33310000.0,0.05,193653000.0,0.20652332722962286,4934522000.0,2122655000.0,962216000.0,546264000.0,2729835000.0,375098000.0,875498000.0,2886157200.0,4528402200.0,12.885270282575044,1.7614486768302506,0.3551288250412097,0.8255656241829219,0.004983170785936945,12.885270282575044,0.003656270095705614,3.077973425930567,92.96988790104368,1.3596920837347568,0.0,1.9835562972876422,0.0,0.1900246872949396,0.9710744255524801,0.0015727967166829938,1790.4200992555832,0.20652332722962286,0.0,-0.8508541569152778,0.47952845519542164,0.46421461605887515,-0.009872995746073298,-0.1517105694611433,-0.10126001672827348,-0.45814915558570657,-0.01930825628735733,0.07638981094945035,Packaged Foods,Consumer Defensive,DAR
2017Q2,2017,Q2,2017-08-09,2017-07-01,9149000.0,896348000.0,37063000.0,0.05,195584000.0,0.2182009665888695,4829876000.0,2064302000.0,924929000.0,488980000.0,2662670000.0,359635000.0,867737000.0,2592661320.0,4214767320.0,12.53234012069112,1.8915477115628452,0.3616910661888628,0.8462536004906259,0.005558198564435584,12.53234012069112,0.004432006557180103,2.8924718078246396,70.84548365941633,1.2559505925005159,0.0,1.9485422720258039,0.0,0.18558406054316923,1.0514969937420753,0.001894251529438851,78.77556271268838,0.2182009665888695,0.25000000000000006,-0.8196652173150505,0.4656611856120612,0.4810931387987443,0.026984168657617685,0.5695659632870133,0.1798242821671866,-0.7209010020088477,-0.1104842620953827,0.018486992004344165,Packaged Foods,Consumer Defensive,DAR
2017Q1,2017,Q1,2017-05-11,2017-04-01,5829000.0,880072000.0,31414000.0,0.04,190445000.0,0.21639706751265805,4719661000.0,1999362000.0,927301000.0,451794000.0,2615824000.0,342114000.0,858588000.0,2391995760.0,4005576760.0,12.136616931127001,2.052486310132494,0.37131077846480925,0.876510106724045,0.006721291930949301,12.136616931127001,0.0029154300221770745,2.717954621894572,102.59031394750384,1.1963795250684968,0.0,2.015781289277843,0.0,0.1864693248095573,1.1857660792307998,0.0012350463306580706,74.33868166702925,0.21639706751265805,-0.8333333333333333,-0.8547285598593063,0.6188167338462575,0.4892260177193117,-0.01179443539264625,-0.8562196295108655,-0.11209723007348785,1.1101555787172364,-0.05716284324333592,0.0013179213477599527,Packaged Foods,Consumer Defensive,DAR
2016Q4,2016,Q4,2017-02-28,2016-12-31,40541000.0,887277000.0,35380000.0,0.24,192718000.0,0.21720161798401175,4698017000.0,1972994000.0,893302000.0,451851000.0,2621795000.0,330815000.0,852802000.0,2180767954.03,3817146954.03,11.67999212980438,1.9769835631657338,0.3726983107979388,0.887454802194026,0.008268203779178685,11.67999212980438,0.020547959091614065,2.4578208992569404,13.447916640129746,1.1053089639552884,0.0,2.0995390172755166,0.0,0.18886202412634948,1.1296644247771943,0.008629385547136164,62.03823264764452,0.21720161798401175,0.4117647058823528,-0.04234328725829455,0.43486237424778823,0.4936684217606686,0.05489657286426659,0.41287377152017846,-0.004165728439540644,0.3337482798737087,0.531379758514948,-0.2775686823707107,Packaged Foods,Consumer Defensive,DAR
2016Q3,2016,Q3,2016-11-10,2016-10-01,28694000.0,853856000.0,35528000.0,0.17,182689000.0,0.213957622831016,4816884000.0,1983677000.0,963003000.0,459660000.0,2731487000.0,359095000.0,812261000.0,2224462030.0,3921407030.0,12.04762136128707,2.0950332854718705,0.3831377297024383,0.9303581177782472,0.009523416416898781,12.04762136128707,0.014465056559107153,2.6051957590038604,19.38089870704677,1.1213831838550328,0.0,1.8690513652376113,0.0,0.1772631435591972,1.1849279902536658,0.005956963049141312,41.5701823924053,0.213957622831016,-0.1052631578947368,-0.5040783859212897,0.33149833657954875,0.5625388014021796,-0.08758602778859888,-0.10328447763992625,-0.34771513026236067,-0.25499794077850924,0.4396949402893468,0.22948857761804256,Packaged Foods,Consumer Defensive,DAR
2016Q2,2016,Q2,2016-08-11,2016-07-02,31999000.0,877341000.0,54467000.0,0.19,200226000.0,0.22821913030395252,4859894000.0,1956214000.0,1004158000.0,466698000.0,2801818000.0,364362000.0,783567000.0,2453046600.0,4200565600.0,11.882199302695676,2.1516226767631315,0.39205258386294023,0.9739905756732137,0.01142235361703139,11.882199302695676,0.01635761731589693,2.7960013267361266,19.165025469545924,1.2539766099210006,0.0,1.8583578968169019,0.0,0.18052677692147195,1.2224843474795264,0.006584299986789836,36.52595482362751,0.22821913030395252,18.0,-0.5680789576339706,0.3142267729084692,0.602184251822128,0.10776329475291566,28.656163113994438,1.0405739547429942,-0.13039962201632038,0.48697237398915955,0.24604380120965844,Packaged Foods,Consumer Defensive,DAR
2016Q1,2016,Q1,2016-05-12,2016-04-02,1079000.0,779641000.0,26692000.0,0.01,180748000.0,0.23183490863102377,4871816000.0,1927330000.0,960283000.0,451856000.0,2841005000.0,372616000.0,751568000.0,2201771260.0,4025429260.0,11.720994441538855,2.125196965404908,0.4045686454496639,1.0226499872881136,0.004028662772636578,11.720994441538855,0.0005598418537562328,2.824083469186459,510.1416265060241,1.142394535445409,0.0,1.6072659252420722,0.0,0.1600308796555535,1.1851054318189866,0.00022147798685336227,-264.2548319731157,0.23183490863102377,-0.9807692307692307,-0.9846989922637429,0.17023450386451913,0.5767964442955906,0.005451470784566775,-0.9872200310319914,-0.18420489623766007,-0.9761226100159445,0.25516390034193037,0.2588875798932777,Packaged Foods,Consumer Defensive,DAR
2015Q4,2015,Q4,2016-03-01,2016-01-02,84429000.0,809675000.0,32719000.0,0.52,179768000.0,0.2220248865285454,4789602000.0,1870709000.0,931788000.0,443746000.0,2814992000.0,344583000.0,750489000.0,1708063620.24,3511179620.24,11.521736337452573,2.0998228716427865,0.4092198057375122,1.047731100882072,0.008655945741249704,11.521736337452573,0.0451320862838635,2.1095669499984564,5.057692322069431,0.913056825107486,0.0,1.828026919493997,0.0,0.16904849296455113,1.2174509742059647,0.017627560703373683,30.390428087680593,0.2220248865285454,9.666666666666668,3.3991210422292664,0.8588157613576406,1.1018726583520704,-0.014651311930980427,10.291185209640146,-0.1569006390434962,1.1665162079932014,0.40832085495308196,0.30135684454810346,Packaged Foods,Consumer Defensive,DAR
2015Q3,2015,Q3,2015-11-12,2015-10-03,-9087000.0,853762000.0,38808000.0,-0.06,182441000.0,0.21369070068707674,4848376000.0,1814237000.0,1005623000.0,455354000.0,2931503000.0,366775000.0,666060000.0,1836968399.9999998,3712460400.0,10.982396561639275,2.2084422229737743,0.417537336213198,1.1158288580819375,-0.1481643583133116,10.982396561639275,-0.0050087171631931215,2.151616492652519,-50.53836249587322,1.012529454531023,0.0,1.8303346738463635,0.0,0.17609236577361162,1.214253086609539,-0.001874235826594307,40.94435305917753,0.21369070068707674,-4.0,-1.3984797379203118,1.5261820899438983,1.8125861889787687,-0.04500651699391224,-3.9503246753246755,-0.012318029115341545,-1.1741417802810132,0.34336493806955287,0.24798201452188343,Packaged Foods,Consumer Defensive,DAR
2015Q2,2015,Q2,2015-08-13,2015-07-04,3080000.0,859315000.0,39292000.0,0.02,191039000.0,0.22231544893316188,4938800000.0,1866514000.0,1036506000.0,465019000.0,2969689000.0,396423000.0,675147000.0,2398473980.0,4317754980.0,11.29181236312599,2.228954085747034,0.414129140681947,1.0957865839741894,0.005164487769705108,11.29181236312599,0.0016501349574661642,2.7911464131313894,194.68132954545456,1.2850018697957797,0.0,1.6857649530930345,0.0,0.1739926702842796,1.1167479178270134,0.0006236332712399774,30.384660932135755,0.22231544893316188,29.3030303030303,-0.8649036819922854,1.5786161539453636,1.9994399574238628,0.004553748429061959,27.256880733944953,0.2346268656716418,-0.9395035276063848,0.40017650964089374,0.3344854715534522,Packaged Foods,Consumer Defensive,DAR
2015Q1,2015,Q1,2015-05-14,2015-04-04,109000.0,874694000.0,31825000.0,0.00066,190173000.0,0.21741660512133387,4957815000.0,1852794000.0,1043791000.0,475571000.0,2999874000.0,398179000.0,672067000.0,2358284880.0,4336883880.0,11.219127317646205,2.194816336572247,0.42170391593877543,1.1284201049873865,0.0037369972413545693,11.219127317646205,5.883006961378329e-05,2.6961255936361743,5408.9102752293575,1.2728262721058032,0.0,1.7191288340168618,0.0,0.1764273172758564,1.0821307438847196,2.1985491592566483e-05,308.3128356647928,0.21741660512133387,-0.9984285714285714,-0.9952681744451747,1.67743055489771,2.0932310365762383,0.2098057801556049,-0.998441588150351,-0.19759467500378194,-0.9972901926615986,0.6049494515389517,0.376645270453693,Packaged Foods,Consumer Defensive,DAR
2014Q4,2014,Q4,2015-03-04,2015-01-03,69943000.0,1062249000.0,39662000.0,0.42,157193000.0,0.1479813113497871,5170713000.0,1952990000.0,1053613000.0,484043000.0,3119579000.0,401613000.0,671958000.0,3024202088.32,5067858088.32,11.727489554013959,2.1766929797559307,0.41627527963745037,1.10212545891172,0.009031686571000983,11.727489554013959,0.03581329141470258,2.8469804050839307,10.809523784796191,1.5484985014362593,0.0,2.253552549344767,0.0,0.20543569136403433,1.117055716124394,0.013526761202952087,169.29978661591,0.1479813113497871,3.6666666666666665,2.7721546567611535,2.5268466355607355,2.4044987349521176,-0.31841911286476177,3.8849699678726077,-0.20556835252879319,0.6758992478246627,0.7424711815156607,0.4997425185467259,Packaged Foods,Consumer Defensive,DAR
2014Q3,2014,Q3,2014-11-06,2014-09-27,14318000.0,955800000.0,49925000.0,0.09,230630000.0,0.2412952500523122,5377856000.0,1971307000.0,1143369000.0,544290000.0,3306426000.0,420082000.0,602015000.0,3074500920.0000005,5164300920.0,11.970821491899244,2.1006614121148655,0.42456082870199574,1.1582300473746605,0.006910773473369496,11.970821491899244,0.00726320152061551,3.2166780916509734,53.68244377706384,1.559625629087707,0.0,1.7262582067310668,0.0,0.1777288198122077,1.1744382590163331,0.0026623992907210607,35.370802788707124,0.2412952500523122,-0.55,-0.5551951135608655,1.9840420054562669,2.6161952792420218,-0.10951261230998521,-0.5629025857068718,-0.3386103199311121,-0.7525749654426787,0.49026107670987445,0.5525780985993254,Packaged Foods,Consumer Defensive,DAR
2014Q2,2014,Q2,2014-08-07,2014-06-28,32757000.0,1006959000.0,75485000.0,0.2,258993000.0,0.2572031234638153,5554795000.0,2025380000.0,1147777000.0,557169000.0,3430928000.0,431529000.0,587697000.0,3443432000.0000005,5670918000.0,12.304860267314702,2.0600159018179403,0.4268872208605358,1.1707783230801134,0.011853698563292488,12.304860267314702,0.016173261313926275,3.419634761693376,26.280123332417503,1.700141208069597,0.0,1.7332925481253867,0.0,0.18127743688110903,1.1444014293688272,0.005897067308514536,182.60762581534712,0.2572031234638153,1.625,0.39863058572161975,2.2388703718560796,2.9580977260865042,0.4717016513052471,1.6203624794045792,134.8386524822695,-0.5577561765897124,0.5087016731703377,0.6591754471489831,Packaged Foods,Consumer Defensive,DAR
2014Q1,2014,Q1,2014-05-08,2014-03-29,-52803000.0,931435000.0,-564000.0,-0.32,175982000.0,0.18893642605227418,5549859000.0,1992464000.0,1098438000.0,529727000.0,3454107000.0,410521000.0,554940000.0,3205527000.0,5455050000.0,12.120642877130656,2.073592624125257,0.4311722153661922,1.2009978599362396,-9.466340038235627e-05,12.120642877130656,-0.02650135711360406,3.4414929651559154,-15.176822339639793,1.608825554690072,0.0,1.8402298542583693,0.0,0.16783038992522153,1.14051766287163,-0.009514295768595202,-36.14875501826875,0.18893642605227418,-2.7777777777777777,-6.46904357481414,2.4889823667364976,3.08062390933585,0.5948343830712765,-3.3475303427733074,-1.0304272766508416,-1.749003731435344,0.3984842377703425,0.6305601616450474,Packaged Foods,Consumer Defensive,DAR
2013Q4,2013,Q4,2014-02-26,2013-12-28,22493000.0,428749000.0,18536000.0,0.18,110345000.0,0.2573650317551761,3244133000.0,2020952000.0,1127502000.0,176804000.0,1223181000.0,65133000.0,607743000.0,2596250000.0,2612228000.0,16.167616,6.377129476708672,0.2733657960385718,0.4388204173082785,0.006213018466299195,16.167616,0.011129903134760252,6.055407709405737,28.856199706575378,1.2846668302859248,0.0,4.888520412079898,0.0,0.13216135096803985,5.64587339652949,0.006933439535308818,276.81522550378503,0.2573650317551761,-0.21739130434782614,2.0831155453764674,0.9431484274272317,4.747349734971129,-0.04625876211137713,-0.18653936566489457,-0.5549793527321617,0.5222989212944465,0.2785185290804111,1.9494052828368107,Packaged Foods,Consumer Defensive,DAR
2013Q3,2013,Q3,2013-11-07,2013-09-28,27651000.0,425786000.0,41652000.0,0.23,115697000.0,0.27172570258298767,1713635000.0,1158307000.0,224331000.0,148235000.0,555328000.0,71280000.0,585250000.0,2420899840.0,2663050840.0,9.798888400108284,1.5133470502917665,0.14598324614051417,0.2159721041140216,0.01816165131629013,9.798888400108284,0.023871909606002554,5.6857196807786075,21.887995370872662,2.0900329878002983,0.0,4.350294612794613,0.0,0.2484694815407015,0.808682160083651,0.016135874909184278,357.5922954209749,0.27172570258298767,0.0454545454545455,-0.17073696580954073,0.24296195034788343,1.930649799759414,0.017823367437605018,0.046672723143311376,-0.1801110192512106,0.6945195592076967,0.7606346198697819,1.5094903491060132,Packaged Foods,Consumer Defensive,DAR
2013Q2,2013,Q2,2013-08-08,2013-06-29,26418000.0,423593000.0,50802000.0,0.22,113671000.0,0.2683495714046266,1641825000.0,1127110000.0,322970000.0,133981000.0,514715000.0,63114000.0,557599000.0,2205537360.0,2322150360.0,9.53594030254831,2.41056567722289,0.15238164847045207,0.22196946172068388,0.022792265522712313,9.53594030254831,0.023438706071279646,5.206737032953803,20.87153985918692,1.956807552057918,0.0,4.910511138574643,0.0,0.2580013095183713,1.682649032325479,0.016090630852861908,53.31892566179137,0.2683495714046266,-0.18518518518518523,-0.2451022656983872,0.319660666442785,2.1081466263948982,-0.07385771085907965,-0.18475543897546676,-0.13271647090958755,0.6205317771641252,0.7776567260943602,1.5330283089431165,Packaged Foods,Consumer Defensive,DAR
2013Q1,2013,Q1,2013-05-09,2013-03-30,32405000.0,445422000.0,58576000.0,0.27,122736000.0,0.27554992793351024,1591793000.0,1097859000.0,312962000.0,122170000.0,493934000.0,62664000.0,531181000.0,2117753400.0,2246179400.0,9.31059661620659,2.5616927232544815,0.15718312619794156,0.2279008506556853,0.02665623496971398,9.31059661620659,0.02951654083083529,4.754487654404138,16.338168492516587,1.92898486964173,0.0,5.149463806970509,0.0,0.27982407260240494,1.800671195874601,0.020357546490027283,65.20779012839856,0.27554992793351024,0.1250000000000001,0.03847920555520347,0.516877944515512,2.385819520394005,0.10745576438954406,0.12509547948059163,0.18366439671024715,0.9702133478996012,0.9095574777639782,1.5670291108109278,Packaged Foods,Consumer Defensive,DAR
2012Q4,2012,Q4,2013-02-27,2012-12-29,28802000.0,424915000.0,49487000.0,0.24,110827000.0,0.26082157607992185,1552416000.0,1062436000.0,290262000.0,131684000.0,489980000.0,65065000.0,498776000.0,1864800000.0,2011775000.0,8.853633333333333,2.204231341696789,0.16118360027209203,0.23551912774040037,0.024178970616345965,8.853633333333333,0.02710939764842306,4.388642434369227,16.186375946114854,1.7552116080403901,0.0,4.827295781141935,0.0,0.27371207202193226,1.5292670332006926,0.018553016717168594,94.8283752860412,0.26082157607992185,-0.22580645161290325,0.37118978034467554,0.65700179068464,2.61662269965105,-0.11212677150845597,-0.22516948240611212,-0.24764351739236196,1.1556666304662613,0.95783471616791,1.5702161868689528,Packaged Foods,Consumer Defensive,DAR
2012Q3,2012,Q3,2012-11-08,2012-09-29,37172000.0,452732000.0,65776000.0,0.31,124823000.0,0.27571057490965956,1523483000.0,1035581000.0,275023000.0,135625000.0,487902000.0,63515000.0,469974000.0,2152330620.0,2314887620.0,8.800124067370282,2.0278193548387096,0.16425716598084783,0.24164502824984235,0.03206239086149286,8.800124067370282,0.03589482618935651,4.754094298613749,14.475483024857418,2.0783797887369504,0.0,5.162701724002204,0.0,0.2971690527560859,1.3915723502304147,0.024399353323929444,86.23810481609104,0.27571057490965956,0.0,1.1058595009887608,0.8060863451256506,2.867884323091162,0.018663902853039108,0.02614216701173223,0.028264132066033017,0.6159880713520045,0.977944626456099,1.6583778841496706,Packaged Foods,Consumer Defensive,DAR
2012Q2,2012,Q2,2012-08-09,2012-06-30,36225000.0,436674000.0,63968000.0,0.31,122536000.0,0.2806120813238251,1479208000.0,995188000.0,248054000.0,134677000.0,484020000.0,56160000.0,432802000.0,1939438369.9999998,2117209369.9999998,8.461547618035421,1.8418438189148851,0.16902626270274362,0.2512339377082521,0.032179688672300685,8.461547618035421,0.036400157558169915,4.441387327846402,13.384667839889579,1.9488160729430015,0.0,5.593625356125356,0.0,0.2952079761602155,1.265836037333769,0.024489456519975555,32.06584279880297,0.2806120813238251,0.2916666666666667,1.5666805648479802,0.8401968698917043,2.8850826022775102,0.10752989452182322,0.26789401841027616,0.21820605598933537,1.1646206528922782,0.9656836089275601,1.721821431412937,Packaged Foods,Consumer Defensive,DAR
2012Q1,2012,Q1,2012-05-10,2012-03-31,28571000.0,387108000.0,52510000.0,0.24,110639000.0,0.2858091282019488,1402206000.0,955966000.0,193724000.0,103641000.0,446240000.0,58481000.0,396577000.0,2043400840.0000002,2265844840.0,8.149613817326218,1.8691830453199023,0.17831046222880234,0.2615448666584376,0.027804598333166796,8.149613817326218,0.02988704619201938,5.278632422993067,17.88002555038326,2.137524598155165,0.0,4.727501239718883,0.0,0.276070705730827,1.1286267017879024,0.020375750781268943,70.7524268550258,0.2858091282019488,-0.04234328914804906,1.0297323632380264,0.9006850597780781,3.0285749986068335,-0.05079787234042553,-0.031393023019290096,-0.11713771710072801,3.147034402839078,1.0320658576416661,1.743708343852122,Packaged Foods,Consumer Defensive,DAR
2011Q4,2011,Q4,2012-02-29,2011-12-31,29497000.0,430866000.0,59477000.0,0.2506117247238743,116560000.0,0.2705249427896376,1417030000.0,920375000.0,219680000.0,127257000.0,496655000.0,50830000.0,368006000.0,1564233000.0,1805327000.0,7.819668649107902,1.7262704605640553,0.1976175522042582,0.30425641722124136,0.029039520099946453,7.819668649107902,0.03204889311421975,3.630439626241105,13.257560090856696,1.6995605052288467,0.0,6.1834743261853236,0.0,0.30406272273699214,1.1927438176288927,0.020816073054204923,30.93448166752363,0.2705249427896376,-0.2839665007889306,2.3790807357250903,1.3456223603616255,3.2424899791294144,-0.09783980000154797,-0.2828697850821745,-0.20443814288198392,2.5084773868650037,1.0738561571887297,1.7797772125471283,Packaged Foods,Consumer Defensive,DAR
2011Q3,2011,Q3,2011-11-10,2011-10-01,41132000.0,455875000.0,74761000.0,0.35,129201000.0,0.28341321634219907,1416526000.0,902489000.0,222784000.0,146434000.0,514037000.0,66546000.0,338509000.0,1473659500.0,1755142500.0,7.710286202477573,1.521395304369204,0.2188685558895495,0.343531056888228,0.03834374651888183,7.710286202477573,0.04557617876782986,3.232595557992871,8.956891836040066,1.6328836140939114,0.0,4.9089952814594415,0.0,0.3218260730830214,0.9415846046683147,0.029037236167920675,37.29744881172332,0.28341321634219907,-0.2045454545454546,16.570269115762493,2.0436610211423467,3.7277085151375835,-0.11129988581805175,-0.21243801099048384,-0.18945085921830107,0.2457667715408328,0.3439641505561246,1.3059910259952519,Packaged Foods,Consumer Defensive,DAR
2011Q2,2011,Q2,2011-08-11,2011-07-02,52227000.0,470610000.0,92235000.0,0.44,145382000.0,0.308922462336117,1403822000.0,860730000.0,212306000.0,151553000.0,543092000.0,63137000.0,297377000.0,1969538199.9999998,2287128200.0,7.4162502154058245,1.400869662758243,0.23509675728119378,0.38343499122837593,0.0490438880008844,7.4162502154058245,0.06067756439301523,4.185075115275918,9.427777777777777,2.2882183727765963,0.0,5.151147504632783,0.0,0.33523480897150776,0.8649383384030669,0.03720343462347791,86.79821074434797,0.308922462336117,0.023255813953488393,12.25,2.659488638647694,3.100087769546086,0.04963648046669122,0.12166573600790344,0.04654329252379926,0.519859628722123,0.4931205135152204,1.4172543405451203,Packaged Foods,Consumer Defensive,DAR
2011Q1,2011,Q1,2011-05-12,2011-04-02,46562000.0,439898000.0,88133000.0,0.43,138507000.0,0.31486162701353493,1405069000.0,807069000.0,218719000.0,172207000.0,598000000.0,49765000.0,245150000.0,1725224970.0,2057215970.0,7.433422674145506,1.2700935502041149,0.2633585966240804,0.45849487466375244,0.04753567034556392,7.433422674145506,0.05769271276681424,3.921875002841568,9.263052328078691,2.1376424692312552,0.0,6.056284537325429,0.0,0.3130792864976738,0.8850046746067233,0.03313858607655567,25.39224011303593,0.31486162701353493,2.6422158224631542,73.93467601737976,2.39149297432668,5.382254774208947,1.1147075438569705,3.65061925689173,2.5684265932464165,0.620558162493901,0.6269648783156738,1.7031809701272969,Packaged Foods,Consumer Defensive,DAR
2010Q4,2010,Q4,2011-03-02,2011-01-01,10012000.0,227232000.0,24698000.0,0.11806,65497000.0,0.28823845233065765,1382258000.0,464296000.0,185586000.0,154830000.0,917962000.0,45606000.0,198588000.0,1124816000.0,1815653000.0,5.481652892561984,1.198643673706646,0.5136805140574335,1.529280889777211,0.012442660971576069,5.481652892561984,0.021563829970536037,4.950077453879735,28.086695964842185,2.42262694487999,0.0,3.546353549971495,0.0,0.16439188631934126,0.6983853258412452,0.007243220874829446,45.8453637660485,0.28823845233065765,-0.1567142857142858,2.669423756969081,1.2534456139471817,3.806118035552445,0.5219472522365517,-0.1203654893691794,0.2784967387928357,-0.32470490017570314,0.2554176842202876,1.239201640326289,Packaged Foods,Consumer Defensive,DAR
2010Q3,2010,Q3,2010-11-10,2010-10-02,11382000.0,168685000.0,19318000.0,0.14,43035000.0,0.255120490855737,461297000.0,321953000.0,165582000.0,74151000.0,139344000.0,26570000.0,188576000.0,702491040.0,654207040.0,3.9047324503953815,2.233037990047336,0.062413152480939614,0.08942609635567925,0.03540944270099697,3.9047324503953815,0.035352986305454526,4.164513975753624,15.429868212967843,2.181967678512081,0.0,4.729017689123071,0.0,0.3656754758864679,1.6811506250758588,0.024673908566498374,47.824293008373616,0.255120490855737,0.0,3.60146507172012,0.7106402530382623,2.522896480121633,0.01600679934839578,0.0009673731422038519,0.021359839272496562,-0.07970697722852418,-0.039565247166380345,0.7162318752697814,Packaged Foods,Consumer Defensive,DAR
2010Q2,2010,Q2,2010-08-12,2010-07-03,11371000.0,166210000.0,18914000.0,0.14,42357000.0,0.2548402623187534,448383000.0,310372000.0,153998000.0,69421000.0,138011000.0,24723000.0,177194000.0,597719000.0,561277000.0,3.7646402406481974,2.218320104867403,0.0670052165224819,0.09679996906937481,0.03594407627682791,3.7646402406481974,0.03663668114391762,3.596167498947115,13.141302436021457,1.9258148286572243,0.0,5.009626663430813,0.0,0.3706875595194287,1.646619898877861,0.025360015879281776,96.46852808263395,0.2548402623187534,0.0,2.4480981029547326,0.7041318652489571,2.630007642776375,-0.00035400736335315777,-0.009322181564732532,-0.0341622836133381,0.1493660391668672,-0.0007817075081978416,0.7285181107533543,Packaged Foods,Consumer Defensive,DAR
2010Q1,2010,Q1,2010-05-13,2010-04-03,11478000.0,162782000.0,19583000.0,0.14,42372000.0,0.26029905026354266,437047000.0,298458000.0,159686000.0,70922000.0,138589000.0,20698000.0,165823000.0,743883519.9999999,698461519.9999999,3.6269930001944393,2.25157214968557,0.07160785910897455,0.1048589751321794,0.037578724154960254,3.6269930001944393,0.0384576724363227,4.569814352938285,16.202376720683045,2.492422786455715,0.0,5.81747028698425,0.0,0.37245879733758613,1.7598629480274104,0.02626262164023549,74.36604218734378,0.26029905026354266,0.2584269662921349,8.667327845526827,0.7715984439497324,2.390559557988573,0.06919000757002271,0.24652476107732407,0.1865608337372758,0.16238090123257712,0.139339893861654,0.7929209467129315,Packaged Foods,Consumer Defensive,DAR
2009Q4,2009,Q4,2010-03-03,2010-01-02,9208000.0,149572000.0,16504000.0,0.11125,39630000.0,0.2649560078089482,426171000.0,284877000.0,146377000.0,71277000.0,141294000.0,19057000.0,154345000.0,693026000.0000001,657392000.0000001,3.4447037484885126,2.053635815199854,0.07637309906117497,0.11425281788280556,0.032092444181720484,3.4447037484885126,0.032322721736047486,4.633393950739444,18.815866637706346,2.4327200862126466,0.0,5.769113711497088,0.0,0.35096710006077375,1.6044306017368857,0.021606350502497824,34.46690207390461,0.2649560078089482,-0.4144736842105263,7.017758366143748,0.6716049560966528,2.3536173995307297,-0.1507189850631121,-0.4271137933179867,-0.3501338793510789,0.501263701685776,0.15887640943566325,0.868892633410916,Packaged Foods,Consumer Defensive,DAR
2009Q3,2009,Q3,2009-11-12,2009-10-03,16073000.0,159936000.0,25396000.0,0.19,46663000.0,0.2917604541816727,412004000.0,272199000.0,155062000.0,70696000.0,139805000.0,20436000.0,145137000.0,571477650.0,534553650.0,3.310336021014995,2.193363132284712,0.08191668042057844,0.12399016895727023,0.05375624765022054,3.310336021014995,0.05904871068593198,3.5731645783313324,8.88878320786412,2.0994847519645554,0.0,5.542816598160109,0.0,0.38819040591838916,1.6903219418354645,0.03901175716740614,42.47956961272578,0.2917604541816727,0.35714285714285704,1.7924439200677165,0.5880174799533006,2.1683745913968346,0.11248062939563715,0.373878109240106,0.2525152890116394,8.773553698906685,0.5200354224953104,1.0297954425466451,Packaged Foods,Consumer Defensive,DAR
2009Q2,2009,Q2,2009-08-13,2009-07-04,11699000.0,155298000.0,20276000.0,0.14,41945000.0,0.2700936264472176,406011000.0,255604000.0,144972000.0,66290000.0,150407000.0,20073000.0,129064000.0,532785600.00000006,509999600.00000006,3.108781318414011,2.1869361894705084,0.08620456096017103,0.13693056446690974,0.04235040628515688,3.108781318414011,0.045770019248525064,3.4307305953714797,11.385280793230192,2.0844180842240343,0.0,5.647038310167887,0.0,0.3824970259426469,1.6497209232161714,0.028814490247801167,25.66404624277457,0.2700936264472176,1.3333333333333337,1.0326997254752057,0.3168771425260594,2.114297236717288,0.4239399803102828,1.4322245322245322,1.3138194682186466,4.55722451958161,0.7046303180425486,0.7186955525508998,Packaged Foods,Consumer Defensive,DAR
2009Q1,2009,Q1,2009-05-14,2009-04-04,4810000.0,133000000.0,8763000.0,0.06,29457000.0,0.2214812030075188,388279000.0,243255000.0,122541000.0,59496000.0,145024000.0,18142000.0,117365000.0,371807840.0,369879840.0,2.9702915893328123,2.059651068979427,0.0933607019694601,0.14902057511664715,0.01916655040180291,2.9702915893328123,0.019773488725822696,2.795547669172932,19.32473180873181,1.5284694661980227,0.0,5.707364127439091,0.0,0.34253719619139844,1.5230099502487562,0.012387999350982155,302.7751140065147,0.2214812030075188,1.3604253018561903,-0.04891302931203911,0.3314240280052679,2.191897572623845,0.5437061104706006,1.3442599484683653,1.4485105947384584,9.262553439761797,0.3594076921463922,1.550259618997275,Packaged Foods,Consumer Defensive,DAR
2008Q4,2008,Q4,2009-03-04,2009-01-03,-13972000.0,148451000.0,-19538000.0,-0.16647,19082000.0,0.12854073061144755,394375000.0,236578000.0,138469000.0,71023000.0,157797000.0,22182000.0,112555000.0,498713000.0,485399000.0,2.8130558858501784,1.9496360333976317,0.09508716323296355,0.1585100896955761,-0.048917629322776796,2.8130558858501784,-0.059058745952709046,3.359445204141434,-8.923436158030347,2.108027796329329,0.0,5.832161211793346,0.0,0.37642091917591125,1.4429973388902186,-0.03542820919175911,56.97623671883925,0.12854073061144755,-1.5945357142857142,-2.1714205840562846,0.14302133115831056,2.1803479046640164,-0.6737115693717725,-1.6076367748108202,-1.5236385077186965,-6.157307409030576,0.4826823988536237,1.4663872180499664,Packaged Foods,Consumer Defensive,DAR
2008Q3,2008,Q3,2008-11-06,2008-09-27,22994000.0,236227000.0,37312000.0,0.28,58482000.0,0.2475669588997024,413274000.0,272556000.0,157195000.0,81956000.0,140718000.0,29623000.0,126584000.0,994495200.0,991281200.0,3.343588988664802,1.918041388061887,0.09678808732221238,0.14675883121266822,0.07480460317971029,3.343588988664802,0.08436431412260233,4.209913346061204,10.812551100287031,3.6487738299652177,0.0,6.000236302872768,0.0,0.5715989875966067,1.4075357508907218,0.05563863199717379,58.02189031505251,0.2475669588997024,-0.034482758620689495,6.05198979341479,1.44835142699147,3.85258701538431,-0.01809939556749496,-0.04506001079779061,-0.06097898578079779,8.402653010636874,1.4230930406188336,2.0166261142803683,Packaged Foods,Consumer Defensive,DAR
2008Q2,2008,Q2,2008-08-07,2008-06-28,24079000.0,220858000.0,39735000.0,0.29,59560000.0,0.2696755381285713,389262000.0,249512000.0,151992000.0,75139000.0,139750000.0,30300000.0,103590000.0,1355704420.0000002,1352358420.0000002,3.068047119002533,2.022811056841321,0.10596975815774466,0.16532270992978293,0.08417342852780106,3.068047119002533,0.09650437654301196,6.138353240543699,14.075588894887662,5.433423723107506,0.0,5.323366336633663,0.0,0.5673762144776526,1.4596148471499488,0.06185808016194748,250.63864300240346,0.2696755381285713,0.11538461538461527,4.284748222736445,0.9627154073217673,3.1640926464510706,0.07006827164929932,0.12198872373141978,0.12989450336963632,6.401999360598087,1.295560934294829,1.9583263681152319,Packaged Foods,Consumer Defensive,DAR
2008Q1,2008,Q1,2008-05-08,2008-03-29,21461000.0,201956000.0,35167000.0,0.26,55660000.0,0.2756045871377924,370543000.0,223007000.0,135898000.0,80708000.0,147536000.0,27959000.0,79511000.0,1052639060.0,1056258060.0,2.749879773604449,1.6838231649898399,0.1146965399427327,0.19057697740429672,0.08241925757114724,2.749879773604449,0.09623464734290851,5.212219790449405,12.26223218862122,4.720206361235298,0.0,5.232519045745556,0.0,0.5450271628394006,1.2068072557862912,0.05791770455790556,45.70134415838145,0.2756045871377924,0.48232611174458384,3.820657915342303,1.2592555244754613,3.393604694577025,0.15837669094693027,0.49335467260455085,0.39640247776365944,17.340953057019075,1.2302183695602178,1.5706228683689731,Packaged Foods,Consumer Defensive,DAR
2007Q4,2007,Q4,2008-02-27,2007-12-29,14371000.0,175445000.0,25184000.0,0.1754,48050000.0,0.27387500356237,351338000.0,200984000.0,115093000.0,80708000.0,150354000.0,22481000.0,58050000.0,959749000.0,987164000.0,2.448038976857491,1.426042028051742,0.1245239626798126,0.21767901922541097,0.06078204148744854,2.448038976857491,0.071503204235163,5.47036963150845,16.695932781295664,4.7752507662301475,0.0,5.666785285352075,0.0,0.4993624373110794,0.9383952024582445,0.040903631261064846,46.43871873034306,0.27387500356237,0.1693333333333334,2.0315974961237075,0.935075272449216,3.3420416223707234,0.17361145034438963,0.18768595041322314,0.19866730128510232,11.604830059842769,0.9750891237191344,1.3833068696026545,Packaged Foods,Consumer Defensive,DAR
2007Q3,2007,Q3,2007-11-08,2007-09-29,12100000.0,171831000.0,21010000.0,0.15,40942000.0,0.23826899686319697,339466000.0,183531000.0,102568000.0,73501000.0,155935000.0,20623000.0,43679000.0,797793336.63,846670336.63,2.2751776765488527,1.3954640072924178,0.16128272050809211,0.2983147261225624,0.05405014478396493,2.2751776765488527,0.06592891664078548,4.642895267035634,16.483333401446284,4.346913255144908,0.0,6.34674877563885,0.0,0.5061802949338078,0.822505816247398,0.035644217683066935,88.78180910638771,0.23826899686319697,0.25,1.674196339948733,0.7979679158075232,2.2197686843298245,0.09178666666666667,0.27610208816705334,0.2067777139574957,1.1428571386790465,0.7391254020989038,1.1776082837295805,Packaged Foods,Consumer Defensive,DAR
2007Q2,2007,Q2,2007-08-09,2007-06-30,9482000.0,159425000.0,17410000.0,0.12,37500000.0,0.2352203230359103,329503000.0,172095000.0,89807000.0,62737000.0,157408000.0,19552000.0,31578000.0,722212336.38,779551336.38,2.1779582274711737,1.4314838133796643,0.19271448211397166,0.368982248176879,0.04384312750409545,2.1779582274711737,0.05509747523170342,4.530107175035283,19.041666746994306,4.196591047851478,0.0,6.235934942716858,0.0,0.48383474505543195,0.8843903916349204,0.028776672746530382,85.26709992680047,0.2352203230359103,0.0,0.4957593531777003,-0.4937315645193045,-0.11929241282728367,0.06028047952951821,-0.01022964509394572,0.02153376752919087,0.7142857070539668,0.40667765302044817,1.18182258408562,Packaged Foods,Consumer Defensive,DAR
2007Q1,2007,Q1,2007-05-10,2007-03-31,9580000.0,138612000.0,17043000.0,0.12,35368000.0,0.2551582835540934,323608000.0,161499000.0,80771000.0,60481000.0,162109000.0,18248000.0,22097000.0,518916664.5,584895664.5,2.0229519917451024,1.3354772573204807,0.22017379051197744,0.4411792023480022,0.046825554113943874,2.0229519917451024,0.05931925275079103,3.7436633516578652,13.541666610125262,3.2131261772518713,0.0,5.657825515124945,0.0,0.4283330449185434,0.8248375522891487,0.029603718078663074,44.08807684791844,0.2551582835540934,0.6150740242261102,2.2044656051465386,-0.5617639666151623,4.460884496275689,0.2201331631420982,0.5733289538512071,0.48925200978678784,0.9432071237425704,0.4234558720996851,1.1738793508270178,Packaged Foods,Consumer Defensive,DAR
