Quarters,Year,Quarter,FillingDate,Date,NetIncome,Revenue,OperatingIncome,EPSDiluted,GrossProfit,GrossProfitRatio,TotalAssets,CommonStockEquity,CurrentAssets,CurrentLiability,TotalLiability,Inventory,RetainedEarnings,MarketCap,EnterpriseValue,bookValuePerShare,currentRatio,debtToAssets,debtToEquity,roic,shareholdersEquityPerShare,roe,priceToSalesRatio,peRatio,pbRatio,payoutRatio,inventoryTurnover,dividendYield,assetTurnover,quickRatio,returnOnAssets,priceToFreeCashFlowsRatio,grossProfitMargin,epsdilutedGrowth,fiveYNetIncomeGrowthPerShare,fiveYRevenueGrowthPerShare,fiveYShareholdersEquityGrowthPerShare,grossProfitGrowth,netIncomeGrowth,operatingIncomeGrowth,threeYNetIncomeGrowthPerShare,threeYRevenueGrowthPerShare,threeYShareholdersEquityGrowthPerShare,Industry,Sector,Symbol
2023Q1,2023,Q1,2023-05-05,2023-03-31,50109000.0,43147000.0,21204000.0,1.35,22630000.0,0.5244860593,628177000.0,511865000.0,323998000.0,66278000.0,116312000.0,4068000.0,-640046000.0,531138190.0,246798190.0,13.887110339401502,4.888469778810465,0.0023464724114381774,0.0028796655368114638,0.08687086546545493,13.887110339401502,0.0978949527707501,12.309968016316313,2.6499141371809456,1.0376528772234868,0.0,5.043510324483776,0.0,0.06868605504499528,4.713268354506774,0.07976891863280572,17.449265416078056,0.5244860592856977,-0.7337278106508875,2.1494095031872056,-0.535472424366019,-0.40973293668272165,-0.40201881407885004,-0.5238009256179498,-0.4500181563521295,4.814585853344621,0.03190905699990866,0.26600949743327057,Oil & Gas E&P,Energy,SD
2022Q4,2022,Q4,2023-03-15,2022-12-31,105227000.0,56112000.0,38554000.0,5.07,37844000.0,0.6744368406,600497000.0,487922000.0,304902000.0,63279000.0,112575000.0,6698000.0,-663804000.0,625767350.0,371706350.0,13.278595727309838,4.818375764471626,0.002766042128436945,0.0034042326437422376,0.20292067837580835,13.278595727309838,0.2156635691770406,11.152112738808098,1.4867081404962605,1.2825151356159388,0.0,2.7273813078530904,0.0,0.09344259838100773,4.590100981368226,0.1752331818477028,36.57319403857393,0.6744368406045053,2.496551724137931,6.277865176672863,-0.4335314341108339,-0.4534044726150229,-0.2689268810972665,0.9586226151698465,-0.28057473409218137,1.4086333538232676,-0.09295120461650921,0.17297803639090398,Oil & Gas E&P,Energy,SD
2022Q3,2022,Q3,2022-11-03,2022-09-30,53725000.0,70899000.0,53590000.0,1.45,51765000.0,0.7301231329,500437000.0,382299000.0,278646000.0,72060000.0,118138000.0,7130000.0,-769031000.0,600159070.0,363057070.0,10.38940674511509,3.8668609492089927,0.0035109314459162693,0.004595879141718917,0.13925051974000957,10.38940674511509,0.14053136419399476,8.464986389088704,2.79273648208469,1.5698682706467972,0.0,2.6835904628330995,0.0,0.14167417676950345,3.7459616985845128,0.10735617070680226,16.531486062141912,0.7301231329073753,0.11538461538461531,6.900375483775523,-0.1832491242229542,-0.5849239035492997,0.013807285546415981,0.10791470758063186,0.10478899952584163,1.2853393190659088,0.17155769336733448,-0.43380601619227244,Oil & Gas E&P,Energy,SD
2022Q2,2022,Q2,2022-08-04,2022-06-30,48492000.0,69760000.0,48507000.0,1.3,51060000.0,0.7319380734,448808000.0,329127000.0,240650000.0,74593000.0,119681000.0,4941000.0,-822756000.0,575073330.0,373237330.0,8.968282514509932,3.226174037778344,0.0035783675870305343,0.004879575361486599,0.14591123930703104,8.968282514509932,0.14733522318132514,8.24359704701835,2.964784552091067,1.7472687746675295,0.0,3.7846589759158067,0.0,0.1554339494839664,3.1588620916171757,0.10804620238498422,14.152864174439495,0.7319380733944955,0.38297872340425543,0.9160864264441828,-0.23661453606268662,-0.6463584968953235,0.3248916681802849,0.3995613022396675,0.3938793103448276,4.516819868599241,-0.1085168379660234,-0.6189556858957639,Oil & Gas E&P,Energy,SD
2022Q1,2022,Q1,2022-05-05,2022-03-31,34648000.0,57487000.0,34800000.0,0.94,38539000.0,0.6703950458,389710000.0,280195000.0,195710000.0,65308000.0,109515000.0,5405000.0,-871248000.0,586892700.0,425031700.0,7.6482871570902144,2.996723219207448,0.0,0.0,0.12320056789374635,7.6482871570902144,0.12365673905672835,10.209137718092785,4.234679490879705,2.0945866271703633,0.0,3.5056429232192414,0.0,0.14751225270072618,2.9127365713235744,0.08890713607554335,22.134365453516878,0.6703950458364499,-0.06000000000000005,-0.5011145087148202,-0.5723878034241663,-0.7544861247187719,0.02540974882928906,-0.06495749561462691,-0.05003685201867169,7.330531394121736,-0.24317735254099024,-0.6797088196681046,Oil & Gas E&P,Energy,SD
2021Q4,2021,Q4,2022-03-10,2021-12-31,37055000.0,54479000.0,36633000.0,1.0,37584000.0,0.6898805044,352912000.0,245322000.0,161735000.0,64033000.0,107590000.0,0.0,-905972000.0,382595420.00000006,245335420.00000006,6.707001667714684,2.525807005762654,0.0,0.0,0.15018136015115494,6.707001667714684,0.15104637985993918,7.022805484682173,2.5812671704223455,1.5595642461744157,0.0,0.0,0.0,0.1543699279140409,2.4794246716536787,0.10499784648864306,9.336833345535302,0.6898805044145451,0.2987012987012987,1.0575326420472395,-0.7130689804542272,-0.7519756275462187,0.18636363636363637,0.29567467393964825,0.38451944517933406,-0.33951789921438064,-0.38211567008345876,-0.7205392895693062,Oil & Gas E&P,Energy,SD
2021Q3,2021,Q3,2021-11-10,2021-09-30,28599000.0,46584000.0,26459000.0,0.77,31680000.0,0.6800618238021638,313789000.0,208117000.0,129726000.0,67606000.0,105672000.0,0.0,-942816000.0,475866770.0,379128770.0,5.689832408344041,1.9188533562109873,0.0,0.0,0.1271352172095504,5.689832408344041,0.1374178947419,10.215240640563284,4.159820011189202,2.286534833771388,0.0,0.0,0.0,0.1484564468480412,1.8652634381563766,0.09114086217171412,16.48994282348049,0.6800618238021638,0.75,2.3891504437067335,7.792483633647299,2.5277226599436866,0.6885193476175248,0.7597218803839527,0.6486385444575986,1.356533350425533,-0.5395472270222643,-0.7465139045293754,Oil & Gas E&P,Energy,SD
2021Q2,2021,Q2,2021-08-11,2021-06-30,16252000.0,34196000.0,16049000.0,0.44,18762000.0,0.5486606620657387,296447000.0,179568000.0,113556000.0,59243000.0,116879000.0,0.0,-971415000.0,228692480.0,160354480.0,4.9310193321616875,1.9167834174501628,0.06746568526583166,0.11137841931747304,0.08041870440150725,4.9310193321616875,0.0905061035373786,6.687696806644052,3.5179128722618755,1.2735703466096409,0.0,0.0,0.0,0.11535282866751899,1.8402005300204243,0.05482261584701481,12.990200511218404,0.5486606620657387,-0.5319148936170213,1.6211920968855273,5.782519909343641,2.557894765666928,-0.03755001538935057,-0.5362269212110835,-0.5422679824311221,1.4586383753781829,-0.5861885412151552,-0.7787014723958473,Oil & Gas E&P,Energy,SD
2021Q1,2021,Q1,2021-05-12,2021-03-31,35043000.0,33623000.0,35062000.0,0.94,19494000.0,0.5797816970526128,280254000.0,163326000.0,98399000.0,58581000.0,116928000.0,0.0,-987667000.0,141369960.0,87493960.0,4.517258546299369,1.679708437889418,0.07136383423608583,0.12245447754797154,0.1912549229241897,4.517258546299369,0.21455861283567834,4.204561163489278,1.0085463573324203,0.8655692296388818,0.0,0.0,0.0,0.1199733099259957,1.5847971185196565,0.1250401421567578,12.64716049382716,0.5797816970526128,218.00658064516128,3.1344019690944873,6.10113180013356,2.7773063809875236,0.8117100371747212,227.08387096774194,12.039047973224246,1.8194519575928059,-0.6309709742845124,-0.8079954093254564,Oil & Gas E&P,Energy,SD
2020Q4,2020,Q4,2021-03-04,2020-12-31,-155000.0,30316000.0,2689000.0,-0.004331665874856776,10760000.0,0.3549280907771474,260832000.0,128066000.0,50812000.0,68877000.0,132766000.0,0.0,-1022710000.0,110927300.0,108797300.0,3.578962076963921,0.7377208647298809,0.07667770825665562,0.15616947511439414,0.01816082017478692,3.578962076963921,-0.0012103134321365546,3.659034833091437,-178.915,0.8661729108428468,0.0,0.0,0.0,0.1162280701754386,0.605514177446753,-0.0005942522389890811,13.604034829531518,0.3549280907771474,0.9968149515626054,0.9961116205540911,2.4610235295965186,2.2368911588284384,0.336479940380077,0.9968204475989251,1.055961374373062,0.9920166659049481,-0.6857223707359201,-0.8526768414279263,Oil & Gas E&P,Energy,SD
2020Q3,2020,Q3,2020-11-05,2020-09-30,-48749000.0,27676000.0,-48051000.0,-1.36,8051000.0,0.2909018644312762,266121000.0,127962000.0,30118000.0,80506000.0,138159000.0,0.0,-1022555000.0,59041950.0,59854950.0,3.5760556688930496,0.374108762079845,0.045092270057605376,0.09377784029633797,-0.3433146139666481,3.5760556688930496,-0.3809646613838483,2.133326709062003,-0.3027854417526513,0.461402213157031,0.0,0.0,0.0,0.10399780550952387,0.3413285966263384,-0.18318358941985036,4.686612954437212,0.2909018644312762,0.7755775577557755,-0.1197871563638696,1.259922082124127,2.764653354942177,1.8961487088156723,0.7740790345677754,0.7769075055946069,-4.505599316484912,-0.672139961592401,-0.8571299339654372,Oil & Gas E&P,Energy,SD
2020Q2,2020,Q2,2020-08-07,2020-06-30,-215779000.0,16655000.0,-215386000.0,-6.06,-8984000.0,-0.5394175923146203,355431000.0,174769000.0,71284000.0,124574000.0,180662000.0,0.0,-973806000.0,45938190.0,91465190.0,4.907725141108084,0.5722221330293641,0.16599565035126368,0.3375884739284427,-0.9213796217153882,4.907725141108084,-1.2346525985729735,2.7582221555088564,-0.053223657075062915,0.262850906053133,0.0,0.0,0.0,0.04685860265424231,0.24147093293945768,-0.6070911091041581,-7.652538730634682,-0.5394175923146203,-15.833333333333332,-1.1924279600530574,0.008590232788901279,6.591996619121028,-0.4970838193634394,-16.030702446724547,-15.881103534759777,-9.786668362748381,-0.812175555859057,-0.8064762909823527,Oil & Gas E&P,Energy,SD
2020Q1,2020,Q1,2020-05-19,2020-03-31,-12670000.0,40329000.0,-12759000.0,-0.36,-6001000.0,-0.1488011108631506,572993000.0,389966000.0,38656000.0,78013000.0,183027000.0,0.0,-758027000.0,31963904.1,71676904.1,10.969199178644764,0.49550715906323306,0.08028021284727736,0.11795900155398163,-0.027837895905015817,10.969199178644764,-0.03249001194975972,0.7925786431600089,-0.6307005544593528,0.08196587420441782,0.0,0.0,0.0,0.07038305878082281,0.35027495417430426,-0.022111962973369658,2.5265911074223384,-0.1488011108631506,0.9486302590490563,0.8353423359542702,1.5193195065385525,4.856774512071984,-4.634766807995154,0.94914546724358,0.9486027803402312,-1.1879938718618563,-0.6908692080405135,-0.6478831738706154,Oil & Gas E&P,Energy,SD
2019Q4,2019,Q4,2020-02-27,2019-12-31,-249142000.0,59852000.0,-248243000.0,-7.008016652133555,1651000.0,0.027584708948740225,607689000.0,402452000.0,38606000.0,88423000.0,205237000.0,0.0,-745357000.0,150736240.0,203961240.0,11.320412927906387,0.4366058604661683,0.09462076818899141,0.14287418126882212,-0.5397150137405642,11.320412927906387,-0.6190601612117719,2.5184829245472167,-0.15125534835555626,0.37454464134853355,0.0,0.0,0.0,0.09849116900256545,0.3722900150413354,-0.4099827378807252,31.14385123966942,0.027584708948740225,-0.36875325236983486,-13.240620811138625,1.2479699732487863,1.7057762891231731,1.1411714407866609,-0.3719122036100924,-0.3661719141254877,0.6020113304279358,-0.6756728524004566,-0.5813720569241559,Oil & Gas E&P,Energy,SD
2019Q3,2019,Q3,2019-11-12,2019-09-30,-181602000.0,58369000.0,-181707000.0,-5.12,-11695000.0,-0.20036320649659922,859952000.0,651244000.0,41396000.0,95195000.0,208708000.0,0.0,-496215000.0,166807700.0,224772700.0,18.349553407906228,0.4348547717842324,0.07209704727705732,0.09520241261339836,-0.25476134394400796,18.349553407906228,-0.27885400863578014,2.857813222772362,-0.22963362187641106,0.25613702391116083,0.0,0.0,0.0,0.0678747185889445,0.3754503913020642,-0.21117690289690588,-11.922500178686299,-0.20036320649659922,-12.473684210526317,-16.787756804310714,1.025823152393059,4.029056440260816,-6.761083743842365,-12.670731707317072,-13.471726664542848,-8.09094242753891,10.353947726538825,5.926863662978067,Oil & Gas E&P,Energy,SD
2019Q2,2019,Q2,2019-08-08,2019-06-30,-13284000.0,75388000.0,-12556000.0,-0.38,2030000.0,0.02692736244495145,1046813000.0,832141000.0,63988000.0,111909000.0,214672000.0,0.0,-314613000.0,243956400.0,288148400.0,23.536061771693632,0.5717860047002475,0.04967458371265928,0.06248940984760996,-0.014201354761288075,23.536061771693632,-0.015963640777224054,3.2360110362391894,-4.591169828364951,0.2931671435489899,0.0,0.0,0.0,0.0720166830178838,0.525721791812991,-0.012689945577672421,-7.993590877813821,0.02692736244495145,-1.5333333333333334,-6.461200480310004,1.761630537682017,5.895202007333657,-0.6599095325850226,-1.5173393973848777,-1.9467261206289603,0.4770296221489079,14.400935637274198,8.435928551198936,Oil & Gas E&P,Energy,SD
2019Q1,2019,Q1,2019-05-09,2019-03-31,-5277000.0,73236000.0,-4261000.0,-0.15,5969000.0,0.08150363209350593,1051544000.0,843460000.0,63767000.0,164820000.0,208084000.0,0.0,-301329000.0,287874300.0,300520300.0,23.87916878998924,0.3868887270962262,0.019019651103520156,0.02371185355559244,-0.004934797211219976,23.87916878998924,-0.0062563725606430655,3.930775847943634,-13.63816088686754,0.3413016622009343,0.0,0.0,0.0,0.06964615841087012,0.35436840189297414,-0.005018334943663793,-9.381902620258115,0.08150363209350593,-1.0977943076525527,0.43422758771029824,1.2687232776583548,5.851916483115032,-0.6797403154844941,-1.0974011591420871,-1.0806289855620943,0.6709990742745794,14.832548254642195,10.395211415980212,Oil & Gas E&P,Energy,SD
2018Q4,2018,Q4,2019-03-05,2018-12-31,54178000.0,85145000.0,52847000.0,1.5338316063643056,18638000.0,0.21889717540665923,1024338000.0,847721000.0,73327000.0,137190000.0,176617000.0,0.0,-295995000.0,268800420.0,251140420.0,23.999801823226317,0.5344923099351264,0.0,0.0,0.06233893531618467,23.999801823226317,0.06391017799488274,3.1569724587468437,1.2403578020598767,0.3170859516279531,0.0,0.0,0.0,0.08312197731608122,0.4604052773525767,0.05289074504704502,-69.24276661514683,0.21889717540665923,3.6479745647403194,37.903371711609886,1.5081181128224357,5.361213979069482,-0.4259755459053251,3.624669227486129,3.2515687851971036,2.3768650362188364,8.847438234782024,9.294344016622148,Oil & Gas E&P,Energy,SD
2018Q3,2018,Q3,2018-11-08,2018-09-30,11715000.0,97660000.0,12430000.0,0.33,32469000.0,0.3324697931599427,1032323000.0,792535000.0,91613000.0,189933000.0,239788000.0,0.0,-350173000.0,393684200.0,361122200.0,22.446329443752123,0.482343773857097,0.0,0.0,0.015724116548292214,22.446329443752123,0.0147816815661138,4.031171411017817,8.401284677763552,0.4967404594118872,0.0,0.0,0.0,0.09460217393199609,0.458345837742783,0.011348192377773236,252.36166666666668,0.3324697931599427,1.3402061855670104,3.1921474058667196,1.7097918892585215,4.984280412682871,0.600483067974565,1.3438105300228913,1.3690069763989907,1.2727191873276213,7.081844578378089,12.076446852773866,Oil & Gas E&P,Energy,SD
2018Q2,2018,Q2,2018-08-09,2018-06-30,-34074000.0,79462000.0,-33685000.0,-0.97,20287000.0,0.25530442223956107,1027255000.0,780256000.0,94965000.0,197528000.0,246999000.0,0.0,-361888000.0,621201580.0,591076580.0,22.282205785761203,0.48076728362561255,0.0,0.0,-0.043114788490361544,22.282205785761203,-0.043670282573924454,7.817593063351036,-4.557738891823678,0.7961509812164211,0.0,0.0,0.0,0.07735372424568389,0.45116135433963794,-0.0331699529328161,-151.84590075776094,0.25530442223956107,0.17796610169491522,-21.815154122523257,1.1195775654842854,4.654354140201897,-0.23632599284773198,0.16677263168190934,0.19734553339528677,0.6479174441854444,3.893671873318585,26.388956357161142,Oil & Gas E&P,Energy,SD
2018Q1,2018,Q1,2018-05-08,2018-03-31,-40894000.0,87128000.0,-41967000.0,-1.18,26565000.0,0.3048962446056377,1039976000.0,813440000.0,112699000.0,180186000.0,226536000.0,0.0,-327814000.0,501683250.0,474670250.0,23.526825741142446,0.6254592476663003,0.0,0.0,-0.05159578941480181,23.526825741142446,-0.05027291502753737,5.758002593884859,-3.066973455763682,0.6167427837332808,0.0,0.0,0.0,0.0837788564351485,0.5272607194787609,-0.03932206127833719,-14.284830580865604,0.3048962446056377,-1.1747601279317696,-0.17902634584834204,1.3531976392238685,4.963576341710833,-0.10235182807325809,-1.1798507462686567,-1.3020844761382337,0.45354480350828236,4.596457029974219,11.5616566083456,Oil & Gas E&P,Energy,SD
2017Q4,2017,Q4,2018-02-22,2017-12-31,-18760000.0,93206000.0,-18230000.0,-0.542588575560376,29594000.0,0.31751174817071864,1119627000.0,839940000.0,195097000.0,198914000.0,279687000.0,0.0,-286920000.0,728495250.0,666854250.0,24.293275488069416,0.9808108026584353,0.033495083630530526,0.04464842726861443,-0.020499838318973274,24.293275488069416,-0.02233492868538229,7.815969465485055,-9.708092350746268,0.8673182013000929,-0.1579957356076759,0.0,0.004068660708494667,0.0832473672035419,0.8567521642518877,-0.016755580206622385,-21.922818236533253,0.31751174817071864,-1.170354302241504,0.11727167170572582,-0.04067889591771573,3.883353939072373,0.8389361834337911,-1.2109605185621686,-0.12067375668531383,-1.947717641034485,2.5995262210057373,4.806516884089669,Oil & Gas E&P,Energy,SD
2017Q3,2017,Q3,2017-11-03,2017-09-30,-8485000.0,80892000.0,-16267000.0,-0.25,16093000.0,0.19894427137417792,1138783000.0,858283000.0,221687000.0,197515000.0,280500000.0,0.0,-268160000.0,688886100.0,593286100.0,25.030125400991544,1.1223805786902261,0.033018582117927645,0.04380955931784738,-0.009093746751381393,25.030125400991544,-0.009886016616896759,8.516121495327102,-20.29717442545669,0.8026328145844669,0.0,0.0,0.0,0.07103372635524063,1.0246715439333722,-0.007450936657818039,-34.67838409262522,0.19894427137417792,-1.3623188405797102,0.30879875749306707,1.107735992364541,3.4827903837212357,-0.39175296696651296,-1.3610791948593557,-1.6967192050710982,-1.7634883218038215,1.905866121453207,5.859998744937064,Oil & Gas E&P,Energy,SD
2017Q2,2017,Q2,2017-08-07,2017-06-30,23499000.0,84851000.0,23348000.0,0.69,26458000.0,0.3118171854191465,1132678000.0,864161000.0,240075000.0,187182000.0,268517000.0,0.0,-259675000.0,586447960.0,475726960.0,25.359813358375398,1.2825752476199634,0.03326541170570983,0.043601828825878514,0.02593564804663554,25.359813358375398,0.027192849480594472,6.911503223297309,6.239073577599047,0.6786327547760197,0.0,0.0,0.0,0.07491184608511862,1.0982252567020334,0.02074640807007817,-106.2020934444042,0.3118171854191465,-0.6368421052631579,-0.6136493040920116,1.399356506267464,3.123102176408761,-0.3661691780657835,-0.5374940954180444,-0.5402126821583301,14.694423033647439,2.225037992476789,6.429494265883467,Oil & Gas E&P,Energy,SD
2017Q1,2017,Q1,2017-05-10,2017-03-31,50808000.0,98350000.0,50780000.0,1.9,41743000.0,0.4244331469242501,1097197000.0,834909000.0,227398000.0,181666000.0,262288000.0,0.0,-283174000.0,495550489.99999994,382068489.99999994,31.15215850154845,1.2517367036209308,0.034192583464956613,0.04493423834214268,0.05820213981753427,31.15215850154845,0.06085453624287198,5.038642501270971,2.4383487344512673,0.5935383257337027,0.0,0.0,0.0,0.08963750356590476,1.1433564893816124,0.04630708979335525,24.114379075425788,0.4244331469242501,1.1078932424758658,4.4807901175881115,2.8519696873319784,7.564100212015103,0.26789782219117336,1.1521279589918019,1.1509759324503115,8.179282782309974,3.0153699335486044,7.938836615236642,Oil & Gas E&P,Energy,SD
2016Q4,2016,Q4,2017-03-03,2016-12-31,-333982000.0,98456000.0,-336345000.0,-17.61,32923000.0,0.3343930283578451,1081392000.0,512900000.0,257176000.0,213706000.0,1081392000.0,0.0,0.0,446672850.0,630772850.0,27.041704012231772,1.2034102926450356,0.0,0.0,-0.6557887773861084,27.041704012231772,-0.6511639695847143,4.536776326480864,-0.3343539846458791,0.8708770715539091,0.0,0.0,0.0,0.09104561528104517,0.567134287291887,-0.30884452631423204,32.09087218909404,0.3343930283578451,-30.44642857142857,-17.76993893796475,4.5462670796544415,5.642801207129433,0.1874413907523624,0.17400089529278795,0.05874829992891884,-447.6156908738879,4.401043365566161,6.16747858367705,Oil & Gas E&P,Energy,SD
2016Q3,2016,Q3,2016-11-08,2016-09-30,-404337000.0,104056000.0,-357338000.0,-0.56,27726000.0,0.2664526793265165,1886504000.0,-2675500000.0,737835000.0,152003000.0,4562025000.0,0.0,-7985411000.0,14008273500.0,13355593500.0,-3.7243883052397573,4.854081827332355,0.0,0.0,0.1335606559843689,-3.7243883052397573,0.15112577088394694,134.622448489275,-8.661261212800214,-5.235759110446645,0.0,0.0,0.0,0.05515811257225005,4.6981046426715265,-0.21433137698091284,-421.39017236711487,0.2664526793265165,0.23287671232876703,-1.3907599084886595,-0.8410072862222585,-1.7419545900180757,0.5018688045067982,0.21626598386155751,-0.29794776797065126,-2.718724990786037,-0.8580911558564848,-1.992936686602681,Oil & Gas E&P,Energy,SD
2016Q2,2016,Q2,2016-08-15,2016-06-30,-515911000.0,99421000.0,-275310000.0,-0.73,18461000.0,0.185685116826425,2240908000.0,-2272923000.0,753865000.0,73816000.0,4513852000.0,0.0,-7581074000.0,14002989000.0,13368823000.0,-3.1651812695132446,10.212758751490192,0.0,0.0,0.12112667297791042,-3.1651812695132446,0.226981292371101,140.84538477786384,-6.785564273682864,-6.160784593230831,0.0,0.0,0.0,0.04436639076659997,9.698222607564755,-0.23022408773586422,-436.28455259222335,0.185685116826425,-0.5531914893617021,-2.362993392187589,-0.8487743023625903,-1.8777000992581034,6.821822768842637,-0.6470886835703294,-0.006415528869879915,-15.844878215965448,-0.8706814729474843,-1.8031994672268175,Oil & Gas E&P,Energy,SD
2016Q1,2016,Q1,2016-05-16,2016-03-31,-313226000.0,90332000.0,-273555000.0,-0.47,-3171000.0,-0.035103839171057874,2574059000.0,-1753177000.0,853885000.0,4253831000.0,4327257000.0,0.0,-7059723000.0,103467600.0,3390796600.0,-2.5416318731660925,0.20073317440208602,1.5467287268862135,-2.270946401874996,-0.12277139846565108,-2.5416318731660925,0.17866193772790767,1.1454146924677855,-0.08258222497493822,-0.059017201343617896,0.0,0.0,0.0,0.035093212704137705,0.18026480130498837,-0.12168563346838593,-0.4437051331532227,-0.035103839171057874,0.584070796460177,0.4018636330101383,-0.8332937042448436,-1.8229556224483192,-1.5003945084424806,0.5208398985464235,0.714870451091613,0.5473413812634343,-0.8777098839226676,-1.6442524748098668,Oil & Gas E&P,Energy,SD
2015Q4,2015,Q4,2016-03-30,2015-12-31,-653698000.0,143642000.0,-959406000.0,-1.13,6337000.0,0.04411662327174503,2991155000.0,-1697917000.0,674088000.0,437389000.0,4178888000.0,0.0,-6992697000.0,117360200.0,3313278200.0,-2.8935141555655153,1.5411635866471265,1.2140815170059727,-2.1388006598673552,-0.49619975437888425,-2.8935141555655153,0.3849999734969377,0.8170326227704989,-0.04488318764934266,-0.06912010422182004,0.0,0.0,0.0,0.048022252273787217,1.2871265623964023,-0.21854367292901905,-1.1215079554684888,0.04411662327174503,0.08130081300813015,-1.258062136440047,-0.6673576113017482,-1.7501293168953955,-0.5712449255751015,-0.020746019749786074,0.09467195982384242,-0.8123527443686409,-0.9128890168715127,-1.5816446512649927,Oil & Gas E&P,Energy,SD
2015Q3,2015,Q3,2015-11-05,2015-09-30,-640412000.0,180152000.0,-1059733000.0,-1.23,14780000.0,0.08204183134242196,4103082000.0,-1066721000.0,1108997000.0,496540000.0,4506352000.0,0.0,-6328118000.0,142124760.0,3288976760.0,-2.026491865316079,2.2334494703347163,0.9595211599475711,-3.690743877733728,-0.3692214168648003,-2.026491865316079,0.6003556693830908,0.7889158044318131,-0.055481767986858464,-0.133235175833231,0.0,0.0,0.0,0.043906507352278114,1.9904680388286946,-0.15608072175988683,-1.7084150929788078,0.08204183134242196,0.5575539568345323,-2.4366632425536285,-0.49523748442356774,-1.5136232337726443,-0.3850634491366757,0.5320274581616711,0.30965752340427194,-2.3983932273850086,-0.6942184826300744,-1.362936185935703,Oil & Gas E&P,Energy,SD
2015Q2,2015,Q2,2015-08-06,2015-06-30,-1368482000.0,229607000.0,-1535083000.0,-2.78,24035000.0,0.10467886432033867,5435048000.0,-434563000.0,1377835000.0,551331000.0,5019476000.0,0.0,-5678592000.0,434249181.0,3846271181.0,-0.8776337818815598,2.4991067072230657,0.8087580827253044,-10.115078826315171,-0.38754801881719547,-0.8776337818815598,3.1490992100109767,1.8912715248228495,-0.07933045173411123,-0.9992778515428143,-7.307366848814964e-07,0.0,2.3028252988230736e-06,0.04224562506163699,2.2152518178734733,-0.25178839266920916,-14.066573191668557,0.10467886432033867,-0.26940639269406386,-11.802016951788737,-0.4683709111299434,-0.4177776362396518,2.2589042530902996,-0.3222648757962922,-0.41033078048170984,-2.5483908700828595,-0.5531804815921072,-1.1426892897447383,Oil & Gas E&P,Energy,SD
2015Q1,2015,Q1,2015-05-07,2015-03-31,-1034953000.0,215308000.0,-1088456000.0,-2.19,-19092000.0,-0.08867297081390381,6057205000.0,895559000.0,547109000.0,607633000.0,4050288000.0,0.0,-4303036000.0,851133700.0,4209890700.0,1.8729078874447105,0.9003938232452813,0.5564576401161923,3.7636582291060665,-0.25514740831291877,1.8729078874447105,-1.1556502698314683,3.953098352128114,-0.20559718653890563,0.9503937764011081,-0.010880687335560165,0.0,0.01323058880173585,0.03554576739601846,0.5280457118030126,-0.17086312911648194,-2.966067041403416,-0.08867297081390381,-5.5625,-17.62061174518081,-0.5536662131275533,3.1461642821430664,-1.1917965100509327,-4.902876192128277,-3.910434671001968,-2.9741072189760955,-0.5273475885220564,-0.48511526624542783,Oil & Gas E&P,Energy,SD
2014Q4,2014,Q4,2015-02-27,2014-12-31,265177000.0,346881000.0,373984000.0,0.48,99543000.0,0.28696584707723977,7259225000.0,1937825000.0,831918000.0,784451000.0,4049405000.0,0.0,-3257202000.0,842976680.0,3857159680.0,4.1837948589514955,1.0605098342662576,0.4401896896707293,1.6489806871105492,0.07289265277985381,4.1837948589514955,0.13684259414549818,2.4301610062240364,0.7947301990745804,0.4350117683485351,0.03959619424007361,0.0,0.012455860582050738,0.047784853066270845,0.6518316631631549,0.036529657091493924,-3.2872661901363687,0.28696584707723977,0.7777777777777776,1.2380618079588457,-0.1822285464436846,4.6172801445866565,-0.33048829701372073,0.6853970433080375,0.45807845109574996,1.610281385325798,-0.1998091597416109,0.027750230786259114,Oil & Gas E&P,Energy,SD
2014Q3,2014,Q3,2015-01-08,2014-09-30,157338000.0,394107000.0,256491000.0,0.27,148680000.0,0.3772579527894709,6978389000.0,1771294000.0,1004725000.0,671198000.0,3940613000.0,0.0,-3511498000.0,2082614820.0,4687669820.0,3.6487069942198915,1.4969129824582315,0.4578851938463161,1.8039359925568539,0.05192295653803648,3.6487069942198915,0.08882658666489018,5.284389315591959,3.3091414979216722,1.1757589762060956,0.10971284750028601,0.0,0.008288618631840909,0.05647535555842473,1.3718589745499838,0.022546464520679488,-8.334659948614101,0.3772579527894709,4.375,1.569629204879154,0.07197276794769351,4.401416672793979,-0.13545573484518098,7.437988461066328,4.0756124589385365,-0.7749917309284349,-0.10890792268782665,-0.27312227401642236,Oil & Gas E&P,Energy,SD
2014Q2,2014,Q2,2014-08-07,2014-06-30,-24439000.0,374714000.0,50534000.0,-0.08,171975000.0,0.4589500258864094,6912819000.0,1656583000.0,1289616000.0,707557000.0,3982617000.0,0.0,-3640679000.0,3470023700.0,5746430700.0,3.4133969891905926,1.8226319575666696,0.4622086879462633,1.928768434784131,0.009170881324547802,3.4133969891905926,-0.014752656522492384,9.260459176865556,-35.496784852080694,2.0946874983022283,-0.4296411473464544,0.0,0.0030259159325050143,0.05420567209990599,1.7744054542602221,-0.0035353160555773267,-18.722273958412018,0.4589500258864094,0.7241379310344827,0.903812313908382,0.00272405777899485,7.474153117572408,-0.03126865923864673,0.8090926844510409,1.6828088475725924,-1.0955349170957096,-0.15665140422060084,-0.053470047647342756,Oil & Gas E&P,Energy,SD
2014Q1,2014,Q1,2014-05-08,2014-03-31,-128015000.0,443056000.0,-74009000.0,-0.29,177526000.0,0.4006852406919216,6878257000.0,1689538000.0,1525945000.0,612406000.0,3880718000.0,0.0,-3602358000.0,2976659720.0,4992051720.0,3.4850350042698195,2.491721178433915,0.46451244842988565,1.8910708134413077,-0.015165941768960182,3.4850350042698195,-0.07576923395626496,6.718472879274855,-5.813107292114205,1.7618187457162846,-0.1348513846033668,0.0,0.005799453623808905,0.0644139932543957,2.412701704424842,-0.01861154650080682,-12.373619271298818,0.4006852406919216,-30.0,0.9626565996758911,-0.06134239759312974,5.980350894101161,0.3428694619475185,-7.709381551362683,-1.755355739495198,0.6521791904746672,0.16337920004963635,0.12842035916883876,Oil & Gas E&P,Energy,SD
2013Q4,2013,Q4,2014-02-28,2013-12-31,19080000.0,465108000.0,97979000.0,0.01,132199000.0,0.2842329093457864,7684795000.0,1825810000.0,1241823000.0,933818000.0,4509168000.0,0.0,-3460462000.0,2937491520.0,5317735520.0,3.7728335978311183,1.3298340790175387,0.41574394632517847,1.749857323598841,0.020179126325746904,3.7728335978311183,0.010450156368954053,6.315719187801543,38.48914465408805,1.6088703205700483,0.550314465408805,0.0,0.0035744784039410606,0.060523149934383416,1.2507362248318195,0.0024828248508906225,-49.312419547079855,0.2842329093457864,1.0555555555555556,1.004037986980539,-0.21772775209097378,-0.22348248372585466,-0.2989170785515793,1.2606806661839247,15.093791064388961,1.079917155467172,0.30602915398198893,-0.02191144147075036,Oil & Gas E&P,Energy,SD
2013Q3,2013,Q3,2013-11-06,2013-09-30,-73193000.0,493603000.0,6088000.0,-0.18,188564000.0,0.3820155063887375,7669444000.0,1813859000.0,1403262000.0,882032000.0,4483896000.0,0.0,-3465661000.0,2833790520.0,5108317520.0,3.750881960039869,1.5909422787381864,0.4165600531146717,1.7613188235689765,0.0012680661734142578,3.750881960039869,-0.040352089109462204,5.741031800860205,-9.679171915347098,1.5622992305355599,-0.23584222534941865,0.0,0.006091487665785543,0.06435968500454531,1.4936136103905526,-0.00954345582287321,-22.73762753751103,0.3820155063887375,-1.5714285714285712,-1.1071173043257974,-0.5018361833986745,-0.7429832625324863,0.04087569483161201,-2.5815717361518886,-0.9295843068310625,-1.1787314260547095,0.5054337626629039,-0.049322548593274076,Oil & Gas E&P,Energy,SD
2013Q2,2013,Q2,2013-08-08,2013-06-30,-20436000.0,512987000.0,86458000.0,-0.07,181159000.0,0.3531454013454532,7753636000.0,1888210000.0,1641990000.0,883793000.0,4477338000.0,0.0,-3378587000.0,2314313820.0,4414632820.0,3.9407163458929695,1.8578897999871011,0.41202088929632497,1.6918986765243273,0.016666692683289963,3.9407163458929695,-0.010822948718627694,4.5114473076315775,-28.31172709923664,1.2256654821232809,-0.5137991779213154,0.0,0.004536981937911947,0.06616083086696357,1.7102851006966564,-0.002635666673029273,-16.129533254810674,0.3531454013454532,0.9320388349514562,0.6746066397070799,-0.5604736576404424,-0.714519191885013,0.07342031664770572,0.9573663787708099,1.240477740135623,-1.1666962982548248,0.22742303070515807,7.366048825049773,Oil & Gas E&P,Energy,SD
2013Q1,2013,Q1,2013-05-08,2013-03-31,-479340000.0,511690000.0,-359526000.0,-1.03,168768000.0,0.32982469854794894,7678311000.0,1885065000.0,1789158000.0,782253000.0,4402819000.0,0.0,-3344269000.0,2484695200.0,4370505200.0,3.945086705202312,2.2871858593063883,0.41604761776385457,1.6946593353544839,-0.07137332137946518,3.945086705202312,-0.2542830088087148,4.8558603842170065,-1.2958939374973923,1.3180952380952382,-0.03601410272457963,0.0,0.006947733468475328,0.0666409578877438,2.1794317183826717,-0.062427791737010914,-8.270765830390221,0.32982469854794894,-0.634920634920635,-1.4987355473658386,-0.4386927323559052,-0.6872207701966933,1.6475684718630332,-0.6376830409916158,-0.7145595879631838,-8.703322058075196,0.06148664167501568,5.520673031183773,Oil & Gas E&P,Energy,SD
2012Q4,2012,Q4,2013-03-01,2012-12-31,-292694000.0,1338098000.0,-209690000.0,-0.63,-260618000.0,-0.19476749834466534,9790731000.0,2368853000.0,1142885000.0,1170454000.0,5928276000.0,3618000.0,-2851048000.0,3023736650.0,7015053650.0,4.974711190539692,0.9764458919359497,0.43930151895706254,1.8156816822318649,-0.009789646058469506,4.974711190539692,-0.12355937662657834,2.259727351808313,-2.5826773439154884,1.2764560105671394,-0.0358736427805148,441.8783858485351,0.0034725246327255385,0.13666987684576362,0.6548749459611398,-0.02989500988230603,-9.39909746506893,-0.19476749834466534,-0.6153846153846153,-7.092468566060959,0.8376739751843715,-0.6028882567410891,-1.7311324195276863,-0.7174862105386691,-1.763770083431087,0.7444113122605616,2.0684092920918906,5.301100943343574,Oil & Gas E&P,Energy,SD
2012Q3,2012,Q3,2012-11-09,2012-09-30,-170420000.0,532798000.0,-75871000.0,-0.39,356458000.0,0.6690302891527371,9844247000.0,2658002000.0,1229187000.0,914747000.0,5639227000.0,3343000.0,-2544473000.0,3346540110.0,6989101110.0,5.583603795503291,1.3437453197441478,0.4384531391786492,1.6238667239528037,-0.010842371017189982,5.583603795503291,-0.0641158283552834,6.281067327580058,-4.909253770097407,1.259043488304373,-0.10129092829480107,52.74902781932396,0.005158163187232798,0.05412277851216045,1.1936710369096593,-0.017311633891347912,-9.954815258810196,0.6690302891527371,-1.2653061224489794,-2.8405377860167693,-0.21653151527857084,-0.3777591844546644,0.12393426495812733,-1.2071061646957026,-1.0995143052387617,0.3707979399656992,0.4778935126524472,6.2051762650130895,Oil & Gas E&P,Energy,SD
2012Q2,2012,Q2,2012-08-06,2012-06-30,822863000.0,478434000.0,762413000.0,1.47,317152000.0,0.6628960316365475,9178535000.0,2835505000.0,980785000.0,823434000.0,4756457000.0,4055000.0,-2360172000.0,3084143520.0,6212502520.0,6.1506633290528585,1.1910912107102694,0.3867100795497321,1.2517812523695073,0.13422952782606645,6.1506633290528585,0.2901998056783536,6.446330152121296,0.9370161011006692,1.087687561827611,0.012760325837958445,39.773612823674476,0.0034045108250993455,0.05212531193703571,0.8794548196941103,0.08965079939227774,-9.222834484140394,0.6628960316365475,3.5344827586206895,22.691182765523298,-0.32621558065316314,-0.35295907485371886,0.2172077510870942,4.771521418291487,6.027252466107506,4.409427957339593,0.3477876980184222,12.665896552035194,Oil & Gas E&P,Energy,SD
2012Q1,2012,Q1,2012-05-07,2012-03-31,-218178000.0,381635000.0,-151656000.0,-0.58,260557000.0,0.6827387425157546,6378099000.0,1457183000.0,419440000.0,767533000.0,3987040000.0,9491000.0,-3169153000.0,3136674510.0,5823386510.0,3.6375284887305694,0.5464781318848831,0.44128415065366655,1.9315034556400945,-0.035399595149518404,3.6375284887305694,-0.14972587519892835,8.219043090911473,-3.5941691073343787,2.1525604608343634,-0.07912346799402323,12.757138341586767,0.005503599415547902,0.059835226765843554,0.48219294805565366,-0.034207371193203495,-8.456220995279445,0.6827387425157546,0.4020618556701031,-8.228878643449493,-0.38148833411167066,0.0,0.03683645045762037,0.4177510434569114,0.5532394382793697,0.9229775936144199,-0.021524617133744723,6.198274404409725,Oil & Gas E&P,Energy,SD
2011Q4,2011,Q4,2012-02-27,2011-12-31,-374716000.0,373838000.0,-339457000.0,-0.97,251300000.0,0.6722163075984785,6219609000.0,1626011000.0,441840000.0,699496000.0,3670659000.0,6903000.0,-2937094000.0,3259348800.0,5865843800.0,4.070828430513481,0.6316547914498439,0.4524683143265115,1.7307238388916188,-0.0762634975696298,4.070828430513481,-0.23045108550926163,8.71861287509563,-2.174546056213239,2.004505996576899,-0.02801855271725787,17.75141242937853,0.003221195595880993,0.060106350736838926,0.5918790100300788,-0.06024751716707594,-12.441497247818486,0.6722163075984785,-1.8362068965517242,-88.10992046537854,-0.3563493167678686,-0.5381322651935351,0.06495685928839015,-1.6515564875527944,-1.4873180759766977,0.9039193280802065,-0.23821080486105703,-0.16214974764386536,Oil & Gas E&P,Energy,SD
2011Q3,2011,Q3,2011-11-07,2011-09-30,575109000.0,363753000.0,696582000.0,1.16,235972000.0,0.6487149246879064,6418713000.0,2004215000.0,627994000.0,491514000.0,3432809000.0,11672000.0,-2548497000.0,2219941200.0,4732744200.0,5.019698449670649,1.277672660392176,0.4421821009912735,1.4161354944454563,0.14291249916812782,5.019698449670649,0.2869497533947206,6.102880800983085,0.9650088939661872,1.1076362565892381,0.030016918531965246,10.947652501713502,0.007776332093841045,0.0566707064173145,1.016925255435247,0.08959880275064487,-5.616109046475798,0.6487149246879064,1.7619047619047619,132.58045490567454,-0.3734620607005673,0.0,-0.001569752436078073,1.7384056452841687,1.4903187518769037,0.019397814076251414,-0.5553642067721399,-0.6560418236698193,Oil & Gas E&P,Energy,SD
2011Q2,2011,Q2,2011-08-08,2011-06-30,210016000.0,364774000.0,279716000.0,0.42,236343000.0,0.6479162440305504,5596674000.0,1436845000.0,190572000.0,640956000.0,3799989000.0,7571000.0,-3109725000.0,4247317100.0,7146917100.0,3.6062218429605832,0.2973246213468631,0.5189180216678692,2.021244462694306,0.06637355486458886,3.6062218429605832,0.1461646872140001,11.643694726049555,5.055944666120676,2.956002282779284,0.05165796891665397,16.963545106326773,0.0025543183483992754,0.06517692472350542,0.2614703661405775,0.03752514439826225,-16.38170377055756,0.6479162440305504,1.5316455696202531,4.378907552767134,-0.24584533997838134,0.0,0.23744973611460166,1.6946259889397508,2.3459014184806666,5.021451283502354,-0.6241452340263027,-0.7387512737263464,Oil & Gas E&P,Energy,SD
2011Q1,2011,Q1,2011-05-09,2011-03-31,-302344000.0,312848000.0,-207828000.0,-0.79,190992000.0,0.6104945532654835,5445468000.0,1229966000.0,198795000.0,668930000.0,4204209000.0,4278000.0,-3305860000.0,5097612800.0,8270873800.0,3.088419112569711,0.297183561807663,0.5843020287696117,2.5868991500578065,-0.04702112065328245,3.088419112569711,-0.24581492496540555,16.29421572137268,-4.215076866086313,4.144515214241695,-0.05996811578863811,28.48433847592333,0.0035567628832068217,0.05745107674859167,0.2580598866847054,-0.055522133267517135,-14.497299111269108,0.6104945532654835,-0.6013146201806847,-8.74718021252602,-0.3529012918426076,0.0,0.0407375923625188,-0.5388420918691945,-0.6239353638906687,-0.8909971770329562,-0.5882439196173941,-0.7551401468399848,Oil & Gas E&P,Energy,SD
2010Q4,2010,Q4,2011-02-28,2010-12-31,-196475000.0,293069000.0,-127978000.0,-0.4933446494798506,183516000.0,0.6261870071553115,5231448000.0,1536195000.0,175590000.0,544458000.0,3683965000.0,3945000.0,-2989576000.0,2915197320.0,5837444320.0,3.8573537794004285,0.32250421520117256,0.5597131042877612,1.9060796318175752,-0.03014945855411174,3.8573537794004285,-0.12789717451235033,9.947136408149616,-3.7093743733299407,1.897674006229678,-0.017869958009924927,27.770088719898606,0.001204378165386074,0.056020627558565045,0.2791418254484276,-0.03755652354759141,-9.741092666105297,0.6261870071553115,-1.6758145883285624,-7.160980355471598,-0.42131676936845763,-0.2450983992875176,0.2632144110905374,-1.64146933125251,-0.4637767356742537,-5.889901808941395,-0.5187577047098468,-0.6920825300135922,Oil & Gas E&P,Energy,SD
2010Q3,2010,Q3,2010-11-08,2010-09-30,306289000.0,245233000.0,-87430000.0,0.73,145277000.0,0.5924039586841902,5094165000.0,1427030000.0,158184000.0,462505000.0,3656741000.0,3592000.0,-2781553000.0,2054382160.0,5054932160.0,3.9454832493288396,0.34201576199176226,0.5895252705791822,2.1044680209946534,0.040513369752955344,3.9454832493288396,0.2146338899672747,8.377266354854363,1.676833121659609,1.439620862911081,0.06290464234758676,27.82739420935412,0.009378488761798826,0.04813997976115811,0.29026713224721895,0.060125457263359154,-11.039248997839849,0.5924039586841902,2.65,9.570758734335541,-0.46681252389044964,0.0,0.4495375313051894,4.723423339250678,-1.7319257944613735,3.353748993833607,-0.5253804023144448,-0.5603125141579736,Oil & Gas E&P,Energy,SD
2010Q2,2010,Q2,2010-08-09,2010-06-30,53515000.0,182439000.0,119452000.0,0.2,100223000.0,0.5493507418918104,3128663000.0,-129475000.0,226126000.0,335536000.0,3247201000.0,4295000.0,-3079210000.0,1219408630.0,3991706630.0,-0.6190207543471298,0.6739247055457537,0.8867624924768184,-21.427928171461673,0.04477948345736575,-0.6190207543471298,-0.41332303533500675,6.683925202396417,5.696573997944502,-9.418101023363583,0.028066897131645334,19.142258440046565,0.001231744603939698,0.05831212885504127,0.5043542272662248,0.01710475049565901,-9.685610131931151,0.5493507418918104,1.2222222222222223,2.1937614928470657,-0.31408405023990565,0.0,-0.18629687664915684,0.9648626817447497,0.3395985196815072,2.3959594082590465,-0.43370286527552687,-1.0651200919558694,Oil & Gas E&P,Energy,SD
2010Q1,2010,Q1,2010-05-07,2010-03-31,27236000.0,210994000.0,89170000.0,0.09,123169000.0,0.5837559361877589,2971665000.0,-182516000.0,290217000.0,324113000.0,3142995000.0,3741000.0,-3124094000.0,1610416500.0,4244879500.0,-0.8726768509885486,0.8954191902206946,0.8873927579320011,-14.448234675316137,0.036074634053142325,-0.8726768509885486,-0.14922527340068817,7.632522725764714,14.78205775444265,-8.823426439325868,0.41368042296959906,23.47634322373697,0.006996326726657359,0.07100194672010472,0.30460364132262513,0.009165232285604199,-37.47071757643445,0.5837559361877589,1.0374231686215536,0.6255618529982073,-0.20666512322951344,0.0,0.7998480265369047,1.0635994050107065,1.2295072684594162,0.7284766194219422,-0.3450170275975451,0.0,Oil & Gas E&P,Energy,SD
2009Q4,2009,Q4,2009-12-31,2009-12-31,-428243000.0,163077000.0,-388528000.0,-2.404927303461018,68433000.0,0.4196361228131496,2780317000.0,-205957000.0,255964000.0,225544000.0,2976222000.0,3707000.0,-3142699000.0,1679190670.0,4250267670.0,-1.1566134475961565,1.1348739048700032,0.927569769921919,-12.521730264084251,-0.1619800670757861,-1.1566134475961565,2.0792835397680096,10.296919062774027,-0.9802791113923637,-8.153112882786212,-3.502684223676744e-05,25.531157270029674,8.932874787828593e-06,0.058654103111263935,0.5025050544461391,-0.15402668113024523,-34.471099501159856,0.4196361228131496,-3.1464263852776173,-31.033182458920667,-0.27983454776695177,-1.2263544888360325,-0.11752872451545514,-3.2268052430020924,-6.735133090445759,-224.30991851671342,-0.3701866471266629,-1.131226958395923,Oil & Gas E&P,Energy,SD
2009Q3,2009,Q3,2009-09-30,2009-09-30,-101316000.0,134855000.0,-50229000.0,-0.58,77547000.0,0.5750398576248563,2310968000.0,-191015000.0,260443000.0,259027000.0,2501953000.0,3405000.0,-2708459000.0,2307774240.0,4433343240.0,-1.0727021547826967,1.0054666115887534,0.9261101841306327,-11.204413265973876,-0.025129150217188995,-1.0727021547826967,0.5304086066539277,17.11300463460754,-5.694496032216038,-12.081638824176112,-0.0001085712029689289,16.830543318649045,4.766497436941666e-06,0.05835433463379848,0.3676334899450636,-0.043841368638596466,84.37622902270483,0.5750398576248563,-0.11538461538461527,-8.102273224405897,-0.40445763433928433,0.0,0.053541830829008506,-0.11123785289665913,-0.00484125872726909,-53.765389630074495,-0.47918173806401954,0.0,Oil & Gas E&P,Energy,SD
2009Q2,2009,Q2,2009-06-30,2009-06-30,-91174000.0,134099000.0,-49987000.0,-0.52,73606000.0,0.5488929820505746,2364316000.0,-91820000.0,321458000.0,207374000.0,2456110000.0,3556000.0,-2604327000.0,1483792080.0,3657133080.0,-0.5272345165772822,1.5501364684097332,0.9194887654611312,-23.676345022870834,-0.023775111300662146,-0.5272345165772822,0.9929644957525594,11.064900409399026,-4.068572400026323,-16.159791766499673,-0.00012064843047359994,17.011529808773904,7.4134376023896824e-06,0.05671788373466152,0.3565876146479308,-0.038562527174878486,-14.086945723481216,0.5488929820505746,0.9264497878359265,-7.534994326274652,-0.3944834559042113,0.0,-0.11291352817113588,0.9210516973097103,0.9552200164833196,-6.342404085171921,-0.365712562099609,0.0,Oil & Gas E&P,Energy,SD
2009Q1,2009,Q1,2009-03-31,2009-03-31,-1154857000.0,159013000.0,-1116280000.0,-7.07,82975000.0,0.5218126819819763,2670585000.0,-114285000.0,407822000.0,289550000.0,2784848000.0,3682000.0,-2513153000.0,1076285390.0,3496873390.0,-0.6997569204205215,1.4084683128993265,0.906417133324721,-21.18094238088988,-0.48101154406513963,-0.6997569204205215,10.105061906636916,6.768537100740191,-0.23299105213892282,-9.417556022225138,-9.52498880813815e-06,20.65127648017382,1.0220337563069587e-05,0.05954238490817555,0.2717354515627698,-0.4324359644048027,-3.8861662087068924,0.5218126819819763,0.27590776831144986,-89.26608026004862,-0.23436015091394416,0.0,-0.090316073366735,0.27579644036526957,0.3294922959008378,-73.15814493785653,-0.19798105771588623,0.0,Oil & Gas E&P,Energy,SD
2008Q4,2008,Q4,2009-02-26,2008-12-31,-1594658000.0,200655000.0,-1664828000.0,-9.763949522719063,91213000.0,0.45457626273952806,3655058000.0,793521000.0,355913000.0,402624000.0,2861507000.0,3686000.0,-1358296000.0,1004424150.0,3379104150.0,4.85865871504583,0.8839835677952631,0.6498709459603651,2.993387698624233,-0.48644051373126546,4.85865871504583,-2.009597729612701,5.005726994094341,-0.1574670164386345,1.265781434895863,-0.0034471341190399447,29.691264243081932,0.005472787566885961,0.054897897653060496,0.2724849984104276,-0.4362880151286245,-2.4847284650911963,0.45457626273952806,-7.974249659085046,-122.93402982015178,-0.03386938224456865,-0.04913848947662264,-0.6082824430759188,-7.922881230844035,-5.148721488610396,-122.93402982015178,-0.03386938224456865,-0.04913848947662264,Oil & Gas E&P,Energy,SD
2008Q3,2008,Q3,2008-11-06,2008-09-30,230346000.0,334023000.0,401287000.0,1.4,232854000.0,0.6971196594246504,4890502000.0,2379101000.0,242289000.0,344655000.0,2511373000.0,7318000.0,236362000.0,3195192000.0,5166565000.0,14.593920991289412,0.7029899464682073,0.40328600213229643,0.8289984326012221,0.058837665818785176,14.593920991289412,0.09682060576663201,9.56578439209276,3.4678179781719676,1.343024949340108,0.0,13.824678874009292,0.0,0.06830035035258139,0.3302839070955013,0.04710068618722577,-7.302962150301701,0.6971196594246504,9.235294117647058,16.637923162458236,0.6112740460367709,0.0,-0.13113206491117438,12.323108686034509,35.02178889359898,16.637923162458236,0.6112740460367709,0.0,Oil & Gas E&P,Energy,SD
2008Q2,2008,Q2,2008-08-07,2008-06-30,-20343000.0,378050000.0,-11795000.0,-0.17,267997000.0,0.7088930035709562,4565810000.0,2142403000.0,511700000.0,542568000.0,2421943000.0,6476000.0,6016000.0,10023074320.0,11557220320.0,13.803787273523879,0.9431075920437623,0.396432177423064,0.8448615876658127,-0.001946402318994981,13.803787273523879,-0.00949541239440012,26.51256267689459,-123.17596126431697,4.678426197125377,-0.39502531583345624,16.993977764051884,0.0008017500163562591,0.08280020412588347,0.8857212367850665,-0.00445550734699867,-26.692181536380243,0.7088930035709562,0.6382978723404255,-2.636137313579944,0.9154916388943359,0.0,0.1409079685650793,0.6407417218543047,0.8122144210409005,-2.636137313579944,0.9154916388943359,0.0,Oil & Gas E&P,Energy,SD
2008Q1,2008,Q1,2008-05-08,2008-03-31,-56625000.0,269086000.0,-62811000.0,-0.47,234898000.0,0.8729476821536609,3907832000.0,1778989000.0,163102000.0,383899000.0,2123968000.0,4864000.0,33009000.0,5521872600.0,6800078600.0,12.613007288505715,0.4248565377872826,0.32727404862849785,0.718909448006705,-0.013343983364321424,12.613007288505715,-0.03182987640733023,20.520846866800948,-24.37912847682119,3.1039385853425734,-0.16805298013245032,7.0287828947368425,0.0017233284230425746,0.06885812900861654,0.3553981646214239,-0.014490131612617942,-21.078987330175103,0.8729476821536609,-5.658515811665495,-6.011425275542898,0.500273419942108,0.0,0.6676700697175799,-4.979269149683767,-2.2946717510048438,-6.011425275542898,0.500273419942108,0.0,Oil & Gas E&P,Energy,SD
2007Q4,2007,Q4,2008-03-07,2007-12-31,14230000.0,215677000.0,48515000.0,0.10089050225461559,140854000.0,0.653078446009542,3630566000.0,1766891000.0,226452000.0,232106000.0,1859003000.0,3993000.0,99216000.0,5057837840.0,6062351840.0,12.527232636624031,0.9756404401437274,0.29407232921808885,0.6042528939249789,0.01070480515361951,12.527232636624031,0.008053694313910705,23.45098383230479,88.85871117357695,2.8625635876802815,0.6293042867182009,18.73854244928625,0.0017705193964858313,0.05940588877877444,0.7664343015691106,0.003919499053315654,-19.10124528401645,0.653078446009542,-0.08281361586713104,0.25993948267140704,0.20247791246743924,1.4516361502509278,0.35820492546236476,-0.31978967495219884,-0.18757117020564004,0.25993948267140704,0.20247791246743924,1.4516361502509278,Oil & Gas E&P,Energy,SD
2007Q3,2007,Q3,2007-09-30,2007-09-30,20920000.0,153648000.0,59716000.0,0.11,103706000.0,0.6749583463500989,3170456000.0,965123000.0,173397000.0,205442000.0,2199728000.0,4249000.0,94300000.0,3441728000.0,4861219000.0,8.97338081335887,0.8440192365728527,0.4578218401390841,1.503957526657224,0.01574126454799531,8.97338081335887,0.021675993629827493,22.400083307299802,41.12963671128107,3.56610297340339,0.4281548757170172,11.753824429277477,0.002602471781616676,0.04846242937924387,0.5874991481780746,0.006598419911836026,-9.909814140308951,0.6749583463500989,4.666666666666667,1.4279669657822118,0.12339962089554843,0.0,-0.08652414801504461,1.776008492569002,0.5189499923691306,1.4279669657822118,0.12339962089554843,0.0,Oil & Gas E&P,Energy,SD
2007Q2,2007,Q2,2007-06-30,2007-06-30,7536000.0,154064000.0,39314000.0,-0.03,113529000.0,0.7368950565998547,2765348000.0,950821000.0,120412000.0,213252000.0,1808755000.0,3452000.0,82694000.0,3200800000.0,4265257000.0,9.505833541614596,0.5646465214863167,0.3857221586577892,1.1218262953805185,0.012159632921032469,9.505833541614596,0.00792578203468371,20.775781493405336,106.18365180467092,3.366353919402285,,11.742468134414832,,0.05571233710910887,0.4118601466809221,0.002725154302460305,0.0,0.7368950565998547,0.0,-0.05954073388516698,0.21122977267723717,0.0,0.0,0.0,-0.7448203344064804,-0.05954073388516698,0.21122977267723717,0.0,Oil & Gas E&P,Energy,SD
2007Q1,2007,Q1,2007-03-31,2007-03-31,7536000.0,154064000.0,154064000.0,-0.03,0.0,0.0,,,,,,,,3200800000.0,,,0.0,0.0,0.0,0.0,,0.0,20.775781493405336,106.18365180467092,0.0,,0.0,,0.0,0.0,0.0,0.0,0.0,-3.785654911838791,-0.05954073388516698,0.21122977267723717,0.0,0.0,8.4911838790932,1.6312675421523837,-0.05954073388516698,0.21122977267723717,0.0,Oil & Gas E&P,Energy,SD
