Quarters,Year,Quarter,FillingDate,Date,NetIncome,Revenue,OperatingIncome,EPSDiluted,GrossProfit,GrossProfitRatio,TotalAssets,CommonStockEquity,CurrentAssets,CurrentLiability,TotalLiability,Inventory,RetainedEarnings,MarketCap,EnterpriseValue,bookValuePerShare,currentRatio,debtToAssets,debtToEquity,roic,shareholdersEquityPerShare,roe,priceToSalesRatio,peRatio,pbRatio,payoutRatio,inventoryTurnover,dividendYield,assetTurnover,quickRatio,returnOnAssets,priceToFreeCashFlowsRatio,grossProfitMargin,epsdilutedGrowth,fiveYNetIncomeGrowthPerShare,fiveYRevenueGrowthPerShare,fiveYShareholdersEquityGrowthPerShare,grossProfitGrowth,netIncomeGrowth,operatingIncomeGrowth,threeYNetIncomeGrowthPerShare,threeYRevenueGrowthPerShare,threeYShareholdersEquityGrowthPerShare,Industry,Sector,Symbol
2023Q1,2023,Q1,2023-05-05,2023-03-31,-10200000.0,1493900000.0,50500000.0,-0.0885,160600000.0,0.107503849,5452900000.0,621700000.0,2004500000.0,1198000000.0,4831200000.0,464600000.0,-254700000.0,899712000.0,3438912000.0,5.396701388888889,1.6732053422370619,0.5510645711456289,4.83336014154737,0.02704729259279096,5.396701388888889,-0.016406626990509893,0.6022571791953946,-22.051764705882352,1.4471803120476112,0.0,2.8697804563065,0.0,0.27396431256762455,1.13338898163606,-0.0018705642868932129,-62.049103448275865,0.1075038489858759,-1.8045454545454547,-1.1106275633855331,-0.22055939884069928,-0.6417806363567334,-0.039473684210526314,-1.7338129496402879,-0.05783582089552239,0.9800944627302347,0.0878156271967911,0.5603084826264182,Auto Parts,Consumer Cyclical,AXL
2022Q4,2022,Q4,2023-02-17,2022-12-31,13900000.0,1392700000.0,53600000.0,0.11,167200000.0,0.1200545703,5469400000.0,627300000.0,1993400000.0,1199300000.0,4842100000.0,463900000.0,-249600000.0,896172000.0,3413972000.0,5.473821989528796,1.6621362461435838,0.5538633122463159,4.829108879324087,0.010993947013496005,5.473821989528796,0.022158456878686433,0.6434781359948302,16.11820143884892,1.4286178861788619,0.0,2.6417331321405477,0.0,0.25463487768310966,1.1103977320103393,0.0025414122207189087,9.43338947368421,0.12005457025920874,-0.5,-0.8730034033876267,-0.21991114060878414,-0.6033617269306283,-0.05749718151071026,-0.47547169811320755,-0.13964686998394862,1.0300559355258954,-0.043080706379135685,-0.3695250040702308,Auto Parts,Consumer Cyclical,AXL
2022Q3,2022,Q3,2022-11-04,2022-09-30,26500000.0,1535200000.0,62300000.0,0.22,177400000.0,0.1155549766,5679600000.0,486500000.0,2055500000.0,1214300000.0,5193100000.0,446800000.0,-263500000.0,816868000.0,3450668000.0,4.067725752508361,1.6927447912377502,0.5468871047256849,6.384583761562179,0.021420790239608724,4.067725752508361,0.05447070914696814,0.5320922355393434,7.7063018867924535,1.6790709146968141,0.0,3.0389435989256937,0.0,0.2703007254031974,1.191550687638969,0.004665821536727939,21.21735064935065,0.11555497655028661,0.15789473684210525,-0.7139100559482885,-0.1715030151537368,-0.6840187910007115,0.022478386167146973,0.1572052401746725,0.07972270363951472,1.2006991905385098,-0.1391060300760095,-0.6747091646593755,Auto Parts,Consumer Cyclical,AXL
2022Q2,2022,Q2,2022-08-05,2022-06-30,22900000.0,1438300000.0,57700000.0,0.19,173500000.0,0.1206285198,5768700000.0,469200000.0,2055800000.0,1213700000.0,5299500000.0,470800000.0,-290000000.0,862185000.0,3529585000.0,4.097816593886463,1.6938287880036254,0.5493092031133531,6.753623188405797,0.01496229503463059,4.097816593886463,0.04880647911338448,0.599447264131266,9.4125,1.837563938618926,0.0,2.6864910790144436,0.0,0.2493282715343145,1.1787921232594545,0.003969698545599529,8.28227665706052,0.12062851978029618,20.83908045977012,-0.6697885196374622,-0.21892147836641776,-0.653710102279426,-0.07119914346895075,21.9,-0.17923186344238975,-0.5588571428571428,-0.1464941362036483,-0.6976571127288612,Auto Parts,Consumer Cyclical,AXL
2022Q1,2022,Q1,2022-05-06,2022-03-31,1000000.0,1436200000.0,70300000.0,0.0087,186800000.0,0.1300654505,5725000000.0,484500000.0,2040900000.0,1153700000.0,5240500000.0,412700000.0,-312900000.0,886192000.0,3560192000.0,4.242556917688266,1.7690040738493542,0.5596331877729258,6.612796697626419,0.004613708555377629,4.242556917688266,0.0020639834881320948,0.6170394095529871,221.548,1.8290856553147574,0.0,3.0273806639205234,0.0,0.2508646288209607,1.2637600762763284,0.00017467248908296942,22.21032581453634,0.1300654504943601,1.021219512195122,-0.9914444762143035,-0.08245018414730183,-0.4888646431347575,0.33143264433357095,1.021186440677966,1.1782002534854246,-0.976445675602856,-0.18143626042007083,-0.6879365548614232,Auto Parts,Consumer Cyclical,AXL
2021Q4,2021,Q4,2022-02-11,2021-12-31,-47200000.0,1234500000.0,-394500000.0,-0.41,140300000.0,0.1136492507,5635000000.0,457000000.0,1856000000.0,1039000000.0,5177000000.0,410000000.0,-313000000.0,1063620000.0,3888620000.0,4.008771929824562,1.7863330125120307,0.5953859804791481,7.341356673960613,-0.10009590077924758,4.008771929824562,-0.10328227571115974,0.8615795868772782,-5.6335805084745765,2.3273960612691464,0.0,2.668780487804878,0.0,0.21907719609582962,1.2435033686236767,-0.008376220053238686,28.902717391304346,0.11364925070878898,-19.499999999999996,-1.6753450791156996,-0.12476019684710984,-0.42137537239324724,-0.1527777777777778,-18.666666666666668,-9.520518358531318,0.8721732468262974,-0.28599644586941053,-0.6982412395974098,Auto Parts,Consumer Cyclical,AXL
2021Q3,2021,Q3,2021-11-05,2021-09-30,-2400000.0,1213100000.0,46300000.0,-0.02,165600000.0,0.13650976836204765,5642500000.0,432800000.0,1822000000.0,1003200000.0,5209700000.0,417900000.0,-267600000.0,1005221000.0,3745221000.0,3.7931638913234007,1.8161881977671452,0.5743376163048294,7.48775415896488,0.0018297984455275986,3.7931638913234007,-0.005545286506469501,0.8286381996537796,-104.71052083333333,2.3225993530499074,0.0,2.5065805216558985,0.0,0.21499335400974745,1.2363437001594897,-0.0004253433761630483,17.823067375886524,0.13650976836204765,-1.1538461538461537,-1.0260796565894457,-0.1922331008068864,-0.4419672352187689,-0.12842105263157894,-1.15,-0.30271084337349397,-1.0368263004184308,-0.3464042732070324,-0.7693039275504607,Auto Parts,Consumer Cyclical,AXL
2021Q2,2021,Q2,2021-07-30,2021-06-30,16000000.0,1283300000.0,66400000.0,0.13,190000000.0,0.1480557936569781,5844900000.0,441300000.0,1950500000.0,1152100000.0,5403600000.0,395000000.0,-265200000.0,1180935000.0,3952235000.0,3.8676599474145488,1.6929953997048868,0.574689045150473,7.611602084749603,0.01471323049582922,3.8676599474145488,0.036256514842510766,0.9202329930647549,18.452109375,2.676036709721278,0.0,2.7678481012658227,0.0,0.2195589317182501,1.2028469750889679,0.0027374292117914763,9.500683829444892,0.1480557936569781,-0.6060606060606061,-0.848909407364432,-0.16090589132442618,-0.35313514215738306,-0.16336415675913693,-0.5854922279792746,-0.30471204188481676,-0.8963371733202788,-0.3390989341318972,-0.7551198185431328,Auto Parts,Consumer Cyclical,AXL
2021Q1,2021,Q1,2021-05-07,2021-03-31,38600000.0,1425100000.0,95500000.0,0.33,227100000.0,0.15935723808855518,5936900000.0,401300000.0,1982400000.0,1042100000.0,5535600000.0,338100000.0,-281200000.0,1096410000.0,3990410000.0,3.53568281938326,1.9023126379426158,0.5887247553436978,8.709693496137554,0.019359747627416,3.53568281938326,0.09618739097931722,0.7693565363834117,7.10110103626943,2.7321455270371295,0.0,3.5433303756285124,0.0,0.2400410988899931,1.3952595720180405,0.006501709646448483,7.859569892473118,0.15935723808855518,0.03125000000000003,-0.5758639336106764,-0.01283205550333534,-0.3036468574902962,-0.039746300211416494,0.07222222222222222,-0.07281553398058252,-0.5750800737170959,-0.2453189328701114,-0.765310333417453,Auto Parts,Consumer Cyclical,AXL
2020Q4,2020,Q4,2021-02-12,2020-12-31,36000000.0,1437900000.0,103000000.0,0.32,236500000.0,0.16447597190347032,5916300000.0,370500000.0,1877000000.0,979300000.0,5543100000.0,323200000.0,-319800000.0,946590000.0,3867190000.0,3.26431718061674,1.9166751761462268,0.5877998073120024,9.386234817813765,0.01875513858414668,3.26431718061674,0.09716599190283401,0.6583142082203213,6.573541666666666,2.5548987854251015,0.0,3.7172029702970297,0.0,0.2430404137721211,1.378739916266721,0.0060848841336646215,6.81,0.16447597190347032,-0.6767676767676767,-0.616256837298558,0.005936748472123087,-0.17607118592061727,-0.053242594075260205,-0.6928327645051194,-0.3223684210526316,-0.6679002573549219,-0.18678769792220595,-0.7634645167951543,Auto Parts,Consumer Cyclical,AXL
2020Q3,2020,Q3,2020-10-30,2020-09-30,117200000.0,1414100000.0,152000000.0,0.99,249800000.0,0.1766494590198713,5942100000.0,340900000.0,1912600000.0,1024300000.0,5598600000.0,315800000.0,-355800000.0,653741000.0,3698341000.0,3.00882612533098,1.8672263985160598,0.6028003567762239,10.507186858316222,0.04795402374594187,3.00882612533098,0.34379583455558815,0.462301817410367,1.3944987201365189,1.9176914051041358,0.0,3.6868271057631414,0.0,0.23797983877753656,1.4039832080445183,0.01972366671715387,3.1294447103877454,0.1766494590198713,1.5265957446808511,0.29090416335143476,-0.023715715190491992,0.008248613426606936,3.525783619817998,1.549718574108818,1.7392996108949417,0.3356282624410482,-0.19442243543323867,-0.7662741849878991,Auto Parts,Consumer Cyclical,AXL
2020Q2,2020,Q2,2020-07-31,2020-06-30,-213200000.0,515300000.0,-205600000.0,-1.88,-98900000.0,-0.19192703279642925,6055000000.0,196200000.0,1961500000.0,1260300000.0,5856200000.0,358500000.0,-473000000.0,859560000.0,4101360000.0,1.7347480106100797,1.5563754661588511,0.6829232039636663,21.075942915392456,-0.03936316118820066,1.7347480106100797,-1.0866462793068297,1.6680768484378032,-1.0079268292682926,4.381039755351681,0.0,1.713249651324965,0.0,0.08510322047894302,1.1453622153455527,-0.03521056977704377,-4.812765957446809,-0.19192703279642925,0.5775280898876405,-3.4415676120983876,-0.6555663288490601,-0.35834613057843545,-1.506400409626216,0.5747057650109715,0.5383924562191289,-4.112338090773344,-0.7166989139929454,-0.8534034656257293,Auto Parts,Consumer Cyclical,AXL
2020Q1,2020,Q1,2020-05-08,2020-03-31,-501300000.0,1343500000.0,-445400000.0,-4.45,195300000.0,0.14536657982880535,6186700000.0,389800000.0,2043100000.0,1218700000.0,5794300000.0,394500000.0,-259800000.0,406847000.0,3457547000.0,3.458740017746229,1.6764585213752359,0.6034558003459033,9.577732170343767,-0.10873885296904351,3.458740017746229,-1.2860441251924064,0.30282620022329737,-0.20289597047676045,1.0437326834273986,0.0,2.9105196451204054,0.0,0.21715939030500914,1.2122753754000164,-0.08102865825076373,5.837116212338594,0.14536657982880535,-0.10148514851485152,-7.337695391984841,-0.06757401762372106,0.8423927852787361,0.0648854961832061,-0.10321302816901408,-0.08238153098420413,-5.345967712728392,-0.13024969716556428,-0.5832974435996208,Auto Parts,Consumer Cyclical,AXL
2019Q4,2019,Q4,2020-02-14,2019-12-31,-454400000.0,1430000000.0,-411500000.0,-4.04,183400000.0,0.12825174825174826,6644600000.0,977600000.0,1857800000.0,1026400000.0,5664200000.0,373600000.0,248600000.0,1211576000.0,4320576000.0,8.682060390763766,1.8100155884645361,0.5479637600457514,3.7244271685761046,-0.08689706348678111,8.682060390763766,-0.46481178396072015,0.8472559440559441,-0.6665801056338028,1.2393371522094925,0.0,3.3367237687366167,0.0,0.21521235288805948,1.3127435697583787,-0.06838635884778617,14.757320341047503,0.12825174825174826,-2.6727272727272724,-36.56892064934529,0.024637079736112986,4.80335253633063,-0.2625653397667873,-2.6586151368760063,-2.9415708812260535,-7.582464485489326,0.026451571133811587,0.2531653205536379,Auto Parts,Consumer Cyclical,AXL
2019Q3,2019,Q3,2019-11-01,2019-09-30,-124200000.0,1677400000.0,-104400000.0,-1.1,248700000.0,0.1482651722904495,7316300000.0,1406800000.0,2198200000.0,1237100000.0,5906700000.0,403100000.0,703000000.0,924750000.0000001,4246750000.0,12.504888888888889,1.7768975830571498,0.5053237292073862,2.628021040659653,-0.0154313606419693,12.504888888888889,-0.0882854705715098,0.5512996303803506,-1.8614130434782608,0.6573429058856981,0.0,3.544281815926569,0.0,0.22926889274633352,1.092878506183817,-0.016975793775542283,6.426337734537874,0.1482651722904495,-3.4444444444444446,-2.7582222222222224,0.21376861590239804,4.71694270525694,0.0016109544905356424,-3.3657142857142857,-1.8707256046705587,-2.368816855753647,0.13281557254940912,0.8396615384615386,Auto Parts,Consumer Cyclical,AXL
2019Q2,2019,Q2,2019-08-02,2019-06-30,52500000.0,1704300000.0,119900000.0,0.45,248300000.0,0.14569031273836766,7547900000.0,1569500000.0,1976700000.0,1267100000.0,5975700000.0,459900000.0,827200000.0,1433604000.0,4885004000.0,13.553540587219343,1.5600189408886433,0.49022907033744484,2.357566103854731,0.020427057208775353,13.553540587219343,0.03345014335775725,0.8411688083083964,6.8266857142857145,0.9134144632048424,0.0,3.165905631659056,0.0,0.22579790405278288,1.0944676821087522,0.006955577047920614,13.81121387283237,0.14569031273836766,0.25000000000000006,-0.3277648740396641,0.20302410319575692,6.31550935460793,0.11746174617461747,0.2620192307692308,0.2701271186440678,-0.5115120776472305,0.09800825862471466,1.266825218457105,Auto Parts,Consumer Cyclical,AXL
2019Q1,2019,Q1,2019-05-03,2019-03-31,41600000.0,1719200000.0,94400000.0,0.36,222200000.0,0.12924616100511865,7615500000.0,1521300000.0,2038900000.0,1391500000.0,6091700000.0,452500000.0,774700000.0,1681857000.0,5227257000.0,13.595174262734584,1.4652533237513474,0.49865406079705865,2.496220337868928,0.01912420648592997,13.595174262734584,0.027345033852626044,0.9782788506281992,10.107313701923077,1.1055393413527903,0.0,3.3082872928176794,0.0,0.22575011489724903,1.0450592885375494,0.005462543496815705,-8.228263209393347,0.12924616100511865,1.1111111111111112,-0.1480488531426869,0.37751077734669786,11.566967805889112,-0.013759431868619618,1.114980652294085,1.2394116155211767,-0.5363641549255604,0.2079191926344826,1.6775711522883827,Auto Parts,Consumer Cyclical,AXL
2018Q4,2018,Q4,2019-02-15,2018-12-31,-361800000.0,1694100000.0,-394300000.0,-3.24,225300000.0,0.1329909686559235,7510700000.0,1483900000.0,2029800000.0,1356800000.0,6024400000.0,459700000.0,703500000.0,1239870000.0,4571870000.0,13.284691136974038,1.4960200471698113,0.5070632564208396,2.5664802210391535,-0.05985517863218994,13.284691136974038,-0.24381696879843656,0.7318753320347087,-0.8567371475953566,0.8355482175348743,0.0,3.1951272569066784,0.0,0.22555820362948859,1.063458136792453,-0.04817127564674398,9.887320574162679,0.1329909686559235,-6.890909090909091,-9.217144436499973,0.3792718871468049,28.890555058191588,-0.15744203440538518,-6.670846394984326,-3.929420505200594,-4.918766625912869,0.20426959360796793,2.3531177297635963,Auto Parts,Consumer Cyclical,AXL
2018Q3,2018,Q3,2018-11-02,2018-09-30,63800000.0,1817000000.0,134600000.0,0.55,267400000.0,0.14716565767749037,8246100000.0,1836600000.0,2298400000.0,1414100000.0,6407400000.0,443600000.0,1065300000.0,1944697000.0,5396097000.0,16.442256042972247,1.6253447422388798,0.4718351705654794,2.1184797996297506,0.01992143262999496,16.442256042972247,0.03473810301644343,1.0702790313703907,7.62028605015674,1.0588571273004466,0.0,3.4932371505861135,0.0,0.220346588084064,1.2100982957358037,0.007736990819902742,18.520923809523808,0.14716565767749037,-0.5769230769230769,0.3899742755799326,0.5240202802340577,28.017296788559097,-0.19312009656004828,-0.5777630708140304,-0.2926957435627956,-0.28720637762714757,0.27241224638276745,4.5097507022305585,Auto Parts,Consumer Cyclical,AXL
2018Q2,2018,Q2,2018-08-03,2018-06-30,151100000.0,1900900000.0,190300000.0,1.3,331400000.0,0.17433847125046031,8090400000.0,1764200000.0,2155000000.0,1331700000.0,6324200000.0,426400000.0,1001500000.0,1738052000.0,5291052000.0,15.794091316025067,1.618232334609897,0.48281914367645606,2.214148055775989,0.033122405185983604,15.794091316025067,0.08564788572724182,0.9143311063180599,2.8756651224354735,0.985178551184673,0.0,3.6808161350844277,0.0,0.2349574804706813,1.2065780581211984,0.0186764560466726,21.64448318804483,0.17433847125046031,0.6666666666666666,3.0267327351085753,0.6345361579625979,12.938840679829973,0.04773948782801138,0.6901565995525727,0.08248009101251422,0.7520861278228801,0.286512945532106,4.84196652478705,Auto Parts,Consumer Cyclical,AXL
2018Q1,2018,Q1,2018-05-04,2018-03-31,89400000.0,1858400000.0,175800000.0,0.78,316300000.0,0.17020017219113215,8172300000.0,1682800000.0,2155100000.0,1349900000.0,6486300000.0,403300000.0,850400000.0,1700074000.0,5377374000.0,15.065353625783349,1.5964886287873177,0.49166085434944873,2.387687188019967,0.025698147628403032,15.065353625783349,0.05312574280960304,0.9148052087817478,4.75412192393736,1.0102650344663655,0.0,3.8237044383833374,0.0,0.22740232247959571,1.1696421957182013,0.01093939282698873,-26.398664596273292,0.17020017219113215,-0.16129032258064518,7.354422928342797,0.6778342123958478,11.639295146290003,0.07475365273530411,-0.1589840075258702,0.18304172274562583,0.140359852181932,0.3013275845838746,7.024974032567658,Auto Parts,Consumer Cyclical,AXL
2017Q4,2017,Q4,2018-02-16,2017-12-31,106300000.0,1733900000.0,148600000.0,0.93,294300000.0,0.16973297191302844,7882800000.0,1536000000.0,1945000000.0,1216400000.0,6342800000.0,392000000.0,761000000.0,1895439000.0000002,5493839000.0,13.800539083557952,1.5989805984873398,0.5042878165118994,2.588020833333333,0.0307450617205283,13.800539083557952,0.06920572916666666,1.0931651190956804,4.4577587017873945,1.234009765625,0.0,3.6724489795918367,0.0,0.21995991272136803,1.1613778362380796,0.013485056071446695,71.25710526315791,0.16973297191302844,0.24000000000000007,-0.7725013460237322,0.6113622451985011,9.705306938469503,-0.011420893516963387,0.23317865429234338,0.002699055330634278,7.417998704527883,0.2569016705661048,8.224698964141911,Auto Parts,Consumer Cyclical,AXL
2017Q3,2017,Q3,2017-11-03,2017-09-30,86200000.0,1724400000.0,148200000.0,0.75,297700000.0,0.17263975875666898,8058300000.0,1432800000.0,2212700000.0,1285000000.0,6621700000.0,396600000.0,656300000.0,1956653999.9999998,5583154000.0,12.873315363881401,1.7219455252918288,0.5182358561979574,2.91464265773311,0.02478525976185364,12.873315363881401,0.060161920714684534,1.1346868475991647,5.674750580046403,1.3656155778894472,0.0,3.597327281896117,0.0,0.21399054391124678,1.3008560311284048,0.010697045282503754,30.959715189873414,0.17263975875666898,0.27118644067796616,8.161580868079819,0.65093936978072,2.9373343796558506,-0.059102402022756004,0.3021148036253776,0.10349962769918093,0.23343649129812644,0.2612310019538095,4.885378671969406,Auto Parts,Consumer Cyclical,AXL
2017Q2,2017,Q2,2017-07-28,2017-06-30,66200000.0,1757800000.0,134300000.0,0.59,316400000.0,0.1799977244282626,7889800000.0,1293400000.0,2144100000.0,1227200000.0,6592700000.0,384500000.0,570100000.0,1705080000.0,5393280000.0,11.83348581884721,1.7471479791395046,0.5296458718852189,3.2308643884335857,0.023684861105813283,11.83348581884721,0.05118292871501469,0.9700079645010808,6.439123867069486,1.318292871501469,0.0,3.7487646293888166,0.0,0.2227939871733124,1.317389178617992,0.008390580242845192,41.48613138686132,0.1799977244282626,-0.4040404040404041,8.677872729750248,0.6325816403483843,3.2515702685468093,0.5016611295681063,-0.1556122448979592,0.20017873100983022,-0.10193393696564336,0.3145773413644196,5.38711159259954,Auto Parts,Consumer Cyclical,AXL
2017Q1,2017,Q1,2017-05-05,2017-03-31,78400000.0,1049900000.0,111900000.0,0.99,210700000.0,0.20068577959805695,4862000000.0,635800000.0,2573500000.0,772700000.0,4226200000.0,221600000.0,528100000.0,1438548000.0,2480048000.0,8.300261096605745,3.330529312799275,0.5316536404771699,4.065586662472476,0.03171047241590189,8.300261096605745,0.12330921673482227,1.370176207257834,4.587206632653062,2.2625794274929225,0.0,3.7870036101083033,0.0,0.21593994241053063,2.9065614080496958,0.016125051419169065,57.31266932270916,0.20068577959805695,0.6779661016949153,0.4992656657963447,0.36789085015347894,2.6538777424161286,0.17381615598885794,0.6716417910447762,0.6100719424460431,1.3455178416013929,0.22890371044179683,6.672510257366655,Auto Parts,Consumer Cyclical,AXL
2016Q4,2016,Q4,2017-02-10,2016-12-31,46900000.0,946500000.0,69500000.0,0.59,179500000.0,0.1896460644479662,3448100000.0,530000000.0,1336500000.0,651500000.0,2918100000.0,219500000.0,449700000.0,1476450000.0,2399450000.0,6.928104575163399,2.051419800460476,0.40723876917722807,2.6494339622641507,0.03278635593516981,6.928104575163399,0.08849056603773585,1.559904912836767,7.870202558635394,2.785754716981132,0.0,3.4943052391799543,0.0,0.2744989994489719,1.5981580966999231,0.013601693686378005,30.952830188679247,0.1896460644479662,-0.24358974358974367,0.4784692011852973,0.532267464449452,2.221170019123983,-0.009381898454746136,-0.23987034035656402,-0.3139190523198421,0.5553099091985788,0.12518309380771447,14.588235294117649,Auto Parts,Consumer Cyclical,AXL
2016Q3,2016,Q3,2016-11-03,2016-09-30,61700000.0,1006900000.0,101300000.0,0.78,181200000.0,0.17995828781408282,3515000000.0,520000000.0,1419900000.0,766200000.0,2995000000.0,219400000.0,398000000.0,1317330000.0,2287830000.0,6.7973856209150325,1.8531714956930305,0.3995448079658606,2.7007692307692306,0.0408537693362564,6.7973856209150325,0.11865384615384615,1.3083027112920846,5.337641815235008,2.533326923076923,0.0,3.7634457611668184,0.0,0.2864580369843528,1.4586269903419473,0.01755334281650071,24.17119266055046,0.17995828781408282,-0.13333333333333333,1.4521294539321103,0.5324609316652333,2.347326171968963,-0.05329153605015674,-0.13098591549295774,-0.09147982062780269,0.9627409613634483,0.2331442941049064,12.169208424110385,Auto Parts,Consumer Cyclical,AXL
2016Q2,2016,Q2,2016-07-29,2016-06-30,71000000.0,1025400000.0,111500000.0,0.9,191400000.0,0.18665886483323582,3432700000.0,457400000.0,1334400000.0,751900000.0,2975300000.0,226900000.0,336300000.0,1107720000.0,2126020000.0,5.9790849673202615,1.7747040829897593,0.409794039677222,3.075426322693485,0.04631212129171769,5.9790849673202615,0.15522518583296896,1.0802808660035108,3.9004225352112676,2.4217752514210757,0.0,3.6756280299691495,0.0,0.2987152969965333,1.369996010107727,0.020683427039939407,10.838747553816047,0.18665886483323582,0.15384615384615383,0.4223391253520378,0.4728296215017631,2.2260620248462,0.1,0.16202945990180032,0.133130081300813,1.7627298981608148,0.28742018067857455,5.51962328238382,Auto Parts,Consumer Cyclical,AXL
2016Q1,2016,Q1,2016-05-06,2016-03-31,61100000.0,969200000.0,98400000.0,0.78,174000000.0,0.17952950887329758,3305800000.0,386900000.0,1215000000.0,717800000.0,2918900000.0,229700000.0,265300000.0,1172718000.0,2296218000.0,5.07742782152231,1.6926720534967958,0.419111863996612,3.5810286895838717,0.044399819926481794,5.07742782152231,0.15792194365469114,1.2099855550969871,4.798355155482815,3.0310622899974153,0.0,3.4619068350021767,0.0,0.29318168068243694,1.2620507105043188,0.018482666827999275,-48.0622131147541,0.17952950887329758,-0.03703703703703707,0.5675174223911665,0.45198590417833456,1.8773890514564928,0.08886107634543179,-0.028616852146263912,0.12973593570608496,7.369863013698629,0.28268925357331925,4.585727525486561,Auto Parts,Consumer Cyclical,AXL
2015Q4,2015,Q4,2016-02-12,2015-12-31,62900000.0,958400000.0,87100000.0,0.81,159800000.0,0.16673622704507512,3202700000.0,301500000.0,1124200000.0,699200000.0,2901200000.0,230500000.0,204200000.0,1441334000.0,2537834000.0,3.961892247043364,1.607837528604119,0.4305742030162051,4.57379767827529,0.05134008204344882,3.961892247043364,0.2086235489220564,1.5038960767946579,5.728672496025437,4.780543946932006,0.0,3.464642082429501,0.0,0.29924750991351046,1.1750572082379862,0.019639679020826178,29.965363825363827,0.16673622704507512,0.03846153846153849,0.7454525601587415,0.5912472265169424,1.6089498615372178,0.009475679090334808,0.03284072249589491,-0.061422413793103446,-0.803117679268201,0.30264611854512613,3.4991406392773543,Auto Parts,Consumer Cyclical,AXL
2015Q3,2015,Q3,2015-10-30,2015-09-30,60900000.0,971600000.0,92800000.0,0.78,158300000.0,0.16292713050638122,3398500000.0,226800000.0,1354600000.0,761600000.0,3171700000.0,233000000.0,141300000.0,1515440000.0,2677140000.0,2.9842105263157896,1.778623949579832,0.4494041488892158,6.734126984126984,0.04278740462583847,2.9842105263157896,0.26851851851851855,1.5597365170852202,6.221018062397373,6.681834215167549,0.0,3.4905579399141633,0.0,0.2858908341915551,1.3220850840336134,0.01791967044284243,20.731053351573188,0.16292713050638122,0.040000000000000036,0.474586272381986,0.47653288835158103,1.4542157995714078,-0.03768996960486322,0.03924914675767918,-0.011714589989350373,8.409697855750487,0.36226684936840614,1.4491005996002666,Auto Parts,Consumer Cyclical,AXL
2015Q2,2015,Q2,2015-07-31,2015-06-30,58600000.0,1004000000.0,93900000.0,0.75,164500000.0,0.16384462151394422,3360600000.0,205200000.0,1292000000.0,737600000.0,3155400000.0,237900000.0,80400000.0,1587069000.0,2816869000.0,2.7035573122529644,1.7516268980477223,0.4556031661012914,7.461500974658869,0.04432333202706986,2.7035573122529644,0.2855750487329435,1.580746015936255,6.770772184300342,7.734254385964912,0.0,3.528793610760824,0.0,0.29875617449265013,1.2746746203904555,0.017437362375766232,15.854835164835166,0.16384462151394422,0.10294117647058816,1.1733424626269542,0.6901306316105709,1.371382032326776,0.07657068062827226,0.10150375939849623,0.11387900355871886,11.336669189583157,0.34281921439437574,1.514408802002021,Auto Parts,Consumer Cyclical,AXL
2015Q1,2015,Q1,2015-05-01,2015-03-31,53200000.0,969100000.0,84300000.0,0.68,152800000.0,0.15767206686616447,3307800000.0,142300000.0,1224000000.0,732000000.0,3165500000.0,238500000.0,21800000.0,1957913999.9999998,3286914000.0,1.8773087071240107,1.6721311475409837,0.46396396396396394,10.784961349262122,0.04285697903765882,1.8773087071240107,0.37385804638088543,2.020342585904447,9.200723684210525,13.75905832747716,0.0,3.422641509433962,0.0,0.2929741822359272,1.1935792349726777,0.016083197291250982,-52.63209677419354,0.15767206686616447,5.1395348976744195,2.0829596775498973,0.7539819241749623,1.2464075223282844,0.48638132295719844,5.186046511627907,1.7913907284768211,0.028096141160949925,0.2759441539085417,1.3740652312282167,Auto Parts,Consumer Cyclical,AXL
2014Q4,2014,Q4,2015-02-23,2014-12-31,8600000.0,939500000.0,30200000.0,0.110757575505854,102800000.0,0.10941990420436402,3259200000.0,113400000.0,1139500000.0,687200000.0,3145800000.0,248800000.0,-31400000.0,1712322000.0,2999522000.0,1.4960422163588392,1.6581781140861467,0.47140402552773686,13.548500881834215,0.01239568050720536,1.4960422163588392,0.07583774250440917,1.8225886109632783,49.77680232558139,15.099841269841269,0.0,3.362942122186495,0.0,0.28826092292587135,1.1378055878928988,0.0026386843397152677,46.91293150684932,0.10941990420436402,-0.8241943245938826,-0.8328501471274851,0.9125932581202801,1.1912113935938822,-0.31052984574111336,-0.823045267489712,-0.645123384253819,-0.7263911630708668,0.5349808994677642,1.2636972179245898,Auto Parts,Consumer Cyclical,AXL
2014Q3,2014,Q3,2014-10-31,2014-09-30,48600000.0,950800000.0,85100000.0,0.63,149100000.0,0.15681531342027766,3225600000.0,169300000.0,1176900000.0,738500000.0,3056300000.0,249200000.0,-46900000.0,1297998000.0,2621598000.0,2.1873385012919897,1.5936357481381178,0.47823660714285715,9.111636148848199,0.040333008233341766,2.1873385012919897,0.28706438275251034,1.3651640723601177,6.676944444444445,7.66685174246899,0.0,3.217094703049759,0.0,0.29476686507936506,1.109275558564658,0.015066964285714286,13.422936918304034,0.15681531342027766,-0.05970149253731348,0.7780018984337921,0.664490219234496,1.1639617596187268,0.0006711409395973154,-0.06896551724137931,-0.027428571428571427,0.909039759939985,0.43025250856671327,1.433557631433796,Auto Parts,Consumer Cyclical,AXL
2014Q2,2014,Q2,2014-08-01,2014-06-30,52200000.0,946900000.0,87500000.0,0.67,149000000.0,0.1573555813707889,3201400000.0,143400000.0,1146800000.0,721500000.0,3058000000.0,255700000.0,-95500000.0,1462086000.0,2878886000.0,1.8527131782945736,1.5894663894663894,0.4812269632035984,10.743375174337517,0.042584295694907175,1.8527131782945736,0.36401673640167365,1.5440764600274581,7.002327586206897,10.195857740585774,0.0,3.120453656628862,0.0,0.29577684762916223,1.077061677061677,0.01630536640219904,17.808599269183922,0.1573555813707889,0.5227272727272728,1.1296958855098391,1.7645711814761507,1.1395380396191461,0.22231337161607875,0.5535714285714286,0.35030864197530864,0.033560219323123364,0.3442615851670098,1.3799145326173805,Auto Parts,Consumer Cyclical,AXL
2014Q1,2014,Q1,2014-05-02,2014-03-31,33600000.0,858800000.0,64800000.0,0.44,121900000.0,0.1419422449930135,3149700000.0,83300000.0,1108100000.0,697800000.0,3066400000.0,258000000.0,-147700000.0,1426040000.0,2924840000.0,1.0818181818181818,1.5879908283175694,0.4994761405848176,18.8859543817527,0.032272724442978004,1.0818181818181818,0.40336134453781514,1.6605030274802048,10.610416666666667,17.119327731092437,0.0,2.856201550387597,0.0,0.27266088833857194,1.0514474061335626,0.010667682636441566,-13.791489361702128,0.1419422449930135,0.12820512820512817,1.7392827356130107,0.5355116056905321,1.1323310383588592,-0.039401103230890466,0.12751677852348994,-0.024096385542168676,-0.14694960212201597,0.27322534961940165,1.1869402110199296,Auto Parts,Consumer Cyclical,AXL
2013Q4,2013,Q4,2014-02-07,2013-12-31,29800000.0,831300000.0,66400000.0,0.39,126900000.0,0.1526524720317575,3029000000.0,33600000.0,997800000.0,667100000.0,2995400000.0,261800000.0,-181300000.0,1546020000.0,2951120000.0,0.4444444444444444,1.4957277769449857,0.5129745790689997,46.24404761904762,0.09938946443146858,0.4444444444444444,0.8869047619047619,1.8597618188379645,12.96996644295302,46.0125,0.0,2.690603514132926,0.0,0.2744470122152526,0.9181532004197271,0.009838230439088809,32.89404255319149,0.1526524720317575,-0.04878048780487796,1.1948043366419818,0.21109375493073304,1.0565118710631678,0.012769353551476457,-0.056962025316455694,-0.016296296296296295,-0.1675914555570716,0.38934945942489224,1.0683118989688334,Auto Parts,Consumer Cyclical,AXL
2013Q3,2013,Q3,2013-11-01,2013-09-30,31600000.0,820800000.0,67500000.0,0.41,125300000.0,0.15265594541910332,3118500000.0,-46800000.0,1091700000.0,704100000.0,3165300000.0,251500000.0,-211100000.0,1516468000.0,2970468000.0,-0.6085825747724317,1.5504899872177247,0.5025493025493025,-33.48717948717949,0.037081039020100945,-0.6085825747724317,-0.6752136752136753,1.8475487329434699,11.997373417721517,-32.40316239316239,0.0,2.765407554671968,0.0,0.2632034632034632,1.0161908819769918,0.010133076799743467,122.2958064516129,0.15265594541910332,0.20588235294117632,1.0480917239562886,0.042904501723552466,0.7712828779442281,0.02536824877250409,0.2248062015503876,0.0940032414910859,-0.24381644390224275,0.23276478252437238,0.907369866044017,Auto Parts,Consumer Cyclical,AXL
2013Q2,2013,Q2,2013-08-02,2013-06-30,25800000.0,799600000.0,61700000.0,0.34,122200000.0,0.1528264132066033,3008700000.0,-101600000.0,992200000.0,647000000.0,3110300000.0,233200000.0,-242700000.0,1465343999.9999998,2932944000.0,-1.3229166666666667,1.5335394126738795,0.5121813407784093,-15.167322834645669,0.03531120066866485,-1.3229166666666667,-0.25393700787401574,1.8325962981490742,14.19906976744186,-14.422677165354328,0.0,2.904802744425386,0.0,0.2657626217303154,0.9867078825347759,0.008575132116861103,-107.74588235294117,0.1528264132066033,2.4,1.0269041983548037,0.09527268093781856,-1.216500158579131,0.1716203259827421,2.5342465753424657,0.38031319910514544,-0.05434916338582676,0.33027031957350506,0.8182736951649056,Auto Parts,Consumer Cyclical,AXL
2013Q1,2013,Q1,2013-05-03,2013-03-31,7300000.0,755600000.0,44700000.0,0.1,104300000.0,0.1380359978824775,3029600000.0,-107900000.0,1005100000.0,651100000.0,3137500000.0,240600000.0,-268500000.0,1027938000.0,2497338000.0,-1.416010498687664,1.5436952849024728,0.5164378135727489,-14.500463392029657,0.04554050300965631,-1.416010498687664,-0.06765523632993513,1.3604261514028586,35.20335616438356,-9.526765523632994,0.0,2.7069825436408976,0.0,0.2494058621600211,0.9769620641990477,0.0024095590176921046,-13.760883534136546,0.1380359978824775,-0.9761904761904763,1.1842317789929035,-0.12377505674579996,-1.0838162587279618,0.24166666666666667,-0.9771803688652704,1.403225806451613,-0.5791829702268811,0.3603877212225267,0.8141405101630858,Auto Parts,Consumer Cyclical,AXL
2012Q4,2012,Q4,2013-02-08,2012-12-31,319900000.0,736700000.0,18600000.0,4.2,84000000.0,0.11402198995520564,2866000000.0,-120800000.0,872100000.0,600800000.0,2986800000.0,224300000.0,-275800000.0,853440000.0,2245140000.0,-1.5853018372703411,1.4515645805592543,0.5054082344731333,-11.9908940397351,-0.22202569989622872,-1.5853018372703411,-2.6481788079470197,1.1584634179448894,0.6669584245076585,-7.064900662251656,0.0,2.9099420419081587,0.0,0.2570481507327285,0.8751664447403462,0.11161898115840893,-19.94018691588785,0.11402198995520564,39.18181818181819,9.548295163553085,-0.33528705218794475,-1.0924146731389124,-0.07386990077177508,40.49382716049383,-0.38205980066445183,5.1849475605672755,0.4918691736808763,0.7973802007344584,Auto Parts,Consumer Cyclical,AXL
2012Q3,2012,Q3,2012-10-26,2012-09-30,-8100000.0,702900000.0,30100000.0,-0.11,90700000.0,0.1290368473467065,2674200000.0,-497700000.0,1022100000.0,649800000.0,3171900000.0,242300000.0,-595700000.0,871087000.0,2241987000.0,-6.644859813084112,1.5729455216989843,0.5907935083389425,-3.1744022503516174,0.031242800687589715,-6.644859813084112,0.0162748643761302,1.239275857163181,-26.8854012345679,-1.750225035161744,0.0,2.526619892695006,0.0,0.26284496297958265,1.0377039088950446,-0.003028943235360108,-3.2025257352941177,0.1290368473467065,-2.833333333333333,-1.4159391978108216,-0.3893386820034876,-1.383767427110517,0.05710955710955711,-2.723404255319149,-0.006600660066006601,-1.3062246260319883,0.2715831394984979,0.5019047546918312,Auto Parts,Consumer Cyclical,AXL
2012Q2,2012,Q2,2012-07-27,2012-06-30,4700000.0,739800000.0,30300000.0,0.06,85800000.0,0.11597729115977291,2441200000.0,-394700000.0,861600000.0,691900000.0,2835900000.0,208500000.0,-587600000.0,787799000.0,1876899000.0,-5.255659121171771,1.2452666570313629,0.48103391774537113,-2.97517101596149,0.02854228129810159,-5.255659121171771,-0.011907778059285534,1.0648810489321439,41.90420212765957,-1.9959437547504435,0.0,3.1366906474820144,0.0,0.30304768146813044,0.8084983379101026,0.0019252826478780927,16.515702306079664,0.11597729115977291,-0.911764705882353,-0.9065922047857758,-0.45456118801118417,-1.3113894822361778,-0.38362068965517243,-0.908203125,-0.6085271317829457,1.0120352350711872,1.2260709932901626,0.6041673480458226,Auto Parts,Consumer Cyclical,AXL
2012Q1,2012,Q1,2012-04-27,2012-03-31,51200000.0,751500000.0,77400000.0,0.68,139200000.0,0.18522954091816368,2502300000.0,-376400000.0,906700000.0,642100000.0,2878700000.0,203000000.0,-592300000.0,878250000.0000001,2014150000.0,-5.018666666666666,1.412085344961844,0.4990209007712904,-3.317481402763018,0.08501269222580699,-5.018666666666666,-0.13602550478214664,1.1686626746506987,4.288330078125001,-2.3332890541976625,0.0,3.016256157635468,0.0,0.3003237021939815,0.9560816072262888,0.02046117571833913,-7.5711206896551735,0.18522954091816368,0.6585365853658539,1.2755555407792205,-0.3588132676888557,-1.3140235095270598,0.3169347209082308,0.6463022508038585,0.5958762886597938,2.1565667686034655,0.3794930417495029,0.38610259807168623,Auto Parts,Consumer Cyclical,AXL
2011Q4,2011,Q4,2012-02-09,2011-12-31,31100000.0,605600000.0,48500000.0,0.41,105700000.0,0.17453764861294585,2328700000.0,-425500000.0,763100000.0,576100000.0,2748300000.0,177200000.0,-643500000.0,741750000.0,1752750000.0,-5.673333333333333,1.3245964242319042,0.5068063726542706,-2.7736780258519387,0.07193725291654882,-5.673333333333333,-0.07309048178613396,1.2248183619550859,5.962620578778135,-1.7432432432432434,0.0,2.8211060948081266,0.0,0.2600592605316271,0.8722444020135394,0.013355090823206081,-13.15159574468085,0.17453764861294585,0.2424242424242423,1.1128643800848355,-0.4693386853616694,-1.3579096832001964,0.021256038647342997,0.2540322580645161,0.0898876404494382,1.2049289325007435,-0.11066295559973478,0.27862596587866273,Auto Parts,Consumer Cyclical,AXL
2011Q3,2011,Q3,2011-10-28,2011-09-30,24800000.0,647600000.0,44500000.0,0.33,103500000.0,0.15982087708462014,2232800000.0,-380400000.0,740000000.0,614400000.0,2606100000.0,157700000.0,-674600000.0,575302000.0,1511502000.0,-5.045092838196286,1.2044270833333333,0.4705302758867789,-2.7618296529968456,0.06026493320341947,-5.045092838196286,-0.06519453207150368,0.8883600988264361,5.799415322580645,-1.512360672975815,0.0,3.4502219403931513,0.0,0.2900394123969903,0.8125,0.011107130060910068,-2.599647537279711,0.15982087708462014,-0.4923076923076923,1.263129973474801,-0.38364032253915603,-1.267005754751827,-0.20689655172413793,-0.4959349593495935,-0.3793584379358438,1.0384937248562591,-0.1607931340871157,-0.896043630378211,Auto Parts,Consumer Cyclical,AXL
2011Q2,2011,Q2,2011-07-29,2011-06-30,49200000.0,686200000.0,71700000.0,0.65,130500000.0,0.19017779073156516,2195400000.0,-367700000.0,678600000.0,628500000.0,2553300000.0,148500000.0,-699400000.0,858052000.0,1572352000.0,-4.876657824933687,1.0797136038186157,0.4393732349457958,-2.623334239869459,0.12062427363179364,-4.876657824933687,-0.13380473211857494,1.2504401049256777,4.360020325203252,-2.333565406581452,0.0,3.742087542087542,0.0,0.3125626309556345,0.7148766905330152,0.022410494670675046,11.38,0.19017779073156516,0.30000000000000004,0.5915119503822751,-0.4822546472536744,-1.2383999456178694,0.13084922010398614,0.3050397877984085,0.22146507666098808,1.0522583059525048,-0.04260741894402135,-1.7980829171156938,Auto Parts,Consumer Cyclical,AXL
2011Q1,2011,Q1,2011-04-29,2011-03-31,37700000.0,645600000.0,58700000.0,0.5,115400000.0,0.17874845105328377,2167800000.0,-426500000.0,643600000.0,583200000.0,2583200000.0,133600000.0,-748600000.0,927883000.0,1717883000.0,-5.786974219810041,1.1035665294924555,0.4647107666758926,-2.362016412661196,0.09556675620962393,-5.786974219810041,-0.0883939038686987,1.4372413258983892,6.153070291777188,-2.1755756154747945,0.0,3.968562874251497,0.0,0.29781345142540827,0.7323388203017832,0.01739090321985423,-30.42239344262295,0.17874845105328377,0.08695652173913039,2.0090190582499763,-0.469160635230434,-1.2919936283370157,0.13582677165354332,0.08022922636103152,0.15098039215686274,1.9837177762199107,-0.22593992462959048,-1.342541618800971,Auto Parts,Consumer Cyclical,AXL
2010Q4,2010,Q4,2011-02-09,2010-12-31,34900000.0,583300000.0,51000000.0,0.46,101600000.0,0.17418138179324533,2114700000.0,-479500000.0,602100000.0,569100000.0,2582800000.0,130300000.0,-786300000.0,947782000.0,1713182000.0,-6.5061058344640434,1.0579862941486557,0.4776091171324538,-2.1063607924921794,0.09872620451839016,-6.5061058344640434,-0.07278415015641293,1.624861992113835,6.7892693409742115,-1.9766047966631908,0.0,3.696853415195702,0.0,0.27583108715184185,0.687401159725883,0.016503522958339244,4738.91,0.17418138179324533,-0.11538461538461538,4.323471736770692,-0.5303993519145365,-1.330852845686307,-0.10798946444249341,-0.10051546391752578,-0.15980230642504117,1.9642245389629394,-0.45584461862071096,-1.379271398016196,Auto Parts,Consumer Cyclical,AXL
2010Q3,2010,Q3,2010-10-29,2010-09-30,38800000.0,618200000.0,60700000.0,0.52,113900000.0,0.18424458104173408,2071400000.0,-469100000.0,634000000.0,572100000.0,2540500000.0,124900000.0,-821200000.0,644028000.0,1417628000.0,-6.5700280112044815,1.1081978675056807,0.4880756975958289,-2.1551907908761456,0.10974466305848386,-6.5700280112044815,-0.08271157535706672,1.041779359430605,4.149664948453609,-1.372901300362396,0.0,4.0376301040832665,0.0,0.29844549579994206,0.7549379479112044,0.018731292845418558,189.42,0.18424458104173408,0.5294117647058822,0.4300457113829988,-0.48148963679894785,-1.3314674350395765,0.15166835187057634,0.5275590551181102,0.20436507936507936,1.0900667799944403,-0.4365965863266397,-1.3794455890460264,Auto Parts,Consumer Cyclical,AXL
2010Q2,2010,Q2,2010-07-30,2010-06-30,25400000.0,559600000.0,50400000.0,0.34,98900000.0,0.17673338098641886,2027700000.0,-520500000.0,595700000.0,564000000.0,2548100000.0,116600000.0,-860000000.0,524095000.0,1300795000.0,-7.27972027972028,1.0562056737588652,0.49938353799871776,-1.9454370797310279,0.09354442795446025,-7.27972027972028,-0.048799231508165224,0.9365528949249464,5.1584153543307085,-1.0069068203650335,0.0,3.9511149228130362,0.0,0.27597770873403366,0.7338652482269503,0.012526507866055137,8.138121118012423,0.17673338098641886,0.5454545454545455,-0.0651453829133829,-0.5513783036546259,-1.3665792217845938,0.13287514318442153,0.558282208588957,0.2,-0.4697839438091321,-0.5666454986872376,-1.431311901412073,Auto Parts,Consumer Cyclical,AXL
2010Q1,2010,Q1,2010-04-30,2010-03-31,16300000.0,521900000.0,42000000.0,0.22,87300000.0,0.1672734240275915,1967600000.0,-545500000.0,517200000.0,517500000.0,2513000000.0,99800000.0,-885400000.0,714568000.0,1555968000.0,-7.618715083798882,0.9994202898550725,0.5159585281561293,-1.861044912923923,0.07959253860893205,-7.618715083798882,-0.02988084326306141,1.369166506993677,10.959631901840492,-1.3099321723189736,0.0,4.354709418837675,0.0,0.26524700142305346,0.6689855072463768,0.008284204106525717,12.714733096085409,0.1672734240275915,-0.6615384615384616,-0.1568384070861511,-0.5615386891104772,-1.3886622406380031,0.27631578947368424,-0.6646090534979424,0.4482758620689655,-0.2411545673111805,-0.5335650548160854,-1.476711407153548,Auto Parts,Consumer Cyclical,AXL
2009Q4,2009,Q4,2010-02-22,2009-12-31,48600000.0,464000000.0,29000000.0,0.65,68400000.0,0.14741379310344827,1986800000.0,-560200000.0,516600000.0,445500000.0,2546700000.0,90600000.0,-901700000.0,574232000.0,1471732000.0,-7.824022346368715,1.1595959595959595,0.5392591101268371,-1.9125312388432703,-0.8875384926043717,-7.824022346368715,-0.08675473045340949,1.2375689655172413,2.9538683127572014,-1.025048197072474,0.0,4.36644591611479,0.0,0.2335413730622106,0.7003367003367004,0.02446144554056775,59.81583333333333,0.14741379310344827,0.8571428571428573,0.06823495252289073,-0.6354248359624429,-1.4033548332617103,-0.2271186440677966,1.4795918367346939,-0.34831460674157305,1.1847485429095304,-0.5741096657128001,-1.4935887237379704,Auto Parts,Consumer Cyclical,AXL
2009Q3,2009,Q3,2009-10-30,2009-09-30,19600000.0,409600000.0,44500000.0,0.35,88500000.0,0.216064453125,1953000000.0,-740400000.0,482000000.0,448900000.0,2692600000.0,88000000.0,-950300000.0,392940000.0,1398940000.0,-13.340540540540541,1.073735798618846,0.6037378392217102,-1.5925175580767152,0.07920903575122805,-13.340540540540541,-0.026472177201512695,0.959326171875,5.0119897959183675,-0.5307131280388979,0.0,3.6488636363636364,0.0,0.20972862263184844,0.742704388505235,0.01003584229390681,-14.13453237410072,0.216064453125,1.0673076923076923,-0.5026011891891892,-0.5504228021786045,-1.7154158747483885,1.411436541143654,1.067914067914068,1.1707597851112816,1.2825225225225225,-0.47037839893515876,-1.7060328144720238,Auto Parts,Consumer Cyclical,AXL
2009Q2,2009,Q2,2009-08-06,2009-06-30,-288600000.0,245600000.0,-260600000.0,-5.2,-215100000.0,-0.875814332247557,1920600000.0,-736900000.0,493600000.0,1612800000.0,2656600000.0,103200000.0,-969900000.0,190920000.0,1188020000.0,-13.277477477477477,0.3060515873015873,0.6609913568676455,-1.7227574976251865,-0.50056793186308,-13.277477477477477,0.3916406568055367,0.7773615635179153,-0.16538461538461538,-0.2590853575790474,0.0,4.464147286821706,0.0,0.12787670519629282,0.2127356150793651,-0.15026554201811934,-4.622760290556901,-0.875814332247557,-7.8135593220339,-5.905660347197107,-0.7516532232869703,-1.7149912165119288,-8.937269372693727,-7.825688073394495,-14.604790419161677,-13.68292694117647,-0.7482484107267569,-1.6490818142681885,Auto Parts,Consumer Cyclical,AXL
2009Q1,2009,Q1,2009-05-04,2009-03-31,-32700000.0,402400000.0,-16700000.0,-0.59,27100000.0,0.06734592445328032,2072600000.0,-452900000.0,512400000.0,448400000.0,2525100000.0,117300000.0,-681300000.0,73128000.0,1049028000.0,-8.175090252707582,1.142729705619982,0.5282254173501881,-2.417310664605873,-0.023055284299532512,-8.175090252707582,0.07220136895561934,0.1817296222664016,-0.5590825688073395,-0.16146610730845662,0.0,3.1994884910485935,0.0,0.19415227250796102,0.7488849241748439,-0.01577728457010518,-1.1063237518910742,0.06734592445328032,0.7084216716828023,-1.8554387110924289,-0.5967352745925366,-1.4634556088977118,-0.045774647887323945,0.7082961641391614,0.15228426395939088,-4.472074730291327,-0.5598352149891281,-1.412490910482925,Auto Parts,Consumer Cyclical,AXL
2008Q4,2008,Q4,2009-03-13,2008-12-31,-112100000.0,503000000.0,-19700000.0,-2.02347,28400000.0,0.05646123260437376,2247700000.0,-435700000.0,695300000.0,517700000.0,2683400000.0,111400000.0,-648600000.0,160106000.0,1178306000.0,-7.864620938628159,1.3430558238361985,0.5071406326467055,-2.616249713105348,-0.07329582279880491,-7.864620938628159,0.25728712416800553,0.31830218687872763,-0.3570606601248885,-0.3674684415882488,-0.008920606601248885,4.26032315978456,0.006245862116347919,0.22378431285313877,1.0098512652115124,-0.049873203719357564,-1.5514147286821705,0.05646123260437376,0.763059718969555,-3.004464489480658,-0.4813861484069877,-1.4357673110062739,1.0750528541226216,0.7457473349965978,0.953251067869008,-23.74745745487365,-0.4612808431165321,-1.3999369644443524,Auto Parts,Consumer Cyclical,AXL
2008Q3,2008,Q3,2008-11-10,2008-09-30,-440900000.0,528100000.0,-421400000.0,-8.54,-378400000.0,-0.7165309600454459,2455800000.0,-137300000.0,1147500000.0,661500000.0,2593100000.0,183800000.0,-537600000.0,276576000.0,1240376000.0,-2.6608527131782944,1.7346938775510203,0.5296848277547032,-9.47414420975965,-0.3594127141498804,-2.6608527131782944,3.2112163146394757,0.5237189926150351,-0.15682467679745973,-2.0143918426802623,-0.0024948968019959175,4.931991294885745,0.003977206988314243,0.21504194152618292,1.3417989417989418,-0.17953416401987132,-4.826806282722513,-0.7165309600454459,0.3162530024019216,-12.546721074104122,-0.38315491132442264,-1.1568832070060215,0.28319757529835193,0.31569144808319105,0.2643156424581006,-23.485720254046676,-0.38709506568261565,-1.1342438757264313,Auto Parts,Consumer Cyclical,AXL
2008Q2,2008,Q2,2008-07-25,2008-06-30,-644300000.0,490500000.0,-572800000.0,-12.49,-527900000.0,-1.0762487257900102,2526300000.0,315300000.0,952100000.0,671900000.0,2211000000.0,238700000.0,-95600000.0,412284000.0,1085384000.0,6.1104651162790695,1.417026343205834,0.3440604837113565,2.7567396130669204,-0.5324168089358821,6.1104651162790695,-2.0434506818902634,0.8405382262996942,-0.1599736147757256,1.3075927687916271,-0.012726990532360701,4.26644323418517,0.019889202588506953,0.19415746348414678,0.9568388152998958,-0.25503701064798323,-3.502837723024639,-1.0762487257900102,-23.01923076923077,-13.362806169250648,-0.474609729780984,-0.6293714815978769,-42.56692913385827,-22.862962962962964,-14.607629427792915,-33.85903705816004,-0.45512369864463925,-0.6923000526122469,Auto Parts,Consumer Cyclical,AXL
2008Q1,2008,Q1,2008-04-25,2008-03-31,-27000000.0,587600000.0,-36700000.0,-0.52,12700000.0,0.02161334240980259,2829600000.0,877200000.0,843200000.0,435200000.0,1952400000.0,248300000.0,556900000.0,1064423078.5,1613023078.5,16.894222197193745,1.9375,0.3053788521345773,0.9850661194710443,-0.011637169747304653,16.894222197193745,-0.030779753761969904,1.8114756271272974,-9.855769245370372,1.2134326020291837,-0.2962962962962963,2.315344341522352,0.007515808480283717,0.20766186033361606,1.1553308823529411,-0.009541984732824428,-42.40729396414343,0.02161334240980259,-0.058825924945531606,-1.4814814807681755,-0.41983283482132683,0.11073124241904958,64.5,-0.058823529411764705,0.23382045929018788,-2.92592591293625,-0.3192645471264601,-0.13815568888244012,Auto Parts,Consumer Cyclical,AXL
2007Q4,2007,Q4,2008-02-21,2007-12-31,-25500000.0,755200000.0,-47900000.0,-0.49111,-200000.0,-0.00026483050847457627,2914700000.0,890700000.0,934600000.0,511600000.0,2024000000.0,229000000.0,583200000.0,966807693.74,1481307693.74,17.15422219680856,1.826817826426896,0.29440422685010464,0.9633995733692602,-0.011699336113320491,17.15422219680856,-0.02862916807005726,1.2802008656514832,-9.47850680137255,1.085447057078702,-0.3137254901960784,3.2986899563318777,0.008274654878937497,0.2591004219988335,1.1876465989053948,-0.008748756304250866,-55.884837788439306,-0.00026483050847457627,-2.9644399999999997,-1.4704129409804014,-0.20172378863638593,0.21903227663505986,-1.0024783147459728,-2.946564885496183,-2.6689895470383274,-1.7728999803246115,-0.18175439412222025,-0.11564178531016027,Auto Parts,Consumer Cyclical,AXL
2007Q3,2007,Q3,2007-10-30,2007-09-30,13100000.0,774300000.0,28700000.0,0.25,80700000.0,0.1042231693142193,3011700000.0,872400000.0,1037800000.0,603600000.0,2139300000.0,248100000.0,616800000.0,1261126913.45,1744626913.45,17.31480929247946,1.719350563286945,0.2807716572035727,0.9692801467216873,0.01367760477299185,17.31480929247946,0.015016047684548372,1.6287316459382668,24.06730750858779,1.4455833487505731,0.6106870229007634,2.795646916565901,0.0063435328472332825,0.257097320450244,1.130881378396289,0.004349702825646644,31.846639228535356,0.1042231693142193,-0.609375,-0.6486486482768328,-0.08530750040460981,0.23345069835422827,-0.2864721485411141,-0.6147058823529412,-0.5127334465195246,-0.6338028114903159,-0.06384313562181074,-0.07145520839751497,Auto Parts,Consumer Cyclical,AXL
2007Q2,2007,Q2,2007-07-27,2007-06-30,34000000.0,916500000.0,58900000.0,0.64,113100000.0,0.12340425531914893,3005700000.0,856500000.0,1065300000.0,657000000.0,2149200000.0,221800000.0,611700000.0,1503104487.78,2018104487.78,16.878088121118815,1.6214611872146119,0.28156502644974546,0.988091068301226,0.029925266033911515,16.878088121118815,0.0396964389959136,1.6400485409492636,11.052238880735294,1.7549381059894924,0.23529411764705882,3.6221821460775474,0.00532231795263651,0.30492065076354924,1.1120243531202436,0.011311840835745417,7.836832574452554,0.12340425531914893,1.1333333333333335,-0.3366336662158732,-0.013903361251787184,0.2638555076556947,0.33372641509433965,1.2077922077922079,0.6406685236768802,-0.3679245364638697,0.013564755141260723,-0.09111615677114616,Auto Parts,Consumer Cyclical,AXL
2007Q1,2007,Q1,2007-04-27,2007-03-31,15400000.0,802200000.0,35900000.0,0.3,84800000.0,0.10570929942657692,2837900000.0,820400000.0,891200000.0,563000000.0,2017500000.0,216400000.0,585700000.0,1403966657.5500002,2104466657.5500002,15.981818285596223,1.582948490230906,0.2968392120934494,1.0268161872257435,0.015113062304546548,15.981818285596223,0.01877133105802048,1.7501454220269261,22.79166651866883,1.7113196703437348,0.5064935064935064,3.3151571164510165,0.005555687493043057,0.2826738080975369,1.0017761989342806,0.005426547799429155,-42.934760169724775,0.10570929942657692,1.0816542053276648,-0.634146340407832,-0.13938918851395432,0.29911160022726563,1.3854545454545455,1.0816542948038177,1.1322283609576427,-0.5652173862178321,-0.13238865583284196,-0.09397167543313219,Auto Parts,Consumer Cyclical,AXL
