Quarters,Year,Quarter,FillingDate,Date,NetIncome,Revenue,OperatingIncome,EPSDiluted,GrossProfit,GrossProfitRatio,TotalAssets,CommonStockEquity,CurrentAssets,CurrentLiability,TotalLiability,Inventory,RetainedEarnings,MarketCap,EnterpriseValue,bookValuePerShare,currentRatio,debtToAssets,debtToEquity,roic,shareholdersEquityPerShare,roe,priceToSalesRatio,peRatio,pbRatio,payoutRatio,inventoryTurnover,dividendYield,assetTurnover,quickRatio,returnOnAssets,priceToFreeCashFlowsRatio,grossProfitMargin,epsdilutedGrowth,fiveYNetIncomeGrowthPerShare,fiveYRevenueGrowthPerShare,fiveYShareholdersEquityGrowthPerShare,grossProfitGrowth,netIncomeGrowth,operatingIncomeGrowth,threeYNetIncomeGrowthPerShare,threeYRevenueGrowthPerShare,threeYShareholdersEquityGrowthPerShare,Industry,Sector,Symbol
2023Q2,2023,Q2,2023-05-10,2023-03-31,3204000.0,33310000.0,519000.0,0.23,13470000.0,0.4043830681,151002000.0,100297000.0,86861000.0,28666000.0,50705000.0,35285000.0,-24003000.0,133827119.99999999,140550120.0,7.149771884801825,3.030105351287239,0.16195811976000318,0.24383580765127572,0.046882429889752386,7.149771884801825,0.031945122984735334,4.017625938156709,10.442191011235954,1.3343083043361217,0.0,0.5622785886353975,0.0,0.2205931047270897,1.645154538477639,0.021218262009774704,-37.476090730887705,0.4043830681477034,2.15,0.19968588899298909,0.07858417842132195,0.03454653623079884,0.6223051908948573,2.1676384839650145,1.2276315789473684,1.2763694921964324,1.3236302538175972,0.23141390471835419,Semiconductor Equipment & Materials,Technology,ASYS
2023Q1,2023,Q1,2023-02-08,2022-12-31,-2744000.0,21558000.0,-2280000.0,-0.2,8303000.0,0.3851470452,129537000.0,96238000.0,99445000.0,21659000.0,33299000.0,28236000.0,-27207000.0,106460800.0,73127800.0,6.870217018846374,4.591393877833695,0.08646950292194508,0.1163885367526341,-0.01921087859849315,6.870217018846374,-0.028512645732454954,4.938343074496706,-9.699416909620991,1.1062241526216254,0.0,0.4694361807621476,0.0,0.166423492901642,3.0619603859827325,-0.0211831368643708,-38.96808199121523,0.38514704518044346,-1.6666666666666667,-1.4487634025796259,-0.6909751289483753,0.02648038245174068,-0.3385644865769139,-1.6559885249820703,-1.586268963743893,-0.44888221223483077,0.06282581282706863,0.10356558080208046,Semiconductor Equipment & Materials,Technology,ASYS
2022Q4,2022,Q4,2022-11-30,2022-09-30,4183000.0,32315000.0,3889000.0,0.3,12553000.0,0.3884573727,133534000.0,98368000.0,102936000.0,22626000.0,35166000.0,25488000.0,-24463000.0,118430500.0,83379500.0,7.060073207493002,4.549456377618669,0.08853924843111118,0.12019152569941445,0.02807911670153814,7.060073207493002,0.042523991541964866,3.664876992108928,7.078083911068611,1.203953521470397,0.0,0.775345260514752,0.0,0.24199829256968264,3.177185538760718,0.03132535534021298,-170.1587643678161,0.388457372737119,-0.589041095890411,-0.3936892096775242,-0.3730128179565927,0.1533099265050238,1.1276271186440678,-0.5907845822735277,2.3396486393386153,4.367135451490277,0.6400977255431751,0.15170612882604362,Semiconductor Equipment & Materials,Technology,ASYS
2022Q3,2022,Q3,2022-08-15,2022-06-30,10222000.0,19964000.0,-2903000.0,0.73,5900000.0,0.2955319575,130706000.0,94623000.0,100479000.0,23474000.0,36083000.0,27457000.0,-28646000.0,101389700.0,65161700.0,6.812801497588019,4.280437931328278,0.08768533961715606,0.12112277141921098,-0.024718935810763225,6.812801497588019,0.1080287033807848,5.07862652774995,2.479693308550186,1.0715122116187397,0.0,0.5122191062388461,0.0,0.15273973650788794,2.9189741842038,0.07820605021957676,19.308645972195773,0.2955319575235424,4.2142857142857135,1.9649595866816878,-0.6014655681749521,0.2745488603184504,-0.5157186243125667,4.202035623409669,-2.11868978805395,4.121645436216091,-0.02510531094154324,0.12096143657758882,Semiconductor Equipment & Materials,Technology,ASYS
2022Q2,2022,Q2,2022-05-11,2022-03-31,1965000.0,28579000.0,2595000.0,0.14,12183000.0,0.4262920326,122189000.0,85158000.0,87036000.0,21405000.0,37031000.0,24393000.0,-38868000.0,140628740.0,126069740.0,6.091852063810001,4.06615276804485,0.10915876224537396,0.1566265060240964,0.018114990181685445,6.091852063810001,0.023074755160994855,4.920701913992792,17.891697201017813,1.651386129312572,0.0,0.6721600459148116,0.0,0.233891757850543,2.741368839056295,0.016081644010508312,-47.99615699658703,0.426292032611358,1.0348837209302328,2.305500504277543,-0.1815850901169626,0.22194693320647776,0.1318283166109253,0.970912738214644,1.4162011173184357,1.3549248324254668,0.40978343046831334,0.023352316656891057,Semiconductor Equipment & Materials,Technology,ASYS
2022Q1,2022,Q1,2022-02-14,2021-12-31,997000.0,27329000.0,1074000.0,0.0688,10764000.0,0.3938673204,120395000.0,84327000.0,84758000.0,19478000.0,36068000.0,24115000.0,-39906000.0,140829520.0,122191520.0,5.916023572330574,4.351473457233802,0.11254620208480419,0.16068400393705456,0.009455520298354109,5.916023572330574,0.011823022282305785,5.153116469684218,35.31331995987964,1.6700406749914025,0.0,0.6869168567281775,0.0,0.22699447651480542,2.9465037478180514,0.008281074795464928,57.62255319148936,0.3938673204288485,0.37599999999999995,18.392619350807845,-0.13272980449410451,0.1727929401285295,0.1686027575724677,0.496996996996997,-0.1712962962962963,1.4193178164124693,-0.07432817494909312,-0.06886865012462073,Semiconductor Equipment & Materials,Technology,ASYS
2021Q4,2021,Q4,2021-11-17,2021-09-30,666000.0,24340000.0,1296000.0,0.05,9211000.0,0.37843056696795396,116913000.0,85634000.0,80866000.0,15109000.0,31279000.0,22075000.0,-40903000.0,162191700.0,143073700.0,6.034813248766737,5.3521742008074655,0.11733511243403215,0.16019338113366186,0.005940329780470096,6.034813248766737,0.007777284723357545,6.663586688578472,60.88277027027027,1.8940105565546397,0.0,0.6853454133635334,0.0,0.2081889952357736,3.7318154742206633,0.005696543583690436,-29.96890243902439,0.37843056696795396,0.6666666666666669,3.162431437484292,-0.46703745104698835,0.18586775696794208,-0.08611965472765155,0.8048780487804879,0.07641196013289037,1.0772193241237007,-0.12367307408024446,-0.04508755876749342,Semiconductor Equipment & Materials,Technology,ASYS
2021Q3,2021,Q3,2021-08-04,2021-06-30,369000.0,23100000.0,1204000.0,0.03,10079000.0,0.43632034632034633,115569000.0,83540000.0,81412000.0,15570000.0,32029000.0,20528000.0,-41569000.0,136656640.0,112929640.0,5.893058690744921,5.228773281952472,0.11519525132172122,0.1593607852525736,0.004023133934728511,5.893058690744921,0.004417045726598037,5.915871861471861,92.58579945799458,1.6358228393583913,0.0,0.6343043647700701,0.0,0.19988059081587622,3.7886962106615285,0.0031928977493964643,-47.71530726256983,0.43632034632034633,2.5,1.2836162122120216,-0.35619948463512363,0.15881866148951837,0.3042184265010352,2.5,6.04093567251462,-0.9218474346469114,-0.40969644442131103,-0.17351317941938996,Semiconductor Equipment & Materials,Technology,ASYS
2021Q2,2021,Q2,2021-05-05,2021-03-31,-246000.0,19790000.0,171000.0,-0.02,7728000.0,0.390500252652855,107936000.0,83441000.0,76560000.0,10553000.0,24495000.0,16389000.0,-41938000.0,167264820.0,137657820.0,5.8964737474383435,7.254809059035345,0.09998517640083013,0.12933689672942558,-0.0017233959708931013,5.8964737474383435,-0.0029481909373089967,8.451986862051541,-169.98457317073172,2.0045879124171573,0.0,0.7359814509732138,0.0,0.18334939223243404,5.537382734767364,-0.002279128372368811,-276.9285099337748,0.390500252652855,-1.4000000000000001,0.8472788657210949,-0.1808617604444911,0.13997684508801972,0.02875399361022364,-1.3421418636995828,-0.8377609108159393,-1.091310091197025,-0.36476585647613224,-0.14680124209903248,Semiconductor Equipment & Materials,Technology,ASYS
2021Q1,2021,Q1,2021-02-11,2020-12-31,719000.0,17975000.0,1054000.0,0.05,7512000.0,0.41791376912378303,104527000.0,83033000.0,79033000.0,8429000.0,21494000.0,16616000.0,-41692000.0,89779360.0,49250360.0,5.900582717453099,9.376319848143314,0.04864771781453596,0.0612407115243337,0.010175822730949951,5.900582717453099,0.008659207784856623,4.994679276773296,31.2167454798331,1.0812491419074344,0.0,0.629694270582571,0.0,0.17196513819395945,7.22695456163246,0.006878605527758378,-955.099574468085,0.41791376912378303,1.357142857142857,1.1673706545310119,-0.2389313468990526,0.13081533361422118,0.5151270673658733,1.3550617283950617,1.8924640135478408,-0.8829470071903702,-0.7435077944846111,-0.11839285602124497,Semiconductor Equipment & Materials,Technology,ASYS
2020Q4,2020,Q4,2020-11-19,2020-09-30,-2025000.0,15084000.0,-1181000.0,-0.14,4958000.0,0.3286926544683108,102098000.0,81519000.0,76569000.0,7477000.0,20579000.0,17277000.0,-42411000.0,68714280.0,28822280.0,5.801238257899231,10.240604520529624,0.05071597876549981,0.06351893423619033,-0.01702321548686268,5.801238257899231,-0.02484083465204431,4.555441527446301,-8.483244444444443,0.8429234902292716,0.0,0.586097123343173,0.0,0.14774040627632276,7.713655209308547,-0.019833885090795117,-27.596096385542168,0.3286926544683108,-26.52361111111112,-2.4060112460627376,-0.4993296458149517,0.04755863426271655,-0.1668627121492186,-27.125,-39.096774193548384,-1.2910308021108101,-0.7098132879331546,-0.05232913707537836,Semiconductor Equipment & Materials,Technology,ASYS
2020Q3,2020,Q3,2020-08-06,2020-06-30,-72000.0,15227000.0,31000.0,-0.005086541858000706,5951000.0,0.39081894004071716,104056000.0,82251000.0,80584000.0,9816000.0,21805000.0,19385000.0,-40386000.0,68934850.0,27768850.0,5.810738255033557,8.209453952730236,0.05064580610440532,0.06407216933532724,-0.0013389627358032156,5.810738255033557,-0.000875369296421928,4.527145859328824,-239.3571180555556,0.8381034881034882,0.0,0.47851431519215887,0.0,0.14633466594910433,5.922269763651181,-0.0006919351118628431,-24.787792161093133,0.39081894004071716,0.9938716363156618,0.9584482805702099,-0.6477576736878544,0.0705582586572651,0.11067562523329601,0.9938429964084146,1.0318930041152263,-1.0204916298398679,-0.7017408749860216,0.08708140449767403,Semiconductor Equipment & Materials,Technology,ASYS
2020Q2,2020,Q2,2020-05-07,2020-03-31,-11694000.0,14460000.0,-972000.0,-0.83,5358000.0,0.37053941908713695,99598000.0,82157000.0,81567000.0,9697000.0,17441000.0,17332000.0,-40314000.0,61552499.99999999,17645499.999999993,5.806148409893993,8.41157058884191,0.053826382055864576,0.06525311294229341,-0.015991289135212222,5.806148409893993,-0.1423372323721655,4.256742738589211,-1.3158991790661878,0.749205788916343,0.0,0.5251557812139396,0.0,0.14518363822566718,6.39816438073631,-0.11741199622482379,48.390330188679236,0.37053941908713695,-4.928571428571428,-3.271733671516633,-0.49491897160960163,-0.02813664178284388,-0.34450697333007096,-5.052795031055901,-1.5937690897984118,-6.675333300154283,-0.5909141457738757,0.16463846608487043,Semiconductor Equipment & Materials,Technology,ASYS
2020Q1,2020,Q1,2020-02-06,2019-12-31,-1932000.0,20692000.0,1637000.0,-0.14,8174000.0,0.39503189638507635,122285000.0,88962000.0,104097000.0,24550000.0,33323000.0,15580000.0,-28488000.0,102316400.0,55027400.0,6.225472358292512,4.24020366598778,0.044592550190129615,0.06129583417638992,0.017911726944759038,6.225472358292512,-0.021717137654279354,4.944732263676784,-13.239699792960664,1.1501135316202424,0.0,0.8034659820282414,0.0,0.16921126875741097,2.7539307535641546,-0.015799157705360427,-300.04809384164224,0.39503189638507635,-3.3333333333333335,0.7435504747998123,0.15106866455713494,0.24869330358684277,-0.04509345794392523,-3.4210526315789473,-0.009679370840895343,-32.61874381081901,-0.3450054648956265,0.23413808980049672,Semiconductor Equipment & Materials,Technology,ASYS
2019Q4,2019,Q4,2019-11-21,2019-09-30,798000.0,20174000.0,1653000.0,0.06,8560000.0,0.4243085159115694,126477000.0,87452000.0,108270000.0,30648000.0,39025000.0,17532000.0,-26556000.0,75609800.0,28176800.0,6.130099537361559,3.532693813625685,0.04387358966452398,0.06345195078443032,0.008753295078405181,6.130099537361559,0.009125005717422129,3.747883414295628,23.687280701754386,0.8645862873347664,0.0,0.662445813369838,0.0,0.1595072621899634,2.149928217175672,0.006309447567541924,-184.4141463414634,0.4243085159115694,-0.5714285714285715,1.1697249939893941,-0.2976068827375461,0.09459313477923702,0.09044585987261146,-0.6101612115290669,0.22353811991117692,3.5772181694654703,-0.5606118796741976,0.20459193825869437,Semiconductor Equipment & Materials,Technology,ASYS
2019Q3,2019,Q3,2019-08-08,2019-06-30,2047000.0,21003000.0,1351000.0,0.14,7850000.0,0.3737561300766557,127426000.0,86576000.0,108793000.0,32539000.0,40850000.0,18885000.0,-27354000.0,81766300.0,38296300.0,6.077641277641278,3.343464765358493,0.04425313515295152,0.06513352430234708,0.008176835384698801,6.077641277641278,0.023643965995194974,3.8930771794505548,9.986113825109918,0.9444453428201811,0.0,0.6964786867884565,0.0,0.16482507494545853,1.986908018070623,0.016064225511277133,25.76127914303718,0.3737561300766557,1.35,1.2690573727667127,0.579177154345816,0.003795944288594874,-0.009713636937050586,1.363265306122449,0.08253205128205128,2.565718849589817,-0.4174785478906408,0.19511521944123822,Semiconductor Equipment & Materials,Technology,ASYS
2019Q2,2019,Q2,2019-05-09,2019-03-31,-5635000.0,20633000.0,1248000.0,-0.4,7927000.0,0.3841903746425629,131604000.0,84697000.0,112963000.0,38399000.0,46907000.0,19272000.0,-29401000.0,76688920.0,34484920.0,5.952839471464717,2.941821401599,0.0434409288471475,0.06749943917730263,0.010393459925612025,5.952839471464717,-0.06653128209972017,3.716808995298793,-3.4023478260869564,0.905450252075044,0.0,0.6592984640929846,0.0,0.15678094890732805,1.6959035391546655,-0.042817847481839456,-30.589916234543278,0.3841903746425629,-1.352941176470588,-0.021959039767260578,0.10373379476123562,-0.11237470353236689,-0.1312876712328767,-1.3756323777403034,1.6513569937369519,-2.4793749201745023,-0.15059060773384633,0.15087414116681638,Semiconductor Equipment & Materials,Technology,ASYS
2019Q1,2019,Q1,2019-02-07,2018-12-31,-2372000.0,29453000.0,-1916000.0,-0.17,9125000.0,0.30981563847485827,140923000.0,90348000.0,116212000.0,39216000.0,50575000.0,23808000.0,-23766000.0,64416600.0,16703600.0,6.353586497890295,2.9633822929416564,0.05858518481724062,0.09137999734360473,-0.02601069393748009,6.353586497890295,-0.026254039934475584,2.187098088479951,-6.78927065767285,0.7129831318900253,0.0,0.8538306451612904,0.0,0.20900065993485803,2.134511423908609,-0.016831886916968842,-80.72255639097745,0.30981563847485827,0.721311475409836,-1.0084104766054836,0.34044356544844967,-0.0969732702997009,0.07403483992467043,0.7350608734502402,0.7834538878842676,0.4535866029814356,0.2340725805680852,0.21763110175664338,Semiconductor Equipment & Materials,Technology,ASYS
2018Q4,2018,Q4,2018-12-07,2018-09-30,-8953000.0,28832000.0,-8848000.0,-0.61,8496000.0,0.2946725860155383,149406000.0,93090000.0,124290000.0,45143000.0,56316000.0,24710000.0,-21394000.0,77332500.0,27335500.0,6.319755600814664,2.7532507808519595,0.05578089233364122,0.08952626490493071,-0.0909984199460822,6.319755600814664,-0.09617574390374906,2.682176054384018,-2.159401876465989,0.8307283274250725,0.0,0.8229866450829624,0.0,0.19297752432967885,2.028110670535853,-0.05992396557032515,8.800785250938887,0.2946725860155383,-2.848484848484848,-2.452547115659611,1.7021542518644872,-0.1002164902780778,-0.4180423316665525,-2.8010460671897004,-4.013623978201635,-6.93017822284806,-0.08705310382256169,0.14118990666329548,Semiconductor Equipment & Materials,Technology,ASYS
2018Q3,2018,Q3,2018-08-09,2018-06-30,4971000.0,41200000.0,2936000.0,0.33,14599000.0,0.35434466019417477,162441000.0,106419000.0,130798000.0,44660000.0,56022000.0,22590000.0,-12441000.0,90296250.0,49966250.0,7.130251256281407,2.9287505597850427,0.051704926711852305,0.07892387637545926,0.019983172674479115,7.130251256281407,0.046711583457841176,2.191656553398058,4.541151176825588,0.8484974487638486,0.0,1.1775564409030546,0.0,0.25363054893776815,2.1684281236005374,0.030601880067224408,-90.20604395604396,0.35434466019417477,0.736842105263158,1.2625493885425807,1.5324210331647985,0.010631006443809,0.24511727078891257,0.7534391534391535,44.16923076923077,3.7207948721161923,-0.09610092311484118,0.3136625732713059,Semiconductor Equipment & Materials,Technology,ASYS
2018Q2,2018,Q2,2018-05-10,2018-03-31,2835000.0,32783000.0,65000.0,0.19,11725000.0,0.35765488210352925,171017000.0,102912000.0,136237000.0,56398000.0,68105000.0,29043000.0,-17412000.0,109002120.0,67093120.0,6.911020079242496,2.4156353062165326,0.05020553512223931,0.08343050373134328,0.030049458693918684,6.911020079242496,0.027547807835820896,3.324958667602111,9.612179894179896,1.0591779384328357,0.0,0.7250628378611025,0.0,0.19169439295508633,1.6288698180786552,0.016577299332814866,-40.96284103720406,0.35765488210352925,-0.5476190476190476,1.868101223254823,1.5868939902273185,-0.14532864189729344,-0.4234646211338939,-0.560601363918165,-0.9916301828483132,1.9840716444422173,0.08811308535511313,0.15680253220420828,Semiconductor Equipment & Materials,Technology,ASYS
2018Q1,2018,Q1,2018-02-08,2017-12-31,6452000.0,73611000.0,7766000.0,0.42,20337000.0,0.2762766434364429,173113000.0,98929000.0,138846000.0,59157000.0,74184000.0,22762000.0,-20247000.0,148844670.0,104738670.0,6.692984236519856,2.34707642375374,0.04962076793770543,0.08682994875112454,0.06058529862469809,6.692984236519856,0.06521849002820204,2.0220438521416635,5.7673849194048366,1.5045605434200287,0.0,2.3404797469466656,0.0,0.42521936538561517,1.6681204253089237,0.037270453403268386,875.5568823529412,0.2762766434364429,-0.125,1.988123761584529,4.053025600506738,-0.20928806722680482,0.03802572478562679,-0.11845880584779342,-0.033719049396540995,1.8279756175810074,2.9588576960309783,0.3424659393149866,Semiconductor Equipment & Materials,Technology,ASYS
2017Q4,2017,Q4,2017-11-20,2017-09-30,7319000.0,54677000.0,8037000.0,0.48,19592000.0,0.3583225122080582,191623000.0,90483000.0,157113000.0,85969000.0,101140000.0,30210000.0,-26699000.0,177076380.0,134450380.0,6.121574994925918,1.8275541183449848,0.044331839079859936,0.09388503917863024,0.07626097707405823,6.121574994925918,0.08088812263077041,3.238589900689504,6.048516873889876,1.9570126985179537,0.0,1.1613704071499504,0.0,0.28533631140311966,1.0226360664890832,0.03819478872577926,-3341.0637735849054,0.3583225122080582,0.9199999999999999,1.3331496533297034,2.208738478697774,-0.2974101426278208,0.2638369242678364,1.2266504411317312,1.0239234449760766,2.5024258957356764,0.837347536045126,0.09307098892005203,Semiconductor Equipment & Materials,Technology,ASYS
2017Q3,2017,Q3,2017-08-09,2017-06-30,3287000.0,47760000.0,3971000.0,0.25,15502000.0,0.3245812395309883,148439000.0,70782000.0,114439000.0,64092000.0,80344000.0,23186000.0,-34018000.0,111762480.0,83151480.0,5.345265065700045,1.7855426574299444,0.0710662292254731,0.14903506541211042,0.03624570457767709,5.345265065700045,0.04643836003503716,2.3400854271356786,8.500340736233646,1.5789675341188438,0.0,1.3912705943241612,0.0,0.3217483275958474,1.1858266242276727,0.022143776231313875,-141.11424242424243,0.3245812395309883,3.2727272727272725,1.7935676330587969,0.40691216313227074,-0.5098074982559453,0.8465753424657534,3.314788732394366,3.8364285714285713,1.4647673686686464,2.86298221160981,-0.11716484257860353,Semiconductor Equipment & Materials,Technology,ASYS
2017Q2,2017,Q2,2017-05-10,2017-03-31,-1420000.0,32944000.0,-1400000.0,-0.11,8395000.0,0.254826372025255,135038000.0,65747000.0,101225000.0,56622000.0,71677000.0,20778000.0,-37305000.0,72534000.0,43819000.0,4.985365483773127,1.7877326834092755,0.07512700128852619,0.1543036184160494,-0.02076362304668344,4.985365483773127,-0.021597943632409085,2.20173627974745,-12.770070422535213,1.1032290446712398,0.0,1.1814900375397055,0.0,0.243960959137428,1.1969552470771079,-0.010515558583509827,4.835277648156789,0.254826372025255,-26.34957732471407,0.79904735987294,0.09796959350662356,-0.5693914015410052,-0.005685182991827549,-25.79245283018868,-6.777777777777778,0.7221612402702117,0.9012674338065043,-0.25663432774463735,Semiconductor Equipment & Materials,Technology,ASYS
2017Q1,2017,Q1,2017-02-09,2016-12-31,-53000.0,29135000.0,-180000.0,-0.004022,8443000.0,0.2897889136777072,115918000.0,66480000.0,81785000.0,36376000.0,51531000.0,20853000.0,-35883000.0,56010750.0,42487750.0,5.044388800364215,2.2483230701561467,0.08725995962663262,0.15215102286401924,-0.003223998286576546,5.044388800364215,-0.0007972322503008424,1.9224558091642354,-264.2016509433962,0.8425203068592059,0.0,0.9922792883517959,0.0,0.25134146551872877,1.4811414119199473,-0.00045721975879501025,-15.45977090808722,0.2897889136777072,0.7988999999999999,0.9566352100910505,-0.15551582889644175,-0.575242497697982,-0.32326066046809876,0.8146853146853147,-1.7860262008733625,0.9515793292244379,0.43070850126773025,-0.2830477836034388,Semiconductor Equipment & Materials,Technology,ASYS
2016Q4,2016,Q4,2016-11-30,2016-09-30,-286000.0,42409000.0,229000.0,-0.02,12476000.0,0.2941828385484213,118430000.0,67057000.0,82924000.0,38064000.0,53091000.0,23223000.0,-35830000.0,65357920.0,47933920.0,5.088942854974577,2.17854140395124,0.08638858397365533,0.15257169273901308,-0.006913535520822552,5.088942854974577,-0.004265028259540391,1.5411332500176849,-57.13104895104895,0.9746621530936368,0.0,1.2889376910821169,0.0,0.3580933884995356,1.4236811685582178,-0.002414928649835346,-111.34228279386713,0.2941828385484213,0.7777777777777777,-1.0666733548416154,-0.4922061659013163,-0.5867385877793838,0.2954002699615824,0.7634408602150538,1.3803986710963456,0.8767113027700771,3.4430336306917018,-0.27545507262447566,Semiconductor Equipment & Materials,Technology,ASYS
2016Q3,2016,Q3,2016-08-04,2016-06-30,-1209000.0,33342000.0,-602000.0,-0.09,9631000.0,0.28885489772659106,126159000.0,66990000.0,90291000.0,44845000.0,60441000.0,28389000.0,-35544000.0,78642810.0,60701810.0,5.085401958551583,2.0134017170253093,0.08203140481455941,0.15448574414091656,-0.008199529370475685,5.085401958551583,-0.0180474697716077,2.3586710455281628,-16.261954094292804,1.1739484997760858,0.0,0.8352178660748881,0.0,0.26428554443202623,1.2230794960419222,-0.009583145078829097,-22.462956298200513,0.28885489772659106,0.18181818181818185,-1.1204264509002477,-0.6627613010469766,-0.5763492261275537,0.6048991834694217,0.1934623082054703,0.833102301081231,0.9276525552384564,1.321988107220136,-0.27920283383917455,Semiconductor Equipment & Materials,Technology,ASYS
2016Q2,2016,Q2,2016-05-05,2016-03-31,-1499000.0,22483000.0,-3607000.0,-0.11,6001000.0,0.26691277854378864,122728000.0,68116000.0,85075000.0,40375000.0,55686000.0,24054000.0,-34335000.0,85466810.0,63746810.0,5.172450451818665,2.1071207430340557,0.08227951241770419,0.1482471078748018,-0.29455414714138295,5.172450451818665,-0.022006577015679134,3.8013970555530845,-14.253970980653769,1.2547244406600506,0.0,0.6852082813669245,0.0,0.18319372922234534,1.3510340557275542,-0.012214001694804771,19.880625726913237,0.26691277854378864,0.6451612903225807,-1.143659114617998,-0.7355747039199012,-0.5363395748398089,0.007724601175482787,0.6266500622665007,0.08195469585136167,0.4809729364706818,1.0061124104776142,-0.3603339012640568,Semiconductor Equipment & Materials,Technology,ASYS
2016Q1,2016,Q1,2016-02-09,2015-12-31,-4015000.0,22074000.0,-3929000.0,-0.31,5955000.0,0.2697743952160913,113395000.0,68627000.0,76386000.0,30464000.0,45388000.0,21541000.0,-32837000.0,82331520.0,69770520.0,5.2179896593673964,2.507418592436975,0.08868115878125138,0.1465312486339196,-0.05354601427837991,5.2179896593673964,-0.05850467017354685,3.7297961402555044,-5.126495641344956,1.1996957465720488,0.0,0.7482939510700525,0.0,0.19466466775431016,1.5044314600840336,-0.035407204903214425,-7.568626585769443,0.2697743952160913,-4.1,-1.5673793702527452,-0.7100839344033276,-0.46271008201974695,-0.0926405607191833,-3.978486646884273,0.2932182047130779,0.3089419176624699,0.7029497608644608,-0.3835445381394931,Semiconductor Equipment & Materials,Technology,ASYS
2015Q4,2015,Q4,2015-11-19,2015-09-30,1348000.0,28198000.0,-5559000.0,0.1,6563000.0,0.23274700333356976,125456000.0,72834000.0,85702000.0,39371000.0,52809000.0,23329000.0,-28822000.0,56553600.0,40068600.0,5.537864963503649,2.1767798633511974,0.07466362708838159,0.1286075184666502,-0.04152169219426516,5.537864963503649,0.01850783974517396,2.005589048868714,10.488427299703263,0.7764725265672626,0.0,0.9273865146384328,0.0,0.22476406070654253,1.420156968326941,0.010744802958806275,25.61304347826087,0.23274700333356976,1.8333333333333335,-0.8239980447016684,-0.5619732012918688,-0.3900940003159092,-0.35199447077409163,1.8403990024937655,-3.504862236628849,1.068958773340534,0.8597731246366761,-0.36440413487060397,Semiconductor Equipment & Materials,Technology,ASYS
2015Q3,2015,Q3,2015-08-06,2015-06-30,-1604000.0,40016000.0,-1234000.0,-0.12,10128000.0,0.25309876049580166,134055000.0,71120000.0,90363000.0,48706000.0,62465000.0,29436000.0,-30170000.0,136140170.0,121736170.0,5.42776463405327,1.8552745041678644,0.06945656633471337,0.1309195725534308,-0.018904616550472046,5.42776463405327,-0.022553430821147358,3.4021433926429427,-21.218854426433914,1.9142318616422949,0.0,1.0153553471939123,0.0,0.2985043452314349,1.1032726974089435,-0.011965238148521129,-13.935937148121608,0.25309876049580166,0.368421052631579,-1.2849079300016137,-0.3603792003895527,-0.32422622331077416,0.4701698359703876,0.3089185695820767,0.36260330578512395,0.6086444938333316,0.19129462702758046,-0.5022417986495076,Semiconductor Equipment & Materials,Technology,ASYS
2015Q2,2015,Q2,2015-05-07,2015-03-31,-2321000.0,24273000.0,-1936000.0,-0.19,6889000.0,0.2838132904873728,145782000.0,71673000.0,102297000.0,59719000.0,73657000.0,33057000.0,-28566000.0,134126460.0,110737460.0,5.974243560890223,1.7129724208375894,0.06323140031005199,0.1286118901120366,-0.025823216040039614,5.974243560890223,-0.032383184741813516,5.525747126436782,-14.447055148642827,1.8713666234146749,0.0,0.525879541398191,0.0,0.16650203728855414,0.9941392186741238,-0.01592103277496536,-27.60939892960066,0.2838132904873728,0.6415094339622641,-9.469260519013249,0.1348958717567058,-0.25174677881019936,1.0096266044340723,0.5532242540904716,0.5960776131858961,0.6389338359726113,-0.11070936379184289,-0.48397752281531925,Semiconductor Equipment & Materials,Technology,ASYS
2015Q1,2015,Q1,2015-02-05,2014-12-31,-5195000.0,12396000.0,-4793000.0,-0.53,3428000.0,0.276540819619232,97523000.0,49128000.0,67628000.0,42883000.0,47769000.0,18917000.0,-26246000.0,100510800.0,73990800.0,4.985589608280901,1.5770351887694425,0.020856618438727274,0.041402051783097214,-0.09727371990777599,4.985589608280901,-0.10574417847256147,8.108325266214909,-4.836900866217516,2.0458964338055687,0.0,0.4740709414812074,0.0,0.12710847697466238,0.9904857402700371,-0.05326948514709351,57.698507462686564,0.276540819619232,-0.6060606060606061,-60.12515222244774,-0.26981473013797264,-0.39267487691445935,0.3374951229028482,-0.600924499229584,-0.13983353151010702,-4.684821452568227,-0.5194617540320317,-0.5801936223941755,Semiconductor Equipment & Materials,Technology,ASYS
2014Q4,2014,Q4,2014-11-20,2014-09-30,-3245000.0,19823000.0,-4205000.0,-0.33,2563000.0,0.1292942541492206,89904000.0,55141000.0,65425000.0,33136000.0,36316000.0,16760000.0,-21051000.0,105352200.0,77985200.0,5.600345317895592,1.9744386769676485,0.0,0.0,-0.06480687176418232,5.600345317895592,-0.058849132224660414,5.314644604752056,-8.116502311248073,1.910596470865599,0.0,1.029832935560859,0.0,0.22049074568428545,1.301997827136649,-0.036094055881829505,-23.03787448064728,0.1292942541492206,0.37735849056603776,-13.711199234378583,0.5479793916728101,-0.31920197558215224,0.5714285714285714,0.3827277915160738,-0.0862826143115474,-2.0124129480173534,-0.6823451528863953,-0.5452087632042765,Semiconductor Equipment & Materials,Technology,ASYS
2014Q3,2014,Q3,2014-08-07,2014-06-30,-5257000.0,9190000.0,-3871000.0,-0.53,1631000.0,0.17747551686615887,96519000.0,59596000.0,71178000.0,35210000.0,38110000.0,18298000.0,-17806000.0,120379890.0,88741890.0,6.054658132683125,2.0215279750071002,0.0,0.0,-0.0874368036664569,6.054658132683125,-0.08821061816229277,13.099008705114255,-5.724742723987065,2.0199323780119474,0.0,0.4131052574051809,0.0,0.09521441374237197,1.3413234876455553,-0.054465960070038025,-24.738982737361283,0.17747551686615887,-0.358974358974359,-19.363416273796478,-0.33224939338158255,-0.25144899660782916,-0.43719806763285024,-0.4014929352172754,0.14622849580943978,-1.7007946380536716,-0.8756005454606729,-0.4956031746652956,Semiconductor Equipment & Materials,Technology,ASYS
2014Q2,2014,Q2,2014-05-07,2014-03-31,-3751000.0,12717000.0,-4534000.0,-0.39,2898000.0,0.2278839348903043,101669000.0,64912000.0,75520000.0,35123000.0,38023000.0,17348000.0,-12549000.0,117793430.0,81143430.0,6.70647794193615,2.1501580161147964,0.0,0.0,-0.06984841015528716,6.70647794193615,-0.057785925560759184,9.262674372886687,-7.850801786190349,1.814663390436283,0.0,0.5660018445930367,0.0,0.1250823751586029,1.4936081769780485,-0.03689423521427377,23.686593605469536,0.2278839348903043,-3.875,-0.7445080010689044,0.09132148761752633,-0.1388957622825185,-0.36097023153252483,-3.7241813602015115,-8.485355648535565,-1.4891036734409342,-0.7965040745247979,-0.39882876736069456,Semiconductor Equipment & Materials,Technology,ASYS
2014Q1,2014,Q1,2014-02-06,2013-12-31,-794000.0,14772000.0,-478000.0,-0.08,4535000.0,0.3069997292174384,106084000.0,67263000.0,79482000.0,36425000.0,39325000.0,16712000.0,-8800000.0,66537600.0,36200600.0,7.0358786610878665,2.182072752230611,0.0,0.0,-0.017804289021796805,7.0358786610878665,-0.011804409556516956,4.504305442729488,-20.950125944584382,0.9892154676419428,0.0,0.6125538535184298,0.0,0.13924814298103388,1.5207412491420726,-0.0074846348176916405,-9.401949978804579,0.3069997292174384,0.5455836410110764,-1.8786382212707988,-0.21339956286077097,-0.14762614603952912,0.43558088002532447,0.5282234105763518,0.6879895561357703,-1.1543627125576654,-0.7330902423338231,-0.2755243081119447,Semiconductor Equipment & Materials,Technology,ASYS
2013Q4,2013,Q4,2013-12-11,2013-09-30,-1683000.0,6925000.0,-1532000.0,-0.17605,3159000.0,0.45617328519855593,110947000.0,67146000.0,84195000.0,41334000.0,44144000.0,22001000.0,-8004000.0,69788000.0,32591000.0,7.023640167364016,2.036942952533024,0.0,0.0,-0.031234053112320886,7.023640167364016,-0.025064784201590563,10.077689530685921,-10.36660724896019,1.0393470943913263,0.0,0.17117403754374802,0.0,0.062417190189910494,1.2773987516330383,-0.015169405211497382,-35.31781376518219,0.45617328519855593,0.8613779527559055,-2.1216153616258215,-0.7542476802715069,-0.142647173162521,2.1800522973477774,0.8609205850756135,0.8505220021465509,-1.3023052046863783,-0.8520087422665823,-0.22645996138785005,Semiconductor Equipment & Materials,Technology,ASYS
2013Q3,2013,Q3,2013-08-08,2013-06-30,-12101000.0,10398000.0,-10249000.0,-1.27,-2677000.0,-0.25745335641469513,103455000.0,67300000.0,78134000.0,33688000.0,36048000.0,17533000.0,-6321000.0,65437540.0,26623540.0,7.055246881224447,2.3193421990026124,0.0,0.0,-0.1908651415353861,7.055246881224447,-0.1798068350668648,6.293281400269283,-1.3519035616891169,0.9723260029717683,0.0,0.7457366109621856,0.0,0.10050746701464405,1.5043932557587272,-0.11696873036585956,-294.7636936936937,-0.25745335641469513,-4.7727272727272725,-10.931025535822087,-0.5900626796941696,-0.1478753384441565,-2.091316754993885,-4.784416826003824,-1.9612828662236348,-3.9524960590335194,-0.7716996333734024,-0.12159956227882118,Semiconductor Equipment & Materials,Technology,ASYS
2013Q2,2013,Q2,2013-05-09,2013-03-31,-2092000.0,8118000.0,-3461000.0,-0.22,2453000.0,0.3021680216802168,114818000.0,77134000.0,89642000.0,34614000.0,36974000.0,24929000.0,5780000.0,35008130.0,-3798870.0,8.086172554775134,2.589761368232507,0.0,0.0,-0.03438020230818155,8.086172554775134,-0.027121632483729615,4.312408228627741,-4.183571940726577,0.4538612025825187,0.0,0.22724537687031168,0.0,0.07070319984671393,1.4788524874328306,-0.018220139699350275,-10.73869018404908,0.3021680216802168,0.5,-13.357653021691272,-0.5611069425046994,-0.0062213661227086174,0.7801161103047896,0.5011921793037672,0.2716750841750842,-10.60067662951379,-0.522634072660451,0.012764980125026424,Semiconductor Equipment & Materials,Technology,ASYS
2013Q1,2013,Q1,2013-02-07,2012-12-31,-4194000.0,9357000.0,-4752000.0,-0.44,1378000.0,0.14726942396067116,124900000.0,80362000.0,98775000.0,40933000.0,43293000.0,24730000.0,7871000.0,30570680.0,-12044320.0,8.464503897198231,2.413089683140742,0.0,0.0,-0.053154421482891005,8.464503897198231,-0.05218884547422911,3.26714545260233,-1.8222865999046258,0.3804121350887235,0.0,0.32264456126162555,0.0,0.07491593274619696,1.4013632032834145,-0.03357886309047238,-6.541981596404879,0.14726942396067116,0.7039648525543124,-32.23355101467593,-0.35901445794991677,-0.10397238845212874,1.2008746355685131,0.7027850612996953,0.761266013564431,-50.54256372445755,-0.427926987974917,0.031112922468670503,Semiconductor Equipment & Materials,Technology,ASYS
2012Q4,2012,Q4,2012-12-07,2012-09-30,-14111000.0,10945000.0,-19905000.0,-1.48631,-6860000.0,-0.6267702147099132,129022000.0,82720000.0,102843000.0,42611000.0,44971000.0,25670000.0,12065000.0,30618150.0,-16107850.0,8.712871287128714,2.4135317171622352,0.0,0.0,-0.19655018528462928,8.712871287128714,-0.1705875241779497,2.7974554591137504,-0.5424518106441784,0.37014204545454543,0.0,0.693611219322166,0.0,0.08483049402427494,1.5258736007134308,-0.10936894483111408,6.124854970994199,-0.6267702147099132,-3.794548387096774,-10.964390984519033,-0.3290369206225241,0.7414795610018546,-2.427976686094921,-3.7591905564924115,-2.7914285714285714,-65.34401826972154,-0.11361547847522195,0.05916782315722264,Semiconductor Equipment & Materials,Technology,ASYS
2012Q3,2012,Q3,2012-08-09,2012-06-30,-2965000.0,24300000.0,-5250000.0,-0.31,4804000.0,0.19769547325102882,151336000.0,103363000.0,122129000.0,41852000.0,44282000.0,33075000.0,26176000.0,35641040.0,-6684960.0,10.904420297499737,2.9181162190576315,0.0,0.0,-0.0399099981574485,10.904420297499737,-0.028685312926288904,1.466709465020576,-3.00514671163575,0.34481429525071833,0.0,0.589448223733938,0.0,0.16056985779986255,1.7266797285673325,-0.019592165776814507,-7.09133306804616,0.19769547325102882,0.425925925925926,-3.0124596946454854,0.29394744091675273,0.9317888095742378,0.18675889328063242,0.4162236660759992,0.12280701754385964,-10.926206418218998,0.8334539872167516,0.3481380081630075,Semiconductor Equipment & Materials,Technology,ASYS
2012Q2,2012,Q2,2012-05-10,2012-03-31,-5079000.0,21566000.0,-5985000.0,-0.54,4048000.0,0.1877028656218121,169593000.0,109743000.0,139043000.0,52575000.0,55055000.0,36866000.0,29143000.0,78960070.0,30191070.0,11.577487076695855,2.6446600095102233,0.0,0.0,-0.05251867557036041,11.577487076695855,-0.04628085618217107,3.66132198831494,-3.886595294349281,0.7194998314243277,0.0,0.47518038300873433,0.0,0.12716326735183645,1.5409795530194959,-0.02994817003060268,-11.06038240649951,0.1877028656218121,-5.000000000000001,-11.620771202956476,0.12111284389808973,0.6940948552640379,-0.43785585335370086,-4.7979452054794525,-2.245661605206074,-1.4119709950026607,0.8897554326562088,0.4865363414561564,Semiconductor Equipment & Materials,Technology,ASYS
2012Q1,2012,Q1,2012-02-09,2011-12-31,-876000.0,24728000.0,-1844000.0,-0.09,7201000.0,0.291208346813329,181324000.0,112180000.0,151410000.0,61279000.0,63699000.0,37451000.0,34222000.0,80385460.0,25449460.0,11.875926318018209,2.470830137567519,0.0,0.0,-0.013444061413211734,11.875926318018209,-0.007808878587983598,3.250786962148172,-22.94105593607306,0.7165756819397396,0.0,0.46799818429414436,0.0,0.1363746663431206,1.4433329525612364,-0.004831131014096314,-12.22034965034965,0.291208346813329,-1.2727272727272727,-54.72602159644294,-0.03718453940741139,1.6246642854419693,-0.6442545203043177,-1.2848780487804878,-1.350503706519673,-1.981078246483069,0.33264301573037025,0.43872991173423953,Semiconductor Equipment & Materials,Technology,ASYS
2011Q4,2011,Q4,2011-11-17,2011-09-30,3075000.0,59869000.0,5261000.0,0.33,20242000.0,0.33810486228265046,205865000.0,116319000.0,174851000.0,80794000.0,83534000.0,37162000.0,35096000.0,75568000.0,8186000.0,12.314101206860046,2.1641582295715027,0.0,0.0,0.0224964996778467,12.314101206860046,0.026435921904418024,1.2622225191668477,6.143739837398374,0.6496617061701012,0.0,1.066331198536139,0.0,0.2908167974157822,1.3942990816149714,0.014936973259174702,8.017824933687002,0.33810486228265046,-0.5540540540540541,1.2804158981411349,0.951734914335251,1.742252277214781,-0.22491958952366364,-0.5786516853932584,-0.5668889437721248,1.0740293788487236,1.150254193834892,0.5031421354301142,Semiconductor Equipment & Materials,Technology,ASYS
2011Q3,2011,Q3,2011-08-09,2011-06-30,7298000.0,71871000.0,12147000.0,0.74,26116000.0,0.3633732659904551,220449000.0,114948000.0,185196000.0,96844000.0,98947000.0,46311000.0,32021000.0,197648640.0,137416640.0,12.003759398496241,1.9123125851885507,0.0,0.0,0.06105217034876995,12.003759398496241,0.06348957789609215,2.7500471678423843,6.770644012058098,1.71946132164109,0.0,0.9879942130379391,0.0,0.3260209844453819,1.1843067200859114,0.033105162645328395,-26.18209564180686,0.3633732659904551,-0.038961038961038995,14.556833150816004,1.4919552649007524,1.767518140777456,0.057199530421406304,-0.0291339630171611,-0.029792332268370608,4.966167033964221,1.8225396000250347,0.4498003524245464,Semiconductor Equipment & Materials,Technology,ASYS
2011Q2,2011,Q2,2011-05-10,2011-03-31,7517000.0,61253000.0,12520000.0,0.77,24703000.0,0.40329453251269326,202876000.0,105834000.0,168855000.0,88602000.0,90249000.0,34823000.0,24723000.0,239451880.0,171923880.0,11.15568672920839,1.9057696214532402,0.0,0.0,0.07039674579175552,11.15568672920839,0.07102632424362681,3.909226976637879,7.963678329120659,2.2625231967042727,0.0,1.0495936593630646,0.0,0.3019233423371912,1.2844518182433806,0.0370521895147775,18.03508925209008,0.40329453251269326,0.4807692307692307,11.531101635510398,0.707669537304872,1.2206956306050887,0.26055008419656067,0.5058092948717948,0.4990421455938697,43.64705477976728,2.3297450076299775,0.3710173809200933,Semiconductor Equipment & Materials,Technology,ASYS
2011Q1,2011,Q1,2011-02-08,2010-12-31,4992000.0,53712000.0,8352000.0,0.52,19597000.0,0.36485329162943103,157282000.0,90105000.0,137306000.0,65886000.0,67177000.0,26681000.0,17206000.0,233341700.0,180239700.0,9.711683552489761,2.083993564641957,0.0006675906969646876,0.001165307141668054,0.055537032192847786,9.711683552489761,0.05540203096387548,4.344312257968424,11.685782251602564,2.589664280561567,0.0,1.2786252389340729,0.0,0.3415012525273076,1.52225055398719,0.03173916913569258,-47.523767820773934,0.36485329162943103,-0.07142857142857148,2.0919612227655175,0.981033261285899,0.9300297655204028,0.11018581463856787,-0.07606885063853415,-0.06535362578334826,37.04191516370865,2.765111027238964,0.028050400038979975,Semiconductor Equipment & Materials,Technology,ASYS
2010Q4,2010,Q4,2010-11-15,2010-09-30,5403000.0,45413000.0,8936000.0,0.56,17652000.0,0.3886992711338163,136101000.0,84243000.0,116429000.0,50816000.0,51858000.0,24317000.0,12214000.0,166632880.0,109994880.0,9.079866350506574,2.291187814861461,0.0009257830581700355,0.0014956732310102917,0.06335242097430341,9.079866350506574,0.06413589259641751,3.669277079250435,7.7102017397742,1.9780026827154782,0.0,1.1416293128264177,0.0,0.33367131762441127,1.5988468198992443,0.03969845923248176,16.49830495049505,0.3886992711338163,0.33333333333333354,2.6385716760479476,1.1023212586737654,0.8617193957813896,0.12061960385982733,0.3939628482972136,0.39081712062256807,2.904116736732755,1.8487734228360826,0.8148324639427336,Semiconductor Equipment & Materials,Technology,ASYS
2010Q3,2010,Q3,2010-08-05,2010-06-30,3876000.0,43072000.0,6425000.0,0.42,15752000.0,0.36571322436849923,116026000.0,72456000.0,98380000.0,42850000.0,43570000.0,20514000.0,6811000.0,75325350.0,32780350.0,8.031925507149984,2.295915985997666,0.0010256321858893697,0.001642376062713923,0.055291463407729724,8.031925507149984,0.053494534614110634,1.7488240620356612,4.85844620743034,1.0396012752567074,0.0,1.331773423028176,0.0,0.3712271387447641,1.5724620770128355,0.033406305483253754,273.9103636363636,0.36571322436849923,19.999999999999996,7.8245736954847045,1.345469969985375,0.5340879337262533,2.3457943925233646,17.815533980582526,14.225118483412322,1.7643568307612267,1.4099789046244726,0.42290771913880343,Semiconductor Equipment & Materials,Technology,ASYS
2010Q2,2010,Q2,2010-05-11,2010-03-31,206000.0,16077000.0,422000.0,0.02,4708000.0,0.29284070411146357,108408000.0,72002000.0,90241000.0,35820000.0,36406000.0,20569000.0,2936000.0,90991620.0,47967620.0,7.984253714792637,2.5192908989391403,0.001116153789388237,0.0016805088747534791,0.0034836120920274365,7.984253714792637,0.0028610316380100554,5.659738757230826,110.42672330097088,1.2637373961834393,0.0,0.5527249744761534,0.0,0.14830086340491477,1.6536850921273032,0.0019002287654047672,41.93162211981567,0.29284070411146357,1.0,-0.8772303920956291,-0.45905566333009007,0.7518890309785364,0.023478260869565216,1.575,2.296875,-0.5472094513263549,-0.12150957720198655,0.16830906843156274,Semiconductor Equipment & Materials,Technology,ASYS
2010Q1,2010,Q1,2010-02-09,2009-12-31,80000.0,15457000.0,128000.0,0.01,4600000.0,0.2975997929740571,91699000.0,73652000.0,73310000.0,17425000.0,18047000.0,12310000.0,2731000.0,99320040.0,56966040.0,8.209094962104325,4.207173601147776,0.0013195345641719102,0.0016428610221039482,0.0010677243811317255,8.209094962104325,0.0010861891055232715,6.425570291777189,310.37512499999997,1.3485043176016944,0.0,0.881965881397238,0.0,0.16856236163971253,3.1453658536585367,0.0008724195465599407,304.66269938650305,0.2975997929740571,1.4506534474988735,-0.6477361624631697,-0.3501708464620298,0.8482496051357604,0.5364061456245826,1.3980099502487562,1.2935779816513762,4.165700698469313,-0.3663667678321858,0.8142684440662916,Semiconductor Equipment & Materials,Technology,ASYS
2009Q4,2009,Q4,2009-11-24,2009-09-30,-201000.0,11669000.0,-436000.0,-0.02219,2994000.0,0.25657725597737596,92526000.0,73805000.0,73945000.0,18077000.0,18721000.0,13455000.0,2651000.0,47551600.0,5854600.0,8.226148016049933,4.090557061459313,0.006495471543133822,0.00814307973714518,-0.0022606684093490702,8.226148016049933,-0.002723392724070185,4.075036421287171,-59.14378109452736,0.6442869724273423,0.0,0.6447417316982534,0.0,0.12611590255711908,3.09028046689163,-0.002172362363011478,17.631294030404153,0.25657725597737596,0.26033333333333325,0.979900125206588,-0.2837006588242595,0.9092733284042944,-0.16415410385259632,0.14468085106382977,-0.44370860927152317,-1.1569363955555338,-0.5994920480501521,0.8318976554417045,Semiconductor Equipment & Materials,Technology,ASYS
2009Q3,2009,Q3,2009-08-06,2009-06-30,-235000.0,12528000.0,-302000.0,-0.03,3582000.0,0.2859195402298851,89792000.0,72473000.0,72564000.0,16198000.0,17319000.0,12436000.0,2852000.0,43456000.0,3668000.0,8.088504464285714,4.479812322508952,0.0013030114041339986,0.0016143943261628468,-0.0029184563475500307,8.088504464285714,-0.0032425868944296497,3.4687100893997447,-46.22978723404255,0.59961640886951,0.0,0.7193631392730782,0.0,0.13952245188880968,3.408877639214718,-0.0026171596578759802,15.317589002467395,0.2859195402298851,0.8636363636363636,0.715998570430386,-0.21852084487503937,0.4938108746256581,0.5197284683920238,0.8832007952286283,0.8828549262994569,-1.535378990961172,-0.5357580021380579,0.8648393468694835,Semiconductor Equipment & Materials,Technology,ASYS
2009Q2,2009,Q2,2009-05-11,2009-03-31,-2012000.0,10904000.0,-2578000.0,-0.22,2357000.0,0.21615920763022745,90205000.0,70538000.0,73618000.0,18428000.0,19667000.0,15018000.0,3088000.0,29163540.0,-7896460.0,7.788230098266534,3.9948990666377253,0.0012527021783714871,0.0016019734044061358,-0.02832419521378866,7.788230098266534,-0.028523632651903937,2.674572633895818,-3.623700298210736,0.41344438458703114,0.0,0.5691170595285657,0.0,0.12088021728285572,2.831560668547862,-0.022304750291003823,-35.221666666666664,0.21615920763022745,-3.4444444444444446,-7.152390098088996,-0.4226289477518554,0.4239469000019347,-0.6127177127834375,-3.33953488372093,-2.869470630891951,-4.51331598274954,-0.6815752307248126,0.5503562415466654,Semiconductor Equipment & Materials,Technology,ASYS
2009Q1,2009,Q1,2009-02-09,2008-12-31,860000.0,17872000.0,1379000.0,0.09,6086000.0,0.3405326768128917,102184000.0,75099000.0,83667000.0,25474000.0,27085000.0,16358000.0,5100000.0,33571620.0,-4726380.0,8.25445152780831,3.284407631310356,0.001105848273702341,0.0015046804884219498,0.010949973999420895,8.25445152780831,0.011451550619848467,1.8784478513876455,9.759191860465117,0.4470315183957176,0.0,0.7205037290622326,0.0,0.17490018006732952,2.351809688309649,0.008416190401628436,36.61027262813522,0.3405326768128917,-0.43750000000000006,136.072431730962,0.35279821441084597,0.5094159226613995,-0.25744265495363594,-0.39775910364145656,-0.36801099908340973,-0.4567917603460352,-0.327794541252124,0.6404300099575552,Semiconductor Equipment & Materials,Technology,ASYS
2008Q4,2008,Q4,2008-12-10,2008-09-30,1428000.0,26817000.0,2182000.0,0.16,8196000.0,0.30562702763172617,102355000.0,74533000.0,83399000.0,26159000.0,27822000.0,15902000.0,4240000.0,84702380.0,47349380.0,8.192240052758848,3.188157039642188,0.001445947926334815,0.0019856976104544294,0.01915644661335119,8.192240052758848,0.019159298565735984,3.158533020099191,14.828848039215687,1.136441307877048,0.0,1.1709847817884542,0.0,0.26199990230081577,2.3133911846783133,0.013951443505446729,59.31539215686274,0.30562702763172617,0.23076923076923075,0.04475508521562259,0.31873073654974005,0.5255624968826855,0.15795422435716305,0.23103448275862068,0.3011329755515802,1.4416386961774053,0.2660111105952663,0.6797221029874959,Semiconductor Equipment & Materials,Technology,ASYS
2008Q3,2008,Q3,2008-08-13,2008-06-30,1160000.0,24147000.0,1677000.0,0.13,7078000.0,0.29312129871205533,103532000.0,75187000.0,85695000.0,27001000.0,28345000.0,20664000.0,2811000.0,97529940.0,60925940.0,8.279594758286532,3.1737713418021554,0.0017772282965653132,0.002447231569287244,0.013407754231147843,8.279594758286532,0.015428199023767407,4.0390085724934774,21.019383620689656,1.297164935427667,0.0,0.8260259388308169,0.0,0.23323223737588378,2.173438020814044,0.011204265347911756,-94.14086872586873,0.29312129871205533,5.5,3.8449844491714567,0.9785095648618484,0.5760850934236327,0.71504724981827,6.204968944099379,21.451219512195124,1.6235476854418,0.3062281171664283,0.581392457328392,Semiconductor Equipment & Materials,Technology,ASYS
2008Q2,2008,Q2,2008-05-14,2008-03-31,161000.0,17591000.0,-82000.0,0.02,4127000.0,0.23460860667386732,94793000.0,73817000.0,77221000.0,19254000.0,20976000.0,16570000.0,1653000.0,109226879.99999999,71595879.99999999,8.136794532627865,4.010647138256986,0.0022891985695146265,0.0029397022366121624,-0.0006703889962364376,8.136794532627865,0.0021810694013574107,6.209247910863509,169.60695652173914,1.4796981725076879,0.0,0.8125528062764031,0.0,0.18557277436097602,2.873428897891347,0.0016984376483495617,-30.655874263261293,0.23460860667386732,1.0,1.1782599009013095,-0.04266693962383932,0.549678915276812,0.1592696629213483,0.49074074074074076,-4.28,-0.9046201326940355,-0.4116370935845261,0.7853592330898395,Semiconductor Equipment & Materials,Technology,ASYS
2008Q1,2008,Q1,2008-02-13,2007-12-31,108000.0,11741000.0,25000.0,0.01,3560000.0,0.3032109701047611,85881000.0,72135000.0,70209000.0,12382000.0,13746000.0,12018000.0,1492000.0,99191640.0,59574640.0,9.44669984284966,5.670247132934906,0.013146097507015522,0.01565120953767242,0.00020703946448245655,9.44669984284966,0.0014971927635683093,8.448312750191636,229.61027777777778,1.3750833853191933,0.0,0.6807289066400399,0.0,0.13671242766153166,4.285656598287837,0.0012575540573584378,-41.073142857142855,0.3032109701047611,-0.9333333333333332,1.3262648305173859,-0.044955537590551625,0.7821528280365104,-0.13717886572952012,-0.9051799824407375,-0.9674902470741222,-0.4412401711611319,-0.4200341555642605,1.1268921038169182,Semiconductor Equipment & Materials,Technology,ASYS
2007Q4,2007,Q4,2007-09-30,2007-09-30,1139000.0,13120000.0,769000.0,0.15,4126000.0,0.31448170731707314,50666000.0,38204000.0,42210000.0,11718000.0,12462000.0,7289000.0,1716000.0,101482440.0,84080440.0,5.003143006809848,3.6021505376344085,0.01910551454624403,0.025337660977908072,0.028232486975339012,5.003143006809848,0.029813632080410428,7.734942073170732,22.274460052677785,2.65633022720134,0.0,1.233914117162848,0.0,0.2589507756681009,2.6838197644649258,0.02248055895472309,87.86358441558441,0.31448170731707314,0.0,2.40026863827966,-0.11372728413923104,-0.05335017365158783,0.2050233644859813,0.12772277227722773,0.26688632619439867,1.1338271915047315,-0.05372341890159965,0.1612199880742488,Semiconductor Equipment & Materials,Technology,ASYS
2007Q3,2007,Q3,2007-06-30,2007-06-30,1010000.0,12874000.0,607000.0,0.15,3424000.0,0.2659624048469784,46993000.0,36680000.0,39260000.0,9539000.0,10313000.0,6814000.0,577000.0,56143584.0,39264584.0,5.644726920176667,4.115735402033756,0.021130806715893857,0.02707197382769902,0.020943961962728717,5.644726920176667,0.02753544165757906,4.361005437315519,13.896926732673268,1.5306320610687025,0.0,1.3868506017023774,0.0,0.27395569552912136,3.18555404130412,0.021492562722107547,-17.253713583282114,0.2659624048469784,1.9999999999999998,2.101283886547068,0.19524881978730296,0.04249772392887216,0.19386331938633194,2.854961832061069,0.9580645161290322,2.683044724387966,0.10731396622686953,0.04248622163513103,Semiconductor Equipment & Materials,Technology,ASYS
2007Q2,2007,Q2,2007-03-31,2007-03-31,262000.0,10539000.0,310000.0,0.05,2868000.0,0.27213208084258467,46316000.0,35491000.0,38969000.0,10000000.0,10825000.0,7748000.0,-433000.0,37910936.699999996,17758936.699999996,6.834025285373653,3.8969,0.022476034199844546,0.02933137978642473,0.0051464266741284145,6.834025285373653,0.007382153221943591,3.597204355251921,36.17455791984733,1.068184517201544,0.0,0.9900619514713475,0.0,0.22754555661110631,2.9935,0.0056567924691251405,-11.629121687116562,0.27213208084258467,28.258333333333333,0.30947200148307574,0.0046833474053416275,0.3312346469035455,0.19899665551839466,42.666666666666664,4.636363636363637,0.39720423149699635,-0.026779428509032182,0.24948659667985323,Semiconductor Equipment & Materials,Technology,ASYS
2007Q1,2007,Q1,2006-12-31,2006-12-31,6000.0,9451000.0,55000.0,0.001708914839077186,2392000.0,0.2530949105914718,25197000.0,15728000.0,20919000.0,8593000.0,9469000.0,6051000.0,-694000.0,,,,,,,,,,,,,,,,,,,,,,,,,,,,,,,Semiconductor Equipment & Materials,Technology,ASYS
