Quarters,Year,Quarter,FillingDate,Date,NetIncome,Revenue,OperatingIncome,EPSDiluted,GrossProfit,GrossProfitRatio,TotalAssets,CommonStockEquity,CurrentAssets,CurrentLiability,TotalLiability,Inventory,RetainedEarnings,MarketCap,EnterpriseValue,bookValuePerShare,currentRatio,debtToAssets,debtToEquity,roic,shareholdersEquityPerShare,roe,priceToSalesRatio,peRatio,pbRatio,payoutRatio,inventoryTurnover,dividendYield,assetTurnover,quickRatio,returnOnAssets,priceToFreeCashFlowsRatio,grossProfitMargin,epsdilutedGrowth,fiveYNetIncomeGrowthPerShare,fiveYRevenueGrowthPerShare,fiveYShareholdersEquityGrowthPerShare,grossProfitGrowth,netIncomeGrowth,operatingIncomeGrowth,threeYNetIncomeGrowthPerShare,threeYRevenueGrowthPerShare,threeYShareholdersEquityGrowthPerShare,Industry,Sector,Symbol
2023Q1,2023,Q1,2023-05-05,2023-03-31,94000000.0,1854000000.0,130000000.0,0.19,1854000000.0,1.0,91178000000.0,7432000000.0,68675000000.0,0.0,-11000000.0,0.0,1259000000.0,2471346000.0,2319346000.0,15.096485882591915,0.0,0.01754809274167014,0.21528525296017223,0.010172685922068237,15.096485882591915,0.01264800861141012,1.3329805825242718,6.572728723404255,0.3325277179763186,0.0425531914893617,0.0,0.0016185511862766284,0.020333852464410274,0.0,0.0010309504485731208,145.37329411764705,1.0,-0.45714285714285713,-0.14826905777545638,-0.11040578094139106,-0.4206326358163373,-0.02163588390501319,-0.46285714285714286,-0.2571428571428571,2.4589588757778884,0.033855174809098706,-0.4731014028243406,Insurance—Life,Financial Services,GNW
2022Q4,2022,Q4,2023-02-28,2022-12-31,175000000.0,1895000000.0,175000000.0,0.35,1895000000.0,1.0,86442000000.0,9984000000.0,1799000000.0,0.0,75703000000.0,0.0,3098000000.0,2627543000.0,-57151457000.0,20.100664384940607,0.0,0.018636773790518497,0.16135817307692307,0.011841974325803563,20.100664384940607,0.017528044871794872,1.3865662269129289,3.753632857142857,0.2631753806089744,0.24,0.0,0.015984514810985014,0.02192221373869184,0.0,0.0020244788413039958,6.503819306930693,1.0,0.7499999999999998,-0.5017540697783843,0.1296191877064784,-0.25217978380068923,0.030451332245785754,0.6826923076923077,0.30597014925373134,11.435047785975675,-0.05743708278366354,-0.2865220643061265,Insurance—Life,Financial Services,GNW
2022Q3,2022,Q3,2022-11-03,2022-09-30,104000000.0,1839000000.0,134000000.0,0.2,1839000000.0,1.0,85939000000.0,9291000000.0,-7000000.0,181000000.0,75890000000.0,0.0,2924000000.0,1764000000.0,-57281000000.0,18.43452380952381,-0.03867403314917127,0.018873852383667487,0.17457754816489077,0.008846113296857156,18.43452380952381,0.011193628242385104,0.9592169657422512,4.240384615384616,0.1898611559573781,0.0,0.0,0.0,0.02139889921921363,683.5027624309392,0.0012101606953769533,5.7272727272727275,1.0,-0.4285714285714285,-0.037487019730010396,-0.17782355154251323,-0.2959927436427168,-0.022328548644338118,-0.425414364640884,-0.5214285714285715,4.772045855379188,-0.09050713107024994,-0.35484932660768487,Insurance—Life,Financial Services,GNW
2022Q2,2022,Q2,2022-08-03,2022-06-30,181000000.0,1881000000.0,280000000.0,0.35,1881000000.0,1.0,89068000000.0,11820000000.0,51010000000.0,131000000.0,76497000000.0,-12492000000.0,2820000000.0,1796770000.0,-60175230000.0,23.222003929273086,389.3893129770992,0.01990613912965375,0.15,0.015466704027795878,23.222003929273086,0.015313028764805415,0.9552206273258905,2.4817265193370166,0.15201099830795262,0.022099447513812154,0.0,0.0022262170450308054,0.021118695827906767,991.6412213740458,0.0020321552072573765,4.1882750582750585,1.0,0.0,-0.12156431753194973,-0.17047000151125896,-0.10986480559938008,-0.005813953488372093,0.0,0.05660377358490566,0.06552764524277285,-0.1371496732288201,-0.1502539232393638,Insurance—Life,Financial Services,GNW
2022Q1,2022,Q1,2022-05-05,2022-03-31,181000000.0,1892000000.0,265000000.0,0.35,1892000000.0,1.0,93487000000.0,14407000000.0,140884000000.0,0.0,78335000000.0,0.0,2639000000.0,1921374000.0,-65122626000.0,28.343497934290774,0.0,0.019457250740744704,0.12625806899423891,0.01236844426038689,28.343497934290774,0.01256333726660651,1.0155253699788584,2.653831491712707,0.13336392031651279,0.0,0.0,0.0,0.020238107972231432,0.0,0.0019360980671109351,-20.8845,1.0,-0.054054054054054106,0.14545766089368095,-0.14514299840519324,0.10303372385555568,0.08986175115207373,-0.06217616580310881,0.37305699481865284,0.02569981977337132,-0.1535515881021147,0.08656579200447731,Insurance—Life,Financial Services,GNW
2021Q4,2021,Q4,2022-02-28,2021-12-31,193000000.0,1736000000.0,193000000.0,0.37,1736000000.0,1.0,98415000000.0,15510000000.0,74496000000.0,0.0,82905000000.0,0.0,2490000000.0,2054970000.0,-70542030000.0,30.567599527000393,0.0,0.01929583904892547,0.12243713733075436,0.008390746728928804,30.567599527000393,0.012443584784010316,1.1837384792626728,2.661878238341969,0.13249323017408124,0.0,0.0,0.0,0.017639587461260986,0.0,0.001961083168216227,-7.527362637362637,1.0,-0.39344262295081966,2.5539070930555643,-0.22420030679698424,0.20491075642652615,-0.12982456140350876,-0.3853503184713376,0.0,1.5789956066627289,-0.14882315011549882,0.2295786219374937,Insurance—Life,Financial Services,GNW
2021Q3,2021,Q3,2021-11-04,2021-09-30,314000000.0,1995000000.0,0.0,0.61,1995000000.0,1.0,99875000000.0,15276000000.0,0.0,0.0,83823000000.0,0.0,2325000000.0,1902750000.0,2377750000.0,30.106424911312573,0.0,0.024150187734668337,0.15789473684210525,0.0,30.106424911312573,0.020555119141136422,0.9537593984962406,1.5149283439490444,0.12455813040062844,0.0,0.0,0.0,0.01997496871088861,0.0,0.003143929912390488,31.192622950819672,1.0,0.29787234042553196,1.8114961724374004,-0.0887346343878046,0.00881121197680418,0.009615384615384616,0.30833333333333335,0.0,1.1222860567707518,-0.08135469985879537,0.1778627092588064,Insurance—Life,Financial Services,GNW
2021Q2,2021,Q2,2021-08-05,2021-06-30,240000000.0,1976000000.0,0.0,0.47,1976000000.0,1.0,100650000000.0,15164000000.0,0.0,0.0,85486000000.0,0.0,2011000000.0,1977300000.0,2687300000.0,29.909270216962526,0.0,0.02905116741182315,0.19282511210762332,0.0,29.909270216962526,0.015826958586125033,1.000657894736842,2.0596875,0.13039435505143762,0.0,0.0,0.0,0.019632389468455042,0.0,0.002384500745156483,4.153991596638655,1.0,0.27027027027027023,0.37195541488922523,-0.13109490390349063,-0.014751126468260115,0.014373716632443531,0.28342245989304815,0.0,0.24721270632201794,-0.09631477060842514,0.15976612475688934,Insurance—Life,Financial Services,GNW
2021Q1,2021,Q1,2021-05-05,2021-03-31,187000000.0,1948000000.0,0.0,0.37,1948000000.0,1.0,98558000000.0,14758000000.0,0.0,0.0,83800000000.0,0.0,1771000000.0,1679920000.0,2637920000.0,29.16600790513834,0.0,0.02964751719799509,0.197994308171839,0.0,29.16600790513834,0.01267109364412522,0.8623819301848049,2.2458823529411767,0.11383114243122373,0.0,0.0,0.0,0.019765011465330058,0.0,0.0018973599301933886,-6.801295546558705,1.0,-0.2884615384615385,2.4725184577522556,0.07406251037964588,0.03341671552891456,-0.1391957578435705,-0.299625468164794,-1.0,0.6485248447204968,-0.09060933105336436,0.11932228832440574,Insurance—Life,Financial Services,GNW
2020Q4,2020,Q4,2021-02-26,2020-12-31,267000000.0,2263000000.0,57000.0,0.52,2263000000.0,1.0,105747000000.0,15318000000.0,0.0,0.0,89927000000.0,0.0,1584000000.0,1911168000.0,2803168000.0,30.296677215189874,0.0,0.03355177924669258,0.2316229272751012,2.35344005088519e-06,30.296677215189874,0.01743047395221308,0.8445285019885108,1.7894831460674157,0.12476615746180962,0.0,0.0,0.0,0.02140013428276925,0.0,0.0025248943232432128,3.7621417322834647,1.0,-0.3658536585365853,1.899915467314028,0.03302088959864739,0.17557911589819725,-0.05274173294265383,-0.361244019138756,-0.09523809523809523,-0.2532004159644279,0.3252398756700753,0.1271501912224464,Insurance—Life,Financial Services,GNW
2020Q3,2020,Q3,2020-11-05,2020-09-30,418000000.0,2389000000.0,63000.0,0.82,2389000000.0,1.0,2989000000.0,14756000000.0,2780000000.0,0.0,89693000000.0,0.0,1317000000.0,1693760000.0,2483760000.0,29.185126582278482,0.0,1.1943793911007026,0.24193548387096775,2.5562672621496153e-06,29.185126582278482,0.028327460016264572,0.7089828380075346,1.0130143540669858,0.11478449444293846,0.0,0.0,0.0,0.7992639678822349,0.0,0.13984610237537637,11.07032679738562,1.0,1.9425287356321839,2.4479603093243,0.11916873869801092,0.06905383032810339,0.11375291375291376,1.9478458049886622,0.0,2.85631950195197,0.06468938409006482,0.11456857274582528,Insurance—Life,Financial Services,GNW
2020Q2,2020,Q2,2020-08-05,2020-06-30,-441000000.0,2145000000.0,0.0,-0.87,2145000000.0,1.0,27714000000.0,14643000000.0,2597000000.0,86177000000.0,88549000000.0,0.0,899000000.0,1167474000.0,65137474000.0,28.973090621290066,0.030135651043781984,0.10164537778739988,0.19237861094038106,0.0,28.973090621290066,-0.03011677934849416,0.5442769230769231,-0.6618333333333334,0.07972915386191355,0.0,0.0,0.0,0.07739770513098074,0.966000208872437,-0.01591253518077506,1.886064620355412,1.0,-5.692307692307692,-1.2488051325477587,-0.021304267182853442,0.052681904677113124,0.16766467065868262,-5.681818181818182,0.0,-3.155522338937495,-0.04730663223154846,0.11058320940418981,Insurance—Life,Financial Services,GNW
2020Q1,2020,Q1,2020-05-06,2020-03-31,-66000000.0,1837000000.0,0.0,-0.13,1837000000.0,1.0,27466000000.0,14449000000.0,2483000000.0,81544000000.0,84010000000.0,0.0,1340000000.0,1674276000.0,61281276000.0,28.65159627206028,0.030449818502894143,0.1038010631326003,0.19731469305834315,0.0,28.65159627206028,-0.004567790158488477,0.9114186173108328,-6.341954545454546,0.11587487023323413,0.0,0.0,0.0,0.0668826913274594,0.966373982144609,-0.002402970945896745,2.462170588235294,1.0,-3.3333333333333335,-1.4223676383105295,-0.22466445952389746,-0.070748933228011,-0.0986261040235525,-2.8823529411764706,0.0,-1.4209936481740897,-0.16341005811559048,0.11502387615120636,Insurance—Life,Financial Services,GNW
2019Q4,2019,Q4,2020-02-27,2019-12-31,-17000000.0,2038000000.0,0.0,-0.03,2038000000.0,1.0,101342000000.0,14185000000.0,75226000000.0,83569000000.0,86710000000.0,0.0,1461000000.0,2215400000.0,63040400000.0,28.17279046673287,0.9001663296198351,0.03540486668903318,0.2529432499118787,0.0,28.17279046673287,-0.0011984490659146987,1.087046123650638,-32.57941176470588,0.15617906238984844,0.0,0.0,0.0,0.020110122160604683,0.9695221912431643,-0.00016774881095695763,4.703609341825902,1.0,-1.7500000000000002,0.977933674802697,-0.17059576364786433,-0.06229142767364359,0.00891089108910891,-1.9444444444444444,0.0,0.8620671691601413,-0.08218521306270125,0.1105123986570439,Insurance—Life,Financial Services,GNW
2019Q3,2019,Q3,2019-10-30,2019-09-30,18000000.0,2020000000.0,0.0,0.04,2020000000.0,1.0,32743000000.0,14387000000.0,1629000000.0,87249000000.0,89508000000.0,0.0,1478000000.0,2215400000.0,66075400000.0,28.573982125124132,0.01867070109686071,0.12268271080841707,0.27921039827622157,0.0,28.573982125124132,0.001251129491902412,1.0967326732673268,30.769444444444446,0.15398623757558907,0.0,0.0,0.0,0.061692575512323246,0.9201366204770255,0.0005497358213969398,2.724969249692497,1.0,-0.8787878787878789,1.021034747290295,-0.17124884543635488,-0.06430336146807492,-0.06307977736549165,-0.8928571428571429,0.0,1.0468792139235874,-0.07016835638899786,-0.04253814182305459,Insurance—Life,Financial Services,GNW
2019Q2,2019,Q2,2019-07-31,2019-06-30,168000000.0,2156000000.0,0.0,0.33,2156000000.0,1.0,40532000000.0,13757000000.0,1938000000.0,86194000000.0,88714000000.0,0.0,1460000000.0,1852512000.0,68687512000.0,27.328168454509335,0.02248416363087918,0.10744596861738873,0.3165661117976303,0.0,27.328168454509335,0.012211964817910882,0.8592356215213358,2.7567142857142857,0.13465959148070075,0.0,0.0,0.0,0.053192539228264085,0.9695222405271828,0.004144873186617981,2.802590015128593,1.0,-0.029411764705882377,-0.05834868349767039,-0.11930582186062302,-0.16387354725467707,-0.021778584392014518,-0.034482758620689655,0.0,-0.032763256368323224,-0.04516372744052415,-0.09977585577394409,Insurance—Life,Financial Services,GNW
2019Q1,2019,Q1,2019-05-01,2019-03-31,174000000.0,2204000000.0,0.0,0.34,2204000000.0,1.0,40828000000.0,13074000000.0,2221000000.0,84768000000.0,87306000000.0,0.0,1292000000.0,1994776000.0,66114776000.0,26.085395051875498,0.026200924877312192,0.10644655628490252,0.3324154811075417,0.0,26.085395051875498,0.01330885727397889,0.905070780399274,2.866057471264368,0.1525757992963133,0.0,0.0,0.0,0.053982560987557555,0.9611291996979993,0.004261781130596649,14.886388059701492,1.0,1.5151515151515151,-0.064536416947153,-0.06104487902591055,-0.1664106434598858,0.09488325881768504,1.5288753799392096,0.0,2.2620578536041798,0.22685051674301,-0.07573626923984357,Insurance—Life,Financial Services,GNW
2018Q4,2018,Q4,2019-02-27,2018-12-31,-329000000.0,2013000000.0,0.0,-0.66,2013000000.0,1.0,41262000000.0,12450000000.0,2177000000.0,84455000000.0,86734000000.0,0.0,1118000000.0,2333728000.0,64808728000.0,24.860223642172524,0.025777041027766266,0.10508458145509185,0.3482730923694779,0.0,24.860223642172524,-0.02642570281124498,1.1593283656234477,-1.7733495440729485,0.18744803212851405,0.0,0.0,0.0,0.04878580776501382,0.9445385116334143,-0.007973438030148805,3.535951515151515,1.0,-3.2758620689655173,-2.562464479909069,-0.17558846144675988,-0.14553236741591413,-0.06066262249183388,-3.2534246575342465,0.0,-0.11951288896669429,-0.07229249527286949,-0.035367491863299405,Insurance—Life,Financial Services,GNW
2018Q3,2018,Q3,2018-10-31,2018-09-30,146000000.0,2143000000.0,0.0,0.29,2143000000.0,1.0,42717000000.0,12798000000.0,2505000000.0,84942000000.0,87500000000.0,0.0,1447000000.0,2072897999.9999998,64135898000.0,25.56021569802277,0.029490711308893126,0.1025587002832596,0.34231911236130647,0.0,25.56021569802277,0.011408032505078918,0.9672879141390572,3.5494828767123283,0.16197046413502109,0.0,0.0,0.0,0.05016738066811808,0.9423253514162605,0.0034178430133202237,5.031305825242718,1.0,-0.23684210526315796,0.3337623623223783,-0.08747348015755936,-0.13539122467657846,-0.007410838351088467,-0.23157894736842105,0.0,1.5106962927957197,0.01375046363662309,-0.06372698371039658,Insurance—Life,Financial Services,GNW
2018Q2,2018,Q2,2018-08-01,2018-06-30,190000000.0,2159000000.0,0.0,0.38,2159000000.0,1.0,42445000000.0,12910000000.0,2243000000.0,85182000000.0,87736000000.0,0.0,1301000000.0,2252700000.0,65184700000.0,25.789053136236515,0.026331854147589866,0.1033101660973024,0.3396591789310612,0.0,25.789053136236515,0.01471727343144849,1.0433997220935618,2.964078947368421,0.1744926413632843,0.0,0.0,0.0,0.05086582636352927,0.944072691413679,0.0044763811991989635,4.983849557522124,1.0,0.7272727272727273,0.3281367323750506,-0.10251047540926427,-0.1337518675594597,0.020803782505910164,0.6964285714285714,0.0,1.9781629919743975,-0.005471042537550068,-0.06300401534229055,Insurance—Life,Financial Services,GNW
2018Q1,2018,Q1,2018-05-02,2018-03-31,112000000.0,2115000000.0,0.0,0.22,2115000000.0,1.0,42693000000.0,13018000000.0,2843000000.0,85759000000.0,88911000000.0,0.0,1111000000.0,1413868000.0,65445868000.0,26.056845476381106,0.03315103954103942,0.11702152577705947,0.38377630972499616,0.0,26.056845476381106,0.00860347211553234,0.6684955082742317,3.155955357142857,0.10860869565217392,0.0,0.0,0.0,0.049539737193450915,0.9585466248440397,0.0026233808821118218,12.971266055045872,1.0,-0.6857142857142857,0.07192550156630162,-0.09468391039362098,-0.20891404283579734,0.25444839857651247,-0.6827195467422096,0.0,-0.2765121187859378,-0.09893225072563405,-0.15490392836325964,Insurance—Life,Financial Services,GNW
2017Q4,2017,Q4,2018-02-28,2017-12-31,353000000.0,1686000000.0,0.0,0.7,1686000000.0,1.0,42772000000.0,13418000000.0,2875000000.0,87305000000.0,89969000000.0,0.0,1113000000.0,1552512000.0,3251512000.0,26.87900641025641,0.032930530897428555,0.1069391190498457,0.3408853778506484,0.0,26.87900641025641,0.026307944552094203,0.9208256227758007,1.0995127478753541,0.11570368162170219,0.0,0.0,0.0,0.03941831104460862,0.9597273924746578,0.008253062751332647,2.496,1.0,2.3333333333333335,1.0954092813561938,-0.34541176047160094,-0.20047268227579815,-0.23882618510158013,2.2990654205607477,0.0,1.4621475940452093,-0.30793874159050516,-0.1053539848573103,Insurance—Life,Financial Services,GNW
2017Q3,2017,Q3,2017-11-03,2017-09-30,107000000.0,2215000000.0,0.0,0.21,2215000000.0,1.0,42077000000.0,13069000000.0,2836000000.0,86967000000.0,89542000000.0,0.0,760000000.0,1921535000.0,66995535000.0,26.185133239831696,0.032610070486506375,0.10915702165078309,0.35144234447930217,0.0,26.185133239831696,0.00818731348993802,0.867510158013544,4.489567757009346,0.1470299946438136,0.0,0.0,0.0,0.05264158566437721,0.9625030183862845,0.0025429569598593056,3.0793830128205126,1.0,-0.47500000000000003,2.100398364114229,-0.13952725315662828,-0.2162153762692369,-0.003598740440845704,-0.47029702970297027,0.0,1.1261422218761543,-0.08323418092666636,-0.14252969555552786,Insurance—Life,Financial Services,GNW
2017Q2,2017,Q2,2017-08-09,2017-06-30,202000000.0,2223000000.0,0.0,0.4,2223000000.0,1.0,43072000000.0,13018000000.0,2853000000.0,87420000000.0,90020000000.0,0.0,653000000.0,1881230000.0,66405230000.0,26.08817635270541,0.03263555250514756,0.106287147102526,0.35166692272238437,0.0,26.08817635270541,0.015516976494085113,0.8462573099415205,2.3282549504950496,0.14450990935627592,0.0,0.0,0.0,0.051611255572065376,0.9524250743536948,0.004689821693907875,2.8809035222052066,1.0,0.29032258064516137,1.617946419154098,-0.1321489590357885,-0.18933181530285706,0.023952095808383235,0.3032258064516129,0.0,0.14220714155583894,-0.08393034516237434,-0.20181206476782038,Insurance—Life,Financial Services,GNW
2017Q1,2017,Q1,2017-05-03,2017-03-31,155000000.0,2171000000.0,0.0,0.31,2171000000.0,1.0,44089000000.0,12812000000.0,3018000000.0,87302000000.0,89970000000.0,0.0,451000000.0,2054232000.0,64914232000.0,25.695948656237466,0.034569654761632033,0.10369933543514255,0.3568529503590384,0.0,25.695948656237466,0.012098033093974399,0.9462146476278213,3.3132774193548387,0.16033655947549172,0.0,0.0,0.0,0.04924130735557622,0.9393255595519003,0.003515616140080292,3.1362320610687022,1.0,2.24,2.2489267822242707,-0.11839283547105851,-0.14358461256996582,-0.012283894449499545,2.2704918032786887,0.0,-0.16233933274036863,-0.07028067909699268,-0.17885585924830577,Insurance—Life,Financial Services,GNW
2016Q4,2016,Q4,2017-02-27,2016-12-31,-122000000.0,2198000000.0,0.0,-0.25,2198000000.0,1.0,44086000000.0,12644000000.0,2784000000.0,87450000000.0,90191000000.0,0.0,287000000.0,1898904000.0,64882904000.0,25.369181380417334,0.03183533447684391,0.10352492854874563,0.3609617209743752,0.0,25.369181380417334,-0.009648845302119582,0.8639235668789809,-3.8911967213114753,0.15018222081619742,0.0,0.0,0.0,0.04985709749126707,0.9347398513436249,-0.002767318423082158,35.16488888888889,1.0,0.6710526315789473,-2.1237155158188448,-0.166828003457217,-0.24663914551351218,0.022325581395348838,0.6789473684210526,0.0,-1.582184143104087,-0.09548814914193092,-0.12803904475144476,Insurance—Life,Financial Services,GNW
2016Q3,2016,Q3,2016-11-08,2016-09-30,-380000000.0,2150000000.0,0.0,-0.76,2150000000.0,1.0,45072000000.0,14871000000.0,3078000000.0,89399000000.0,92103000000.0,0.0,409000000.0,2471568000.0,68345568000.0,29.843467790487658,0.03442991532343762,0.10165956691515797,0.308116468293995,0.0,29.843467790487658,-0.025553089906529488,1.149566511627907,-1.6260315789473685,0.1662005245107928,0.0,0.0,0.0,0.04770145544905928,0.9506817749639258,-0.00843095491657792,3.3764590163934427,1.0,-3.235294117647059,-13.906225995972513,-0.1600000095525103,-0.10018589559089927,-0.038461538461538464,-3.2093023255813953,0.0,-4.488156026787373,-0.08008333209909821,0.00949555522465784,Insurance—Life,Financial Services,GNW
2016Q2,2016,Q2,2016-08-03,2016-06-30,172000000.0,2236000000.0,0.0,0.34,2236000000.0,1.0,45378000000.0,15133000000.0,3457000000.0,88487000000.0,91197000000.0,0.0,789000000.0,1286130000.0,65724130000.0,30.35707121364092,0.03906788567812221,0.10106218872581427,0.3030463226062248,0.0,30.35707121364092,0.011365889116500364,0.5751923076923077,1.869375,0.08498843586863147,0.0,0.0,0.0,0.04927497906474503,0.9530213477685988,0.003790383004980387,1.5878148148148148,1.0,2.0909090909090913,2.763273152791708,-0.17116199823576195,0.03195531717102523,0.2526610644257703,2.2452830188679247,0.0,0.20737816285736627,-0.06658617776568855,0.01968676811290292,Insurance—Life,Financial Services,GNW
2016Q1,2016,Q1,2016-04-29,2016-03-31,53000000.0,1785000000.0,0.0,0.11,1785000000.0,1.0,46883000000.0,14055000000.0,4043000000.0,88403000000.0,91200000000.0,0.0,617000000.0,1359540000.0,62752540000.0,28.22289156626506,0.04573374206757689,0.10056950280485463,0.3354678050515831,0.0,28.22289156626506,0.0037709000355745288,0.7616470588235295,6.412924528301886,0.09672998932764142,0.0,0.0,0.0,0.03807350212230446,0.9315407848149949,0.0011304737324829895,5.310703125,1.0,1.1864406779661016,-0.3639117445391321,-0.31593312502345827,-0.017401494876287147,-0.17207792207792208,1.1815068493150684,0.0,-0.49111981908215385,-0.2334840883289998,-0.14315287286490308,Insurance—Life,Financial Services,GNW
2015Q4,2015,Q4,2016-02-26,2015-12-31,-292000000.0,2156000000.0,0.0,-0.59,2156000000.0,1.0,48234000000.0,12824000000.0,5965000000.0,86938000000.0,91794000000.0,0.0,564000000.0,1856048000.0,2560048000.0,25.771704180064308,0.06861211438036302,0.13826346560517477,0.52004054897068,0.0,25.771704180064308,-0.022769806612601372,0.8608756957328386,-1.5890821917808218,0.14473237679351217,0.0,0.0,0.0,0.044698760210639794,0.9399457084358969,-0.006053820956171995,4.2864849884526555,1.0,-0.03508771929824565,-0.7863284136526133,-0.18043071428305507,-0.08875894822527108,0.02666666666666667,-0.028169014084507043,0.0,-2.7388864138224926,-0.16024308326935413,-0.2334098514740502,Insurance—Life,Financial Services,GNW
2015Q3,2015,Q3,2015-10-30,2015-09-30,-284000000.0,2100000000.0,0.0,-0.57,2100000000.0,1.0,47371000000.0,13579000000.0,3666000000.0,87903000000.0,92806000000.0,0.0,856000000.0,2297988000.0,66495988000.0,27.299959790912748,0.041705061260707825,0.14228114247113213,0.496354665291995,0.0,27.299959790912748,-0.02091464761764489,1.09428,-2.0228767605633804,0.16923101848442448,0.0,0.0,0.0,0.04433091976103523,0.9335972606168162,-0.005995229148635241,3.551758887171561,1.0,-0.46153846153846134,-4.370781073631075,-0.22431288368809155,6.396567227771835,-0.02642559109874826,-0.47150259067357514,0.0,-9.25721989640247,-0.1814136982339713,-0.1828459104406283,Insurance—Life,Financial Services,GNW
2015Q2,2015,Q2,2015-08-05,2015-06-30,-193000000.0,2157000000.0,0.0,-0.39,2157000000.0,1.0,48596000000.0,13690000000.0,4100000000.0,88701000000.0,93437000000.0,0.0,1140000000.0,3765318000.0,67305318000.0,27.52312022517089,0.046222703238971374,0.13937361099678985,0.49474068663257853,0.0,27.52312022517089,-0.014097881665449234,1.7456272600834493,-4.8773549222797925,0.2750414901387874,0.0,0.0,0.0,0.04438636924849782,0.9274303559148149,-0.003971520289735781,-33.3213982300885,1.0,-2.258064516129032,-5.518558408486032,-0.11991425954381883,-0.033697645385752505,-0.07623126338329765,-2.2532467532467533,0.0,-3.509351258121178,-0.1552063596337101,-0.14474213879550532,Insurance—Life,Financial Services,GNW
2015Q1,2015,Q1,2015-04-29,2015-03-31,154000000.0,2335000000.0,0.0,0.31,2335000000.0,1.0,49389000000.0,15324000000.0,5158000000.0,90218000000.0,95250000000.0,0.0,1333000000.0,3633070000.0,68512070000.0,30.832997987927566,0.05717262630517192,0.13745975824576323,0.4430305403288958,0.0,30.832997987927566,0.010049595405899243,1.5559186295503211,5.89784090909091,0.23708365961889843,0.0,0.0,0.0,0.04727773390836016,0.9504200935511761,0.0031181032213650813,5.8222275641025645,1.0,1.2026143790849673,-0.14910587118214907,-0.05143541962223569,0.16912337417570353,-0.036716171617161716,1.2026315789473685,0.0,2.2383578064129455,-0.048742579135157206,0.02762712794612708,Insurance—Life,Financial Services,GNW
2014Q4,2014,Q4,2015-03-02,2014-12-31,-760000000.0,2424000000.0,0.0,-1.53,2424000000.0,1.0,48911000000.0,14923000000.0,4918000000.0,89581000000.0,94561000000.0,0.0,1179000000.0,4221950000.0,68886950000.0,30.044292329373867,0.05490003460555252,0.14013207662897917,0.4592910272733365,0.0,30.044292329373867,-0.050928097567513236,1.7417285478547855,-1.3887993421052631,0.2829156335857401,0.0,0.0,0.0,0.04955940381509272,0.9487837822752593,-0.01553842693872544,3.252657935285054,1.0,0.09999999999999996,-19.697805516408295,-0.0307003876949099,0.19628951536314318,0.008319467554076539,0.0995260663507109,0.0,-8.02415380765388,-0.07801582753867842,-0.1078074849048761,Insurance—Life,Financial Services,GNW
2014Q3,2014,Q3,2014-11-10,2014-09-30,-844000000.0,2404000000.0,0.0,-1.7,2404000000.0,1.0,48197000000.0,15165000000.0,3477000000.0,88452000000.0,93393000000.0,0.0,1939000000.0,6505460000.0,72555460000.0,30.53765606121627,0.03930945597612264,0.14310019295806792,0.45479723046488624,0.0,30.53765606121627,-0.055654467523903725,2.706098169717138,-1.9269727488151658,0.42897856907352455,0.0,0.0,0.0,0.049878623150818514,0.9438000271333604,-0.01751146336908936,11.575551601423488,1.0,-5.857142857142857,-41.1542700892384,-0.09113835225497413,0.10399885688008248,-0.004554865424430642,-5.795454545454546,0.0,-29.763536878359048,-0.05754753106526994,-0.07925533881036091,Insurance—Life,Financial Services,GNW
2014Q2,2014,Q2,2014-07-30,2014-06-30,176000000.0,2415000000.0,0.0,0.35,2415000000.0,1.0,49284000000.0,16231000000.0,4138000000.0,88465000000.0,93380000000.0,0.0,2783000000.0,8640840000.0,74130840000.0,32.68425291985501,0.04677556095631041,0.14097881665449233,0.4280697430842216,0.0,32.68425291985501,0.010843447723492083,3.5779875776397514,12.273920454545452,0.5323664592446553,0.0,0.0,0.0,0.04900170440710981,0.950590629062341,0.0035711387062738412,16.71342359767892,1.0,-0.054054054054054106,4.070608135320177,-0.15155802104329583,0.420142263277953,0.040051679586563305,-0.043478260869565216,0.0,2.8111827090884685,-0.10138546636904966,0.11106530504994937,Insurance—Life,Financial Services,GNW
2014Q1,2014,Q1,2014-04-30,2014-03-31,184000000.0,2322000000.0,0.0,0.37,2322000000.0,1.0,49521000000.0,15515000000.0,4360000000.0,86831000000.0,93031000000.0,0.0,2607000000.0,8790534000.0,72442534000.0,31.292860024203307,0.05021248171735901,0.14981522990246562,0.47818240412504026,0.0,31.292860024203307,0.011859490815339994,3.7857596899224806,11.943660326086956,0.5665829197550758,0.0,0.0,0.0,0.04688919852183922,0.9465167969964644,0.003715595403970033,144.10711475409835,1.0,-0.09756097560975606,1.342789022673184,0.1700247476728394,0.6473528937276549,-0.03731343283582089,-0.11538461538461539,0.0,1.2181052548726374,-0.10618965666740815,0.08948147317340636,Insurance—Life,Financial Services,GNW
2013Q4,2013,Q4,2014-03-03,2013-12-31,208000000.0,2412000000.0,0.0,0.41,2412000000.0,1.0,49416000000.0,14393000000.0,4214000000.0,86211000000.0,92425000000.0,0.0,2423000000.0,7682691000.0,10909691000.0,29.09440064685668,0.04888007330851051,0.15057875991581673,0.5169874244424373,0.0,29.09440064685668,0.014451469464322934,3.185195273631841,9.23400360576923,0.5337796845688877,0.0,0.0,0.0,0.04881010199125789,0.9326304067926366,0.004209163024121742,25.106833333333334,1.0,0.8636363636363635,1.567420262256555,-0.19659735916577253,0.4120204302283569,0.041001294777729826,0.9259259259259259,0.0,2.2799124131947717,-0.07774146594581838,0.02872561554176893,Insurance—Life,Financial Services,GNW
2013Q3,2013,Q3,2013-11-01,2013-09-30,108000000.0,2317000000.0,0.0,0.22,2317000000.0,1.0,49048000000.0,14604000000.0,3554000000.0,86407000000.0,92289000000.0,0.0,2215000000.0,6323200000.0,69357200000.0,29.562753036437247,0.04113092689249714,0.14522508563040287,0.48774308408655165,0.0,29.562753036437247,0.007395234182415777,2.729046180405697,14.637037037037038,0.43297726650232815,0.0,0.0,0.0,0.047239438916979286,0.9286631870103117,0.002201924645245474,14.14586129753915,1.0,-0.21428571428571436,1.3671688164956217,-0.06259234429388813,0.22018869219739565,-0.022775200337410376,-0.23404255319148937,0.0,0.29066874786595776,-0.1382681415835166,7.0096414773771825,Insurance—Life,Financial Services,GNW
2013Q2,2013,Q2,2013-08-01,2013-06-30,141000000.0,2371000000.0,0.0,0.28,2371000000.0,1.0,49568000000.0,14689000000.0,3613000000.0,85796000000.0,91674000000.0,0.0,2107000000.0,5881328000.0,67778328000.0,29.770976895014186,0.0421115203505991,0.14305600387346676,0.4827421880318606,0.0,29.770976895014186,0.009599019674586425,2.480526360185576,10.427886524822695,0.40038995166451086,0.0,0.0,0.0,0.04783327953518399,0.9239125367149984,0.002844577146546159,10.03639590443686,1.0,0.33333333333333354,2.1349613057496573,-0.13249733851307646,0.043973746282028395,0.029526704298740773,0.36893203883495146,0.0,2.3278852278649604,-0.024756579378922075,0.045221793076695056,Insurance—Life,Financial Services,GNW
2013Q1,2013,Q1,2013-05-02,2013-03-31,103000000.0,2303000000.0,0.0,0.21,2303000000.0,1.0,50993000000.0,16222000000.0,3797000000.0,88696000000.0,94566000000.0,0.0,1966000000.0,4860975000.0,69792975000.0,32.938071065989845,0.042809145846486873,0.14035259741533151,0.4411909752188386,0.0,32.938071065989845,0.006349402046603378,2.1107142857142858,11.798483009708736,0.2996532486746394,0.0,0.0,0.0,0.045163061596689744,0.9310453684495354,0.0020198850822661933,81.01625,1.0,-0.3823529411764707,-0.21826010852441796,-0.26350336780733896,0.1223534470894457,-0.09259259259259259,-0.3795180722891566,0.0,-0.4256955455426909,-0.05588671040409955,0.24894338197624982,Insurance—Life,Financial Services,GNW
2012Q4,2012,Q4,2013-02-28,2012-12-31,166000000.0,2538000000.0,0.0,0.34,2538000000.0,1.0,51151000000.0,16537000000.0,3653000000.0,89641000000.0,95487000000.0,0.0,1907000000.0,3694169000.0,69898169000.0,33.61862167107136,0.04075144186254058,0.14032961232429472,0.43405696317348974,0.0,33.61862167107136,0.010038096389913527,1.4555433412135539,5.563507530120481,0.22338809941343651,0.0,0.0,0.0,0.049617798283513516,0.9321850492520164,0.003245293347148638,6.904988785046729,1.0,3.857142857142857,-0.17794564072810992,-0.1938031790684768,0.0815428369622007,0.0007886435331230284,3.8823529411764706,0.0,3.1238463102256553,0.024788819840373975,0.3386104816568654,Insurance—Life,Financial Services,GNW
2012Q3,2012,Q3,2012-11-02,2012-09-30,34000000.0,2536000000.0,0.0,0.07,2536000000.0,1.0,52173000000.0,16427000000.0,3741000000.0,90448000000.0,96740000000.0,0.0,1741000000.0,2522421000.0,6339421000.0,33.40858246898515,0.041360781885724396,0.144864201790198,0.46009618311316736,0.0,33.40858246898515,0.0020697631947403663,0.9946455047318612,18.547213235294116,0.15355335727765265,0.0,0.0,0.0,0.04860751729821938,0.041360781885724396,0.0006516780710329097,12.185608695652174,1.0,-0.5625,-0.9100261989137679,-0.20868709269526312,0.10659500841551034,0.005152596115735236,-0.5526315789473685,0.0,0.6337090438114812,-0.03167962497832061,0.2077887307986981,Insurance—Life,Financial Services,GNW
2012Q2,2012,Q2,2012-08-03,2012-06-30,76000000.0,2523000000.0,0.0,0.16,2523000000.0,1.0,52745000000.0,15817000000.0,3874000000.0,88928000000.0,95570000000.0,0.0,1707000000.0,2781890000.0,6745890000.0,32.18107833163784,0.0435633321338611,0.14860176320030336,0.4955427704368717,0.0,32.18107833163784,0.0048049566921666564,1.1026119698771304,9.150953947368421,0.1758797496364671,0.0,0.0,0.0,0.047833917906910606,0.0435633321338611,0.0014408948715518058,5.893834745762712,1.0,0.7777777777777779,-0.8207286401812341,-0.1842470644721569,0.09057271470936822,0.03998351195383347,0.6170212765957447,0.0,2.3397029501525943,-0.10441779277110809,0.398279150778888,Insurance—Life,Financial Services,GNW
2012Q1,2012,Q1,2012-05-04,2012-03-31,47000000.0,2426000000.0,0.0,0.09,2426000000.0,1.0,39896000000.0,14738000000.0,4187000000.0,88212000000.0,95100000000.0,0.0,1631000000.0,4086784000.0,7979784000.0,30.004071661237784,0.04746519747880107,0.20252656907960698,0.5482426380784367,0.0,30.004071661237784,0.0031890351472384313,1.6845770816158285,21.738212765957446,0.2772956981951418,0.0,0.0,0.0,0.06080810106276319,0.04746519747880107,0.0011780629637056347,-16.217396825396825,1.0,-0.5868411214953272,-0.8697633912414043,-0.19628562327968554,-0.005726209602805579,-0.06692307692307692,-0.5607476635514018,0.0,1.0883802254432815,0.23387678505009984,0.5795070900046431,Insurance—Life,Financial Services,GNW
2011Q4,2011,Q4,2012-02-27,2011-12-31,107000000.0,2600000000.0,0.0,0.21783387622149838,2600000000.0,1.0,41707000000.0,16541000000.0,4488000000.0,88741000000.0,96637000000.0,0.0,3095000000.0,3217360000.0,7107360000.0,33.674674267100976,0.050574142729966985,0.2008775505310859,0.5064990024786893,0.0,33.674674267100976,0.006468774560183786,1.2374461538461539,7.517196261682242,0.194508191765915,0.29906542056074764,0.0,0.009946042718253474,0.062339655213753085,0.050574142729966985,0.002565516579950608,2.943604757548033,1.0,2.709936257441312,-0.7424537817327592,-0.17980204229720664,0.11406836847648383,0.03133677112257041,2.689655172413793,0.0,1.2939739413680782,-0.1278064881433968,0.634311997816283,Insurance—Life,Financial Services,GNW
2011Q3,2011,Q3,2011-11-07,2011-09-30,29000000.0,2521000000.0,0.0,0.058716339339947354,2521000000.0,1.0,40731000000.0,16278000000.0,3648000000.0,89206000000.0,96518000000.0,0.0,2988000000.0,2817192000.0,7571192000.0,33.16625916870416,0.040894110261641595,0.20628022881834476,0.5161567760167096,0.0,33.16625916870416,0.0017815456444280624,1.1174898849662833,24.28613793103448,0.17306745300405454,0.3793103448275862,0.0,0.0039045972017526668,0.06189388917532101,0.040894110261641595,0.0007119884117748153,2.3673882352941176,1.0,1.2935816966997367,-0.9117967979239051,-0.16870575508035437,0.1308774822118827,-0.05047080979284369,1.3020833333333333,0.0,1.0992344408432997,0.026591591557724954,0.36892170868732255,Insurance—Life,Financial Services,GNW
2011Q2,2011,Q2,2011-08-02,2011-06-30,-96000000.0,2655000000.0,0.0,-0.2,2655000000.0,1.0,42948000000.0,14432000000.0,2831000000.0,88719000000.0,96789000000.0,0.0,2959000000.0,5043368000.0,10793368000.0,29.417040358744394,0.031909737485769675,0.19979975784669834,0.5945814855875832,0.0,29.417040358744394,-0.0066518847006651885,1.8995736346516008,-13.133770833333331,0.34945731707317074,0.0,0.0,0.0,0.06181894383906119,0.031909737485769675,-0.0022352612461581448,9.967130434782609,1.0,-2.176470588235294,-1.281357662863088,-0.10433136428915911,0.09813980307253843,0.03387850467289719,-2.1707317073170733,0.0,0.22285013295833217,-0.023043135892221605,0.0315623144026284,Insurance—Life,Financial Services,GNW
2011Q1,2011,Q1,2011-05-04,2011-03-31,82000000.0,2568000000.0,0.0,0.17,2568000000.0,1.0,44100000000.0,14077000000.0,3742000000.0,89596000000.0,97711000000.0,0.0,3055000000.0,6596746000.0,12121746000.0,28.722709651091613,0.041765257377561496,0.21013605442176872,0.6583078780990268,0.0,28.722709651091613,0.005825104780848192,2.568826323987539,20.11203048780488,0.4686187397883072,0.0,0.0,0.0,0.0582312925170068,0.041765257377561496,0.0018594104308390022,19.63317261904762,1.0,1.517496894409938,-0.7660626512736616,-0.06782405922989482,0.0749723839605533,-0.00887688151292937,1.5093167701863355,0.0,-0.3745963174299404,-0.17473509079483177,-0.02128354383392354,Insurance—Life,Financial Services,GNW
2010Q4,2010,Q4,2011-02-25,2010-12-31,-161000000.0,2591000000.0,0.0,-0.3285043868598245,2591000000.0,1.0,43225000000.0,13861000000.0,3132000000.0,89651000000.0,97424000000.0,0.0,2973000000.0,6439914000.0,12190914000.0,28.28198326872067,0.03493547199696601,0.20550607287449393,0.640862852608037,0.0,28.28198326872067,-0.011615323569728013,2.485493631802393,-9.999866459627329,0.4646067383305678,-0.06832298136645963,0.0,0.0017080973441570802,0.05994216310005784,0.03493547199696601,-0.0037246963562753035,17.88865,1.0,-5.022781828043063,-1.4997118848975182,-0.07010253105653899,-0.007686988242482947,-0.028496437945256844,-2.9397590361445785,0.0,-1.8002219221484264,-0.17394493861337354,-0.09014186486739265,Insurance—Life,Financial Services,GNW
2010Q3,2010,Q3,2010-10-29,2010-09-30,83000000.0,2667000000.0,0.0,0.081661,2667000000.0,1.0,3185822000.0,1808539000.0,3598000000.0,91386000000.0,1377283000.0,0.0,793446000.0,5987800000.0,14880092000.0,3.690895918367347,0.03937145733482152,0.0,0.0,0.0,3.690895918367347,0.045893397930594805,2.2451443569553806,18.0355421686747,3.3108492545640433,0.13253012048192772,0.0,0.001837068706369618,0.8371465825774321,0.001889775239095704,0.026052930766376776,14.290692124105012,1.0,0.020762499999999948,-0.7394034538589377,-0.021802399151989484,-0.8692047919705655,0.10663900414937759,0.9761904761904762,0.0,-0.7795960508097044,-0.16492372670807456,-0.8777461748447971,Insurance—Life,Financial Services,GNW
2010Q2,2010,Q2,2010-07-30,2010-06-30,42000000.0,2410000000.0,0.0,0.08,2410000000.0,1.0,42445000000.0,13931000000.0,4586000000.0,88128000000.0,95305000000.0,0.0,3221000000.0,6392537000.0,7392537000.0,28.482927826620323,0.05203794480755265,0.1316056072564495,0.4009762400401981,0.0,28.482927826620323,0.0030148589476706625,2.652504979253112,38.05081547619048,0.45887136601823275,0.2619047619047619,0.0,0.0017207565634739385,0.05677936152668159,0.05203794480755265,0.0009895158440334552,14.970812646370023,1.0,-0.7777777777777777,-0.8592262133456726,-0.11794859183064368,-0.014689957485898098,-0.004543577034283354,-0.7640449438202247,0.0,-0.9004428466695331,-0.21695937070080745,-0.03475254611931435,Insurance—Life,Financial Services,GNW
2010Q1,2010,Q1,2010-04-30,2010-03-31,178000000.0,2421000000.0,0.0,0.36,2421000000.0,1.0,42446000000.0,12891000000.0,3466000000.0,88576000000.0,95068000000.0,0.0,3179000000.0,8964592000.0,10617592000.0,26.372749590834697,0.03913023843930636,0.12060029213589031,0.3970987510666356,0.0,26.372749590834697,0.013808083158792957,3.7028467575382074,12.590719101123597,0.69541478550927,0.056179775280898875,0.0,0.001115499734957263,0.05703717664797625,0.03913023843930636,0.004193563586674834,68.9584,1.0,3.3991999999999996,-0.4482467885352391,-0.07451655047166054,0.02769210116644786,-0.016253555465258026,3.45,0.0,-0.5043416984906347,-0.19400399200391347,-0.1260608228465508,Insurance—Life,Financial Services,GNW
2009Q4,2009,Q4,2010-02-26,2009-12-31,40000000.0,2461000000.0,0.0,0.08183306055646482,2461000000.0,1.0,7260000000.0,12276000000.0,5002000000.0,88827000000.0,94837000000.0,0.0,3105000000.0,5547880000.0,5116880000.0,25.114566284779052,0.056311707026016865,0.6296143250688705,0.3723525578364288,0.0,25.114566284779052,0.0032583903551645487,2.2543193823648924,34.674249999999994,0.45192896709025737,0.25,0.0,0.0018024903206269784,0.3389807162534435,0.056311707026016865,0.005509641873278237,72.05038961038962,1.0,1.0458265139116203,-0.8846109410328941,-0.07026423121835251,-0.04765551374446866,0.029276453366792136,1.105263157894737,0.0,-0.9032483117817668,-0.21983922650218016,-0.16912800213146578,Insurance—Life,Financial Services,GNW
2009Q3,2009,Q3,2009-11-02,2009-09-30,19000000.0,2391000000.0,0.0,0.04,2391000000.0,1.0,9429000000.0,12417000000.0,7144000000.0,89515000000.0,95387000000.0,0.0,3065000000.0,5364355000.0,2607355000.0,27.660948986411228,0.07980785343238564,0.4652667303001379,0.35330595151808003,0.0,27.660948986411228,0.0015301602641539824,2.243561271434546,70.58361842105263,0.43201699283240713,0.0,0.0,0.0,0.2535793827553293,0.07980785343238564,0.002015059921518719,11.060525773195875,1.0,1.34656,-0.9230442090341375,0.06252612976840376,0.11843951769789249,-0.03705195328231978,1.38,0.0,-0.9368177767877032,-0.13798176490384317,-0.056838331201937424,Insurance—Life,Financial Services,GNW
2009Q2,2009,Q2,2009-07-31,2009-06-30,-50000000.0,2483000000.0,0.0,-0.11542012927054478,2483000000.0,1.0,7778000000.0,9970000000.0,5374000000.0,87929000000.0,94856000000.0,0.0,3046000000.0,3028068000.0,2068068000.0,23.01477377654663,0.061117492522376006,0.5674980714836719,0.442728184553661,0.0,23.01477377654663,-0.0050150451354062184,1.2195199355618205,-15.140340000000002,0.3037179538615848,0.0,0.0,0.0,0.31923373617896633,0.061590976810836015,-0.006428387760349704,5.167351535836177,1.0,0.8931295099346808,-1.2098547803744435,-0.042532708457379276,0.012410542510243216,0.43194925028835063,0.8933901918976546,0.0,-1.1659573972287518,-0.05136606470501063,-0.1408571754832143,Insurance—Life,Financial Services,GNW
2009Q1,2009,Q1,2009-05-08,2009-03-31,-469000000.0,1734000000.0,0.0,-1.08,1734000000.0,1.0,9520000000.0,8229000000.0,7064000000.0,88342000000.0,95916000000.0,0.0,2741000000.0,823080000.0,-1179920000.0,18.99584487534626,0.07996196599578909,0.5316176470588235,0.6150200510390084,0.0,18.99584487534626,-0.05699355936322761,0.4746712802768166,-0.4387420042643923,0.10002187386073641,0.0,0.0,0.0,0.18214285714285713,0.07996196599578909,-0.04926470588235294,1.0511877394636016,1.0,-0.4574953271028038,-3.0382795297961507,-0.3514213983188778,0.0,-0.3404336249524534,-0.46105919003115264,0.0,-2.5137522738456606,-0.28788814140614705,-0.2890639880760775,Insurance—Life,Financial Services,GNW
2008Q4,2008,Q4,2009-03-02,2008-12-31,-321000000.0,2629000000.0,0.0,-0.7409972299168975,2629000000.0,1.0,9791000000.0,8926000000.0,7328000000.0,90747000000.0,98463000000.0,0.0,3210000000.0,1225956000.0,-708044000.0,20.604801477377656,0.08075198078173383,0.5509141047901134,0.6043020389872283,0.0,20.604801477377656,-0.03596235715886175,0.46632027386839103,-0.9547943925233645,0.13734662782881468,-0.14018691588785046,0.0,0.03670604817791177,0.2685118986824635,0.08075198078173383,-0.03278521090797672,0.5448693333333333,1.0,-0.2487813781700274,-2.7195509148427033,-0.017774592495136778,-0.3554013284763374,0.21263837638376384,-0.2441860465116279,0.0,-2.1271847113068114,0.06746708678724267,-0.27705166867502895,Insurance—Life,Financial Services,GNW
2008Q3,2008,Q3,2008-11-10,2008-09-30,-258000000.0,2168000000.0,0.0,-0.593376264949402,2168000000.0,1.0,7742000000.0,10498000000.0,5102000000.0,91078000000.0,99063000000.0,0.0,3532000000.0,3730712999.9999995,3236712999.9999995,24.228017539810754,0.05601791870704231,0.595195040041333,0.43894075061916554,0.0,24.228017539810754,-0.024576109735187656,1.7208085793357932,-3.6150319767441856,0.35537369022670984,-0.16279069767441862,0.0,0.011257901639713375,0.28003099974166884,0.05601791870704231,-0.03332472229398088,3.476899347623485,1.0,-1.373505059797608,-2.7012297639436027,-0.15187253407590398,0.0,-0.09591326105087573,-1.3669724770642202,0.0,-1.9160467959023657,-0.10077111985783245,-0.1414256418094586,Insurance—Life,Financial Services,GNW
2008Q2,2008,Q2,2008-08-04,2008-06-30,-109000000.0,2398000000.0,0.0,-0.25,2398000000.0,1.0,8470000000.0,12345000000.0,5861000000.0,93884000000.0,101870000000.0,0.0,3833000000.0,7709948999.999999,6579948999.999999,28.51697851697852,0.062428102765114395,0.5585596221959859,0.38323207776427703,0.0,28.51697851697852,-0.008829485621709194,3.2151580483736444,-17.683369266055045,0.624540218712029,-0.4036697247706422,0.0,0.005706911939365617,0.2831168831168831,0.062428102765114395,-0.012868949232585596,7.748692462311557,1.0,-1.9259259259259258,-1.3402570970886356,-0.048610742497977213,0.0,-0.1289502361060661,-1.9396551724137931,0.0,-1.412770904791431,-0.00840092986886099,-0.01351204181063131,Insurance—Life,Financial Services,GNW
2008Q1,2008,Q1,2008-04-29,2008-03-31,116000000.0,2753000000.0,0.0,0.27,2753000000.0,1.0,6336000000.0,12725000000.0,3768000000.0,93448000000.0,100869000000.0,0.0,3986000000.0,9816704000.0,10214704000.0,29.347324723247233,0.040321890249122506,0.6575126262626263,0.3273870333988212,0.0,29.347324723247233,0.009115913555992141,3.5658205593897567,21.156689655172414,0.7714502161100196,0.3793103448275862,0.0,0.004482156128981785,0.43450126262626265,0.2168692748908484,0.018308080808080808,8.725959111111111,1.0,-0.3422921348314606,-0.49632770366165196,0.028771462615321278,0.0,-0.007927927927927928,-0.34831460674157305,0.0,-0.5946550373587587,0.18637504342612368,0.14360520902718008,Insurance—Life,Financial Services,GNW
2007Q4,2007,Q4,2008-02-28,2007-12-31,178000000.0,2775000000.0,0.0,0.41051660516605165,2775000000.0,1.0,5605000000.0,13478000000.0,3091000000.0,93479000000.0,100837000000.0,0.0,3913000000.0,11035120000.0,12047120000.0,31.083948339483396,0.03306625017383583,0.7320249776984835,0.30442202107137556,0.0,31.083948339483396,0.013206707226591483,3.97661981981982,15.49876404494382,0.8187505564623831,0.24719101123595505,0.0,0.003987269735172794,0.4950936663693131,0.20939462339134993,0.03175735950044603,10.787018572825025,1.0,-0.459846572149932,-0.04735918641615997,0.03581629708149977,-0.027572683612616177,-0.034782608695652174,-0.4749262536873156,0.0,-0.42114929542691387,0.18182408627242017,0.17870348531958427,Insurance—Life,Financial Services,GNW
2007Q3,2007,Q3,2007-10-26,2007-09-30,339000000.0,2875000000.0,0.0,0.76,2875000000.0,1.0,5596000000.0,13317000000.0,3146000000.0,93097000000.0,100441000000.0,0.0,3779000000.0,13987281000.0,14956281000.0,30.19043300838812,0.03379271082849072,0.7353466761972838,0.3090035293234212,0.0,30.19043300838812,0.025456183825185854,4.8651412173913045,10.315103982300885,1.0503327325974319,0.11799410029498525,0.0,0.0028597409317793784,0.5137598284488921,0.21181133656293974,0.06057898498927806,11.408875203915171,1.0,-0.09523809523809519,1.1958091770835653,0.10481949801111394,0.0,0.039783001808318265,-0.10554089709762533,0.0,0.3973331142706801,0.30020083199711434,0.22071637345414932,Insurance—Life,Financial Services,GNW
2007Q2,2007,Q2,2007-08-02,2007-06-30,379000000.0,2765000000.0,0.0,0.84,2765000000.0,1.0,5402000000.0,12966000000.0,2956000000.0,91560000000.0,98970000000.0,0.0,3484000000.0,15115360000.0,16113360000.0,29.50842057350933,0.032284840541721274,0.7319511292114032,0.3049514113836187,0.0,29.50842057350933,0.029230294616689804,5.466676311030741,9.970554089709761,1.1657689341354311,0.10290237467018469,0.0,0.002580156873537911,0.5118474639022584,0.21422018348623853,0.0701592002961866,10.226901217861975,1.0,0.18309859154929578,0.16559436111680767,0.08076614868739242,0.0,0.02029520295202952,0.1697530864197531,0.0,0.5682542300983704,0.05116467617043783,0.29806342532425695,Insurance—Life,Financial Services,GNW
2007Q1,2007,Q1,2007-05-01,2007-03-31,324000000.0,2710000000.0,0.0,0.71,2710000000.0,1.0,4656000000.0,13308000000.0,2250000000.0,91453000000.0,98250000000.0,0.0,3145000000.0,15408539999.999998,17340540000.0,30.17687074829932,0.024602801438990518,0.8981958762886598,0.31424706943192066,0.0,30.17687074829932,0.024346257889990983,5.68580811808118,11.889305555555554,1.1578403967538322,0.12345679012345678,0.0,0.002595963017910847,0.5820446735395189,0.20771325161558396,0.06958762886597938,14.481710526315787,1.0,-0.16056300268096516,0.38320251177394055,-0.004290450594890992,0.0,-0.04778636683063949,-0.13136729222520108,0.0,0.38320251177394055,-0.004290450594890992,0.0,Insurance—Life,Financial Services,GNW
