Quarters,Year,Quarter,FillingDate,Date,NetIncome,Revenue,OperatingIncome,EPSDiluted,GrossProfit,GrossProfitRatio,TotalAssets,CommonStockEquity,CurrentAssets,CurrentLiability,TotalLiability,Inventory,RetainedEarnings,MarketCap,EnterpriseValue,bookValuePerShare,currentRatio,debtToAssets,debtToEquity,roic,shareholdersEquityPerShare,roe,priceToSalesRatio,peRatio,pbRatio,payoutRatio,inventoryTurnover,dividendYield,assetTurnover,quickRatio,returnOnAssets,priceToFreeCashFlowsRatio,grossProfitMargin,epsdilutedGrowth,fiveYNetIncomeGrowthPerShare,fiveYRevenueGrowthPerShare,fiveYShareholdersEquityGrowthPerShare,grossProfitGrowth,netIncomeGrowth,operatingIncomeGrowth,threeYNetIncomeGrowthPerShare,threeYRevenueGrowthPerShare,threeYShareholdersEquityGrowthPerShare,Industry,Sector,Symbol
2023Q1,2023,Q1,2023-05-10,2023-03-31,2494000.0,150914000.0,1380000.0,0.18,144546000.0,0.9578037823,1777278000.0,628238000.0,190361000.0,0.0,15042000.0,0.0,232506000.0,384831105.79999995,364136105.79999995,45.954964225763476,0.0,0.008463504302647081,0.023943155301016494,0.001704603558938957,45.954964225763476,0.003969833088733887,2.5500026889486724,38.57569224137931,0.6125562379225707,1.615477145148356,0.0,0.010469527902700011,0.08491299616604718,0.0,0.0014032694941365392,121.74346909205946,0.9578037822866003,1.1046511627906976,-0.5502355053228024,0.29681601854387674,-0.08220788970785362,0.10160501166034112,0.06626763574176998,7.865671641791045,1.0583156713577466,0.8164399658942258,-0.029346778947177188,Insurance—Property & Casualty,Financial Services,GBLI
2022Q4,2022,Q4,2023-03-15,2022-12-31,2339000.0,155635000.0,-201000.0,-1.72,131214000.0,0.8430879943,1800353000.0,626229000.0,1541508000.0,47099000.0,1174124000.0,0.0,233468000.0,337579242.84,314434242.84,43.24139679677705,32.72910252871611,0.008721067479544289,0.025072297833540126,-0.0004059613107651488,43.24139679677705,0.0037350553870868324,2.169044513380666,36.08157790081231,0.5390667676520889,3.041898247114151,0.0,0.021076532846458943,0.08644693568427969,32.72910252871611,0.00129918965891689,-2.6069706994308484,0.8430879943457449,-2.075,1.1210720657343498,0.4883122166141291,0.03770588392502775,-0.2731291443005999,-0.9014991998652404,-1.0058997915994012,-0.9208783311154016,-0.1311665197121293,-0.1538641579235215,Insurance—Property & Casualty,Financial Services,GBLI
2022Q3,2022,Q3,2022-11-09,2022-09-30,23746000.0,194583000.0,34069000.0,1.6,180519000.0,0.9277223601,1879137000.0,643594000.0,1516907000.0,16734000.0,1235543000.0,0.0,234693000.0,321996819.79,319839819.79,44.11260828372047,90.6482012668818,0.01781030334669585,0.052001727797338075,0.03739264929535226,44.11260828372047,0.03689593128587277,1.6548044782432176,3.390011157563379,0.5003104749112017,0.009096268845279205,0.0,0.0006708140786634817,0.10354912920133018,93.77435161945739,0.01263665182474721,13.825539707599829,0.9277223601239574,2.9047619047619047,4.163101941786931,0.9262029158893341,-0.07143369949717637,0.24610159663691525,2.9524749218878474,3.752383260623687,2.4394373719955955,0.3317794491646671,-0.11429806801725542,Insurance—Property & Casualty,Financial Services,GBLI
2022Q2,2022,Q2,2022-08-09,2022-06-30,-12162000.0,147860000.0,-12378000.0,-0.84,144867000.0,0.9797578791,1861779000.0,641280000.0,1443994000.0,0.0,1220499000.0,0.0,214757000.0,376233463.58000004,334303463.58000004,44.09473161196471,0.0,0.009620905596206639,0.027931636726546905,-0.01738591173361821,44.09473161196471,-0.018965194610778443,2.5445249802515897,-7.73379097969084,0.5866914040356787,-0.3051307350764677,0.0,0.009863556432988356,0.07941866354706976,0.0,-0.0065324616938959995,13.191454141860385,0.9797578790748005,0.17647058823529416,-2.436953216841028,0.5060109028854503,-0.07642081897208125,0.11046636413810021,0.17674135246733907,0.20608043101789494,-1.8091177736300388,-0.01300682987821762,-0.09926400497191791,Insurance—Property & Casualty,Financial Services,GBLI
2022Q1,2022,Q1,2022-05-10,2022-03-31,-14773000.0,130456000.0,-15591000.0,-1.02,130456000.0,1.0,1959496000.0,669655000.0,1528208000.0,0.0,1289841000.0,0.0,230771000.0,378696350.0,365854350.0,46.135377196004136,0.0,0.07402617816009831,0.21661004547117546,-0.015198654518629583,46.135377196004136,-0.02206061330087881,2.9028664837186486,-6.408589149123401,0.5655096280920773,-0.254789142354295,0.0,0.009939361707605579,0.06657630329431649,0.0,-0.00753918354515651,-37.636290001987675,1.0,-1.586206896551724,-2.43492934746849,0.2559666272803234,-0.019978871131111103,-0.31031493024165624,-1.5868123138033763,-1.4821561108362198,-1.7349787412036808,-0.09255238128366428,-0.021949766223210217,Insurance—Property & Casualty,Financial Services,GBLI
2021Q4,2021,Q4,2022-03-16,2021-12-31,25175000.0,189153000.0,32336000.0,1.74,189153000.0,1.0,2012809000.0,706621000.0,1508452000.0,0.0,1306188000.0,0.0,249301000.0,363013756.41999996,430244756.41999996,48.9165642236848,0.0,0.0722915090304147,0.205922269505152,0.03141689444390604,48.9165642236848,0.03562730233038645,1.919154104983796,3.604903241509434,0.5137319106281868,0.14693147964250247,0.0,0.0101896964910617,0.09397463942182294,0.0,0.012507396379885027,14.670186155586986,1.0,4.222222222222222,-0.21593050315865794,0.5083549878485103,0.05833010392579804,0.13273408867703068,4.263969920912745,0.0,1.335165150454191,0.6301475077678969,0.09645098557610018,Insurance—Property & Casualty,Financial Services,GBLI
2021Q3,2021,Q3,2021-11-09,2021-09-30,-7713000.0,166988000.0,0.0,-0.54,166988000.0,1.0,1950621000.0,695186000.0,0.0,0.0,1255435000.0,0.0,227853000.0,393638076.5,501154076.5,48.12496460819384,0.0,0.07592146295974461,0.2130278803082916,0.0,48.12496460819384,-0.011094872451401495,2.3572836161879898,-12.758916002204073,0.5662341826503986,-0.4839880720860884,0.0,0.009483330558851566,0.08560760906398526,0.0,-0.003954125378533298,21.202093962081225,1.0,-2.255813953488372,-1.966235637971092,0.44405574065303083,0.06127693479900935,0.015772985796405,-2.2098823529411766,0.0,-3.019488991537888,0.18106843695974667,-0.03382380337740214,Insurance—Property & Casualty,Financial Services,GBLI
2021Q2,2021,Q2,2021-08-06,2021-06-30,6375000.0,164395000.0,0.0,0.43,164395000.0,1.0,1937317000.0,709565000.0,0.0,0.0,1227752000.0,0.0,239272000.0,388415419.7,487235419.7,49.232795043950205,0.0,0.07635559900625452,0.20847279671347937,0.0,49.232795043950205,0.008984377752566714,2.3626960655737705,15.231977243137255,0.5473993498833792,0.5796078431372549,0.0,0.009513010587617514,0.08485704714303338,0.0,0.003290633386275968,10.754663298814929,1.0,0.16216216216216217,2.476767320372859,0.6166309012450856,0.1014921981053568,0.042242537975807064,0.15551930396954866,0.0,-0.1333066749896218,0.2555348195262271,-0.012283945634364931,Insurance—Property & Casualty,Financial Services,GBLI
2021Q1,2021,Q1,2021-05-10,2021-03-31,5517000.0,157732000.0,0.0,0.37,157732000.0,1.0,1897646000.0,696457000.0,0.0,0.0,1201189000.0,0.0,236688000.0,426223200.0,505082200.0,48.43233657858136,0.0,0.06656879101792432,0.18138090363080564,0.0,48.43233657858136,0.007921522793223414,2.702198666091852,19.314083741163675,0.6119878183434153,0.6786296900489397,0.0,0.008784130005124076,0.08311982319146985,0.0,0.0029072861850945857,37.480056278578964,1.0,3.4438603022670025,-0.07254414757338405,0.5132956621426144,0.08888138877581613,-0.003418144598257441,3.632241813602015,0.0,-0.0541449506089139,0.2885507546425745,-0.032730910713765965,Insurance—Property & Casualty,Financial Services,GBLI
2020Q4,2020,Q4,2021-03-12,2020-12-31,1191000.0,158273000.0,0.0,0.08326094315144138,158273000.0,1.0,1904908000.0,718324000.0,0.0,0.0,1186584000.0,0.0,234965000.0,408963539.34,467892539.34,50.216904893632226,0.0,0.06629611508797276,0.1758092448532974,0.0,50.216904893632226,0.0016580261831708255,2.58391222343672,85.84457164987406,0.5693301899143005,3.1083123425692696,0.0,0.009052151705197046,0.0830869522307639,0.0,0.0006252270450856419,-323.035971042654,1.0,1.0785480595768313,-0.9368925718385922,0.678374093216072,0.3857885268329394,-0.010255576469705402,1.0785102175346077,0.0,1.0624149343391098,0.5323452865148515,0.20510394068744944,Insurance—Property & Casualty,Financial Services,GBLI
2020Q3,2020,Q3,2020-11-09,2020-09-30,-15170000.0,159913000.0,0.0,-1.06,159913000.0,1.0,1939757000.0,720713000.0,0.0,0.0,1219044000.0,0.0,237556000.0,297389016.53999996,386431016.53999996,50.38391613896287,0.0,0.0650870186317152,0.17517791409340472,0.0,50.38391613896287,-0.021048600483132677,1.8596925612051551,-4.90093962656559,0.41263168076613016,-0.23487145682267632,0.0,0.011980940121642867,0.08243970765410306,0.0,-0.00782056721537801,-16.09770577784995,1.0,-1.4061302681992338,-6.20898294373533,1.2946063136768078,0.39194893910738987,-0.10543686822069691,-1.4039839152086495,0.0,-1.0610433193895543,0.6145805845469404,0.06057674742545094,Insurance—Property & Casualty,Financial Services,GBLI
2020Q2,2020,Q2,2020-08-10,2020-06-30,37551000.0,178761000.0,0.0,2.61,178761000.0,1.0,2113148000.0,735194000.0,0.0,0.0,1377954000.0,0.0,256442000.0,341755470.0,563092470.0,51.500402787993416,0.0,0.1408940594790332,0.4049679404347696,0.0,51.500402787993416,0.051076314550989266,1.9118010639904677,2.275275425421427,0.46485073327584286,0.09493755159649543,0.0,0.010431435084272389,0.0845946426847528,0.0,0.01777017038087252,10.806155378486055,1.0,1.8338658146964857,5.02303898614306,1.196374185268183,0.4077162033689725,1.0642147806004618,1.8423661896002512,0.0,3.519899729394832,0.8548972321741537,0.07869348765095208,Insurance—Property & Casualty,Financial Services,GBLI
2020Q1,2020,Q1,2020-05-08,2020-03-31,-44578000.0,86600000.0,0.0,-3.13,86600000.0,1.0,2028504000.0,674636000.0,0.0,0.0,1353868000.0,0.0,222549000.0,363363550.5,598396550.5,47.34436895590605,0.0,0.1453208867224319,0.4369526678090111,0.0,47.34436895590605,-0.06607711417712663,4.195883954965358,-2.037796393400332,0.5386068198258024,-0.07974785768764861,0.0,0.009783590002652179,0.04269155988846953,0.0,-0.02197580088577592,17.48284981235566,1.0,-2.5495049504950495,-12.718428955722954,0.1614979820171523,0.30006581541211186,-0.507711198149085,-2.535530984120423,0.0,-5.410605961524218,-0.1507260682755572,0.005702884201646388,Insurance—Property & Casualty,Financial Services,GBLI
2019Q4,2019,Q4,2020-03-06,2019-12-31,29031000.0,175913000.0,0.0,2.02,175913000.0,1.0,2075885000.0,726809000.0,0.0,0.0,1349076000.0,0.0,270768000.0,421397860.0,673766860.0,51.10455632119252,0.0,0.1428980892486819,0.40814024042079833,0.0,51.10455632119252,0.03994309371513011,2.395490157066277,3.628861045089731,0.5797917472128166,0.2442905859253901,0.0,0.016829701033602783,0.08474120676241699,0.0,0.013984878738465763,-31.090295115832966,1.0,3.297872340425532,3.639544409824869,3.5077048268408992,0.41488541964463793,0.23678585992097528,3.319446510935873,0.0,-0.08163146590874494,0.42481403753384483,0.10566821813503298,Insurance—Property & Casualty,Financial Services,GBLI
2019Q3,2019,Q3,2019-11-08,2019-09-30,6721000.0,142234000.0,0.0,0.47,142234000.0,1.0,2084156000.0,707384000.0,0.0,0.0,1376772000.0,0.0,245346000.0,354648910.0,573791910.0,49.80525241146237,0.0,0.14265918674033998,0.4203148502086561,0.0,49.80525241146237,0.009501204437759406,2.4934186622045362,13.19182078559738,0.5013527447609785,0.00074393691414968,0.0,1.4098450210942423e-05,0.06824537126779377,0.0,0.003224806588374383,7.228144502190971,1.0,-0.5392156862745099,0.21868149729027156,2.319414301141323,0.3940668137773188,-0.026721135357433676,-0.5416354088522131,0.0,-0.14366415565948562,0.25098650612171886,0.09833152182990275,Insurance—Property & Casualty,Financial Services,GBLI
2019Q2,2019,Q2,2019-08-09,2019-06-30,14663000.0,146139000.0,0.0,1.02,146139000.0,1.0,2015472000.0,694512000.0,0.0,0.0,1320960000.0,0.0,242234000.0,424475040.0,660366040.0,48.95411292027913,0.0,0.14493180753689458,0.42059172483700785,0.0,48.95411292027913,0.02111266615983597,2.904597951265576,7.237179294823706,0.6111846015619601,0.24074200368273888,0.0,0.008316154466938739,0.0725085736740575,0.0,0.007275218906539014,21.16554674644727,1.0,-0.25547445255474455,-0.21791796821941814,1.2759529826915117,0.3716483613495472,0.04246501077140371,-0.2518877551020408,0.0,4.450657405839891,0.45994174561125045,0.09525720403887952,Insurance—Property & Casualty,Financial Services,GBLI
2019Q1,2019,Q1,2019-05-10,2019-03-31,19600000.0,140186000.0,0.0,1.37,140186000.0,1.0,1984908000.0,667655000.0,0.0,0.0,1317253000.0,0.0,231176000.0,431697000.0,688404000.0,47.170764448212516,0.0,0.14841040491549232,0.4412173952115988,0.0,47.170764448212516,0.02935647901985307,3.0794587191302982,5.506339285714286,0.6465869348690567,0.18341836734693878,0.0,0.008327600145472402,0.0706259433686599,0.0,0.009874513075668999,-18.615653298835706,1.0,1.2634756823110602,2.943048320452805,2.3096136557692737,0.34544705924771096,0.23772525405920839,1.2673322694600162,0.0,2.3475419508216637,0.36643291800809974,0.06051805736544599,Insurance—Property & Casualty,Financial Services,GBLI
2018Q4,2018,Q4,2019-03-14,2018-12-31,-73317000.0,113261000.0,0.0,-5.199720854627388,113261000.0,1.0,1960266000.0,629059000.0,0.0,0.0,1331207000.0,0.0,215132000.0,510849521.4,699917521.4,44.613543940573805,0.0,0.14720706271495806,0.4587248572868364,0.0,44.613543940573805,-0.11655027588827122,4.510374457227113,-1.7419204325054216,0.8120852279356944,-0.04796977508626921,0.0,0.006884610541205061,0.05777838313779864,0.0,-0.03740155672750535,-134.36336701735928,1.0,-20.99892636395149,-4.8703703356574515,0.99524747327294,0.28198547046166084,-0.17931569184395107,-20.666577253218883,0.0,-4.941115700502263,0.21845109701088047,0.23115786337608632,Insurance—Property & Casualty,Financial Services,GBLI
2018Q3,2018,Q3,2018-11-09,2018-09-30,3728000.0,138008000.0,0.0,0.26,138008000.0,1.0,1958046000.0,702326000.0,0.0,0.0,1255720000.0,0.0,292001000.0,526218717.6,767658717.6,49.80971874117919,0.0,0.14406505260856997,0.40164538974778097,0.0,49.80971874117919,0.005308076306444586,3.8129580719958267,35.28827237124464,0.749251369876667,0.941255364806867,0.0,0.006668329883824717,0.07048251164681524,0.0,0.0019039389268689295,-40.20312610589045,1.0,-0.48,-0.04554908065281059,2.28293372744954,0.48923935838381355,0.07797695762546378,-0.48164627363737483,0.0,2.7972566509863075,1.0089746382093483,0.37608567320962183,Insurance—Property & Casualty,Financial Services,GBLI
2018Q2,2018,Q2,2018-08-09,2018-06-30,7192000.0,128025000.0,0.0,0.5,128025000.0,1.0,1981819000.0,702417000.0,0.0,0.0,1279402000.0,0.0,291827000.0,549306160.0,789492160.0,49.845089412432586,0.0,0.14497994014589627,0.40905046432532244,0.0,49.845089412432586,0.010238932144296052,4.290616363991408,19.094346496106784,0.7820228724532577,0.48692992213570635,0.0,0.006375315361473464,0.06459974397258277,0.0,0.0036289893274814703,30.97649354311171,1.0,0.24999999999999994,0.4755921318002867,2.1833959401371135,0.5154068690836049,0.07004948012436896,0.2615330643746711,0.0,0.16859100725437534,0.5934815285777253,0.36246973277294786,Insurance—Property & Casualty,Financial Services,GBLI
2018Q1,2018,Q1,2018-05-10,2018-03-31,5701000.0,119644000.0,0.0,0.4,119644000.0,1.0,1963714000.0,703752000.0,0.0,0.0,1259962000.0,0.0,288187000.0,485179359.44000006,698224359.44,50.07121297995834,0.0,0.14593112846371722,0.4071988427741591,0.0,50.07121297995834,0.008100865077470473,4.055191730801378,21.27606382389055,0.6894180896679513,0.6137519733380109,0.0,0.0072117659828698985,0.06092740592571016,0.0,0.0029031722542080976,11.76848568753487,1.0,1.300751879699248,-0.17809845344665232,1.9688033580979956,0.5157823630490936,-0.03888821946419247,1.2478911209670407,0.0,0.5193908365343647,0.6269010597281307,0.37494434432297086,Insurance—Property & Casualty,Financial Services,GBLI
2017Q4,2017,Q4,2018-03-09,2017-12-31,-22998000.0,124485000.0,0.0,-1.33,124485000.0,1.0,2001669000.0,718394000.0,0.0,0.0,1283275000.0,0.0,275838000.0,724424800.0,944723800.0,41.67018561484919,0.0,0.14723363353281688,0.41023867125839025,0.0,41.67018561484919,-0.0320130736058486,5.81937422179379,-7.874867379772154,1.0083948362597683,0.0,0.0,0.0,0.062190601942678836,0.0,-0.011489412085614555,-72.13231106243154,1.0,-1.607843137254902,-8.652012090615491,1.5371637640512998,0.29734691185382384,0.03664934545817927,-1.5770954728821156,0.0,-4.031983425268382,1.6314672614355208,0.15368456952802792,Insurance—Property & Casualty,Financial Services,GBLI
2017Q3,2017,Q3,2017-11-09,2017-09-30,-8924000.0,120084000.0,0.0,-0.51,120084000.0,1.0,2130690000.0,823913000.0,0.0,0.0,1306777000.0,0.0,381731000.0,735355580.8,974203580.8,47.506148198392786,0.0,0.14029962124945441,0.3628235019959632,0.0,47.506148198392786,-0.010831240677110327,6.123676599713534,-20.600503720304797,0.8925160554573116,0.0,0.0,0.0,0.05635920758064289,0.0,-0.004188314583538666,-87.19976055970591,1.0,-1.8947368421052635,-2.318013409179366,1.3946826602054787,0.4940494645734816,0.026069570121247852,-1.8845277034393895,0.0,-2.3251481499745026,1.2950477922427222,0.32971406522828645,Insurance—Property & Casualty,Financial Services,GBLI
2017Q2,2017,Q2,2017-08-09,2017-06-30,10089000.0,117033000.0,0.0,0.57,117033000.0,1.0,2104354000.0,827674000.0,0.0,0.0,1276680000.0,0.0,390655000.0,672113385.7800001,871887385.7800001,47.74331483185715,0.0,0.1407738431841791,0.35791628104785217,0.0,47.74331483185715,0.012189581888521326,5.74293904949886,16.654608627713355,0.8120508627551428,0.0,0.0,0.0,0.055614692204828654,0.0,0.004794345438077434,66.41436618379447,1.0,-0.18571428571428572,0.6864071432575245,1.6524757799177316,0.6709190541752772,-0.05552282649923737,-0.17855398143624818,0.0,-0.5596262530094822,0.49158949987076056,0.3377229337432143,Insurance—Property & Casualty,Financial Services,GBLI
2017Q1,2017,Q1,2017-05-10,2017-03-31,12282000.0,123913000.0,0.0,0.7,123913000.0,1.0,2072385000.0,815167000.0,0.0,0.0,1257218000.0,0.0,380566000.0,666493417.35,835404417.35,47.0759005464017,0.0,0.14304967465022184,0.36367271982305466,0.0,47.0759005464017,0.015066851332303687,5.378720693954629,13.566467540913532,0.8176157981738712,0.0,0.0,0.0,0.05979246134284894,0.0,0.00592650496891263,-43.57875097096901,1.0,-0.6788990825688074,0.868682182683434,1.6493296603630303,0.567608096460678,-0.17320780399274047,-0.6799312016261434,0.0,1.0196511390504752,1.3912267774998586,0.3427412655381294,Insurance—Property & Casualty,Financial Services,GBLI
2016Q4,2016,Q4,2017-03-10,2016-12-31,38373000.0,149872000.0,0.0,2.18,149872000.0,1.0,1972946000.0,797951000.0,0.0,0.0,1174995000.0,0.0,368284000.0,659657440.0,747690440.0,46.220516682113065,0.0,0.08269004828312584,0.20445240371902534,0.0,46.220516682113065,0.04808941902447644,4.401472189601794,4.297666588486696,0.8266891576049157,0.0,0.0,0.0,0.0759635590634513,0.0,0.019449594667061337,-43.83105913621262,1.0,3.037037037037037,3.8564753014815945,2.3521685882333943,0.6660306667529396,0.08502258774470056,3.024436287362349,0.0,0.6544620867027063,1.1563542548929084,0.3281623827649154,Insurance—Property & Casualty,Financial Services,GBLI
2016Q3,2016,Q3,2016-11-04,2016-09-30,9535000.0,138128000.0,0.0,0.54,138128000.0,1.0,1981815000.0,782443000.0,0.0,0.0,1199372000.0,0.0,329911000.0,512468837.09999996,621851837.0999999,45.34628335940234,0.0,0.08737546138262149,0.2213094116759943,0.0,45.34628335940234,0.012186191198592102,3.710101044683192,13.436519063974828,0.6549599614285002,0.0,0.0,0.0,0.06969772657891882,0.0,0.004811246256588027,-38.35270446789403,1.0,2.8000000000000003,1.4895241235977907,1.6563952164817726,0.5677902288666934,0.13527685770409884,2.846079380445305,0.0,0.9948582404104337,1.6850552211840792,0.35578902354685754,Insurance—Property & Casualty,Financial Services,GBLI
2016Q2,2016,Q2,2016-08-05,2016-06-30,-5165000.0,121669000.0,0.0,-0.3,121669000.0,1.0,2006094000.0,770749000.0,0.0,0.0,1235345000.0,0.0,320376000.0,474729384.75,578293384.75,44.696453709462524,0.0,0.08684089579052627,0.2260281881650187,0.0,44.696453709462524,-0.0067012736961059955,3.9018105248666464,-22.97818900048403,0.6159325341323829,0.0,0.0,0.0,0.060649700362993955,0.0,-0.0025746550261353655,33.237372033186304,1.0,-1.7317073170731707,-3.0450667748635665,1.1280651348950859,0.4369293194508829,-0.025439545035844446,-1.7249122807017543,0.0,-1.8660036238791131,1.4723419823920834,0.3588763461642529,Insurance—Property & Casualty,Financial Services,GBLI
2016Q1,2016,Q1,2016-05-10,2016-03-31,7125000.0,124845000.0,0.0,0.41,124845000.0,1.0,1966649000.0,766106000.0,0.0,0.0,1200543000.0,0.0,325541000.0,536183120.0,655616120.0,44.478982814677195,0.0,0.08478228702732414,0.21764220616990337,0.0,44.478982814677195,0.009300279595773953,4.294790500220273,18.813442807017545,0.699881113057462,0.0,0.0,0.0,0.06348107872833433,0.0,0.0036229139007519897,-52.22393298918866,1.0,-0.6846153846153847,-0.09071287274329864,0.9257620171343063,0.4317057233565446,-0.08492204850803703,-0.739049223556988,0.0,-0.16179328010511665,1.527895838970605,0.3464914002350482,Insurance—Property & Casualty,Financial Services,GBLI
2015Q4,2015,Q4,2016-03-14,2015-12-31,27304000.0,136431000.0,0.0,1.3,136431000.0,1.0,1957294000.0,749926000.0,0.0,0.0,1207368000.0,0.0,318416000.0,600568900.0,705565900.0,36.237062092292824,0.0,0.08789379623091881,0.22940130092835825,0.0,36.237062092292824,0.036408925680667156,4.401997346644091,5.498909500439496,0.8008375493048647,0.0,0.0,0.0,0.0697038871012735,0.0,0.013949871608455348,121.18016545601292,1.0,9.666666666666666,0.8382620121791315,1.2134818502215217,0.1812949631956967,0.09971787844591327,8.288841430859584,0.0,6.568044620298885,1.3164150058527957,0.1281936930786936,Insurance—Property & Casualty,Financial Services,GBLI
2015Q3,2015,Q3,2015-11-09,2015-09-30,-3746000.0,124060000.0,0.0,-0.15,124060000.0,1.0,2318619000.0,921712000.0,0.0,0.0,1396907000.0,0.0,480882000.0,666392880.0,811850880.0,36.196669808356894,0.0,0.12599914000532214,0.31695800857534673,0.0,36.196669808356894,-0.004064176228583332,5.371536998226665,-44.47363053924186,0.7229946881455379,0.0,0.0,0.0,0.05350598783154973,0.0,-0.0016156168822907084,-32.629529452088335,1.0,-1.3488372093023255,-1.225359864626727,0.7116714974314896,0.2026000724181664,-0.14516251283358714,-1.33696141045246,0.0,-1.3768191370484004,0.6849984706629558,0.13837086771746165,Insurance—Property & Casualty,Financial Services,GBLI
2015Q2,2015,Q2,2015-08-04,2015-06-30,11117000.0,145127000.0,0.0,0.43,145127000.0,1.0,2260458000.0,931255000.0,0.0,0.0,1329203000.0,0.0,484628000.0,714776400.0,835897400.0,36.58436456491848,0.0,0.08290664989130521,0.20124133561698998,0.0,36.58436456491848,0.011937654026018651,4.925178636642389,16.0739498066025,0.7675410064912404,0.0,0.0,0.0,0.06420247578145667,0.0,0.004918029885978859,53.02102217936355,1.0,0.6538461538461537,-0.73090047886783,-0.08957580289975331,-0.3665348248006601,0.08986933012916792,0.6362967324109509,0.0,0.2655390755390585,1.2400873291895964,0.28037845825543534,Insurance—Property & Casualty,Financial Services,GBLI
2015Q1,2015,Q1,2015-05-11,2015-03-31,6794000.0,133160000.0,0.0,0.26,133160000.0,1.0,2273900000.0,926784000.0,0.0,0.0,1347116000.0,0.0,473511000.0,706217575.5,846320575.5,36.416901663473254,0.0,0.09114077136197722,0.22361736931151163,0.0,36.416901663473254,0.007330726469166494,5.303526400570742,25.986810991315863,0.7620088127330641,0.0,0.0,0.0,0.05856018294560007,0.0,0.0029878182857645454,123.12021888075314,1.0,-0.40909090909090906,-0.5736667424407768,0.5861686786949734,0.29229025557293886,0.9297711693694477,-0.3859363702096891,0.0,-0.29666162535273394,0.9371592993929685,0.21266782436595472,Insurance—Property & Casualty,Financial Services,GBLI
2014Q4,2014,Q4,2015-03-16,2014-12-31,11064000.0,69003000.0,0.0,0.44,69003000.0,1.0,1930033000.0,908290000.0,0.0,0.0,1021743000.0,0.0,466717000.0,713420390.0,829270390.0,36.11921899232513,0.0,0.09050259762397846,0.19230972486760836,0.0,36.11921899232513,0.012181131576919265,10.338976421315015,16.120308884671005,0.7854544143390326,0.0,0.0,0.0,0.03575223843322886,0.0,0.005732544469446895,-144.38785468528638,1.0,0.12820512820512817,-0.46247123088727543,-0.20556430634064102,0.3087082518289483,-0.09013831933437941,0.13349042106341563,0.0,1.5654212576852027,0.059567350607167266,0.30192673773520057,Insurance—Property & Casualty,Financial Services,GBLI
2014Q3,2014,Q3,2014-11-07,2014-09-30,9761000.0,75839000.0,0.0,0.39,75839000.0,1.0,1879815000.0,898095000.0,0.0,0.0,981720000.0,0.0,455653000.0,634231740.0,629889740.0,35.726589227464395,0.0,0.033127727994510095,0.06934010321847911,0.0,35.726589227464395,0.010868560675652353,8.36287055472778,16.244025714578424,0.7061967163830107,0.0,0.0,0.0,0.04034386362487798,0.0,0.005192532243864423,99.05227861939716,1.0,-0.7022900763358778,-0.5720531920889408,-0.04039492553267435,0.3168711289519647,-0.333166270992702,-0.7060648036617683,0.0,1.3439758908609392,0.0011147356936987143,0.23520150609959434,Insurance—Property & Casualty,Financial Services,GBLI
2014Q2,2014,Q2,2014-08-08,2014-06-30,33208000.0,113730000.0,0.0,1.31,113730000.0,1.0,1977687000.0,896828000.0,0.0,0.0,1080859000.0,0.0,445892000.0,653083997.1999999,677290997.1999999,35.6899875359555,0.0,0.07208420746053344,0.1589602465578684,0.0,35.6899875359555,0.03702828190020829,5.742407431636331,4.91661645687786,0.7282154406419068,0.0,0.0,0.0,0.057506572071313614,0.0,0.016791332501047942,-236.11135112075198,1.0,2.7428571428571433,1.065244881756318,0.188960665723619,0.18810467807370712,0.5127089900642432,2.76379916128301,0.0,8.023126124063552,0.3650770255100138,0.1473838581156582,Insurance—Property & Casualty,Financial Services,GBLI
2014Q1,2014,Q1,2014-05-09,2014-03-31,8823000.0,75183000.0,0.0,0.35,75183000.0,1.0,1924089000.0,880801000.0,0.0,0.0,1043288000.0,0.0,412684000.0,661739820.0,662516820.0,35.05954702861919,0.0,0.051972647834897454,0.11353302278267169,0.0,35.05954702861919,0.010017018600115123,8.801721399784526,18.750419925195512,0.7512932206026106,0.0,0.0,0.0,0.03907459582171095,0.0,0.004585546718473002,-61.85640493550196,1.0,-0.7388059701492538,-0.22734198798136945,-0.48897978255447067,-0.13661280450846935,-0.25579806978470676,-0.7382908670245899,0.0,-0.22803968999183427,-0.2049148673667905,0.12850948836443898,Insurance—Property & Casualty,Financial Services,GBLI
2013Q4,2013,Q4,2014-03-14,2013-12-31,33713000.0,101025000.0,0.0,1.34,101025000.0,1.0,1911779000.0,873280000.0,0.0,0.0,1038499000.0,0.0,403861000.0,634878200.0,629386200.0,34.80035068143779,0.0,0.0523073012100248,0.11451080982044705,0.0,34.80035068143779,0.038605029314767315,6.284367235832715,4.707962803666241,0.7270041681934776,0.0,0.0,0.0,0.052843451047427555,0.0,0.01763436045693566,-159.8384189325277,1.0,3.7857142857142856,1.1754147299594584,-0.08799966998532668,-0.13413896310517914,0.3509808903569184,3.852187679907887,0.0,0.8718630646504785,0.35172174115924687,0.13445948992012446,Insurance—Property & Casualty,Financial Services,GBLI
2013Q3,2013,Q3,2013-11-06,2013-09-30,6948000.0,74779000.0,0.0,0.28,74779000.0,1.0,1918430000.0,838903000.0,0.0,0.0,1079527000.0,0.0,370148000.0,638587720.0,608262720.0,33.446415756319276,0.0,0.04463441459943808,0.10207139562023261,0.0,33.446415756319276,0.008282244788730044,8.53966648390591,22.9773934945308,0.7612175901147092,0.0,0.0,0.0,0.03897926950683632,0.0,0.003621711503677486,111.17474233983287,1.0,-0.1764705882352941,1.2222607306957558,-0.4525070463326032,-0.2840764692250465,0.0460210661780134,-0.19806094182825484,0.0,-0.5756413374898475,0.04744868851103984,0.11122548631231453,Insurance—Property & Casualty,Financial Services,GBLI
2013Q2,2013,Q2,2013-08-09,2013-06-30,8664000.0,71489000.0,0.0,0.34,71489000.0,1.0,1914822000.0,823950000.0,0.0,0.0,1090872000.0,0.0,363200000.0,600949500.0,574438500.0,32.89221556886228,0.0,0.04435346993088653,0.10307542933430426,0.0,32.89221556886228,0.010515201165119243,8.406181370560505,17.340417243767313,0.7293519024212634,0.0,0.0,0.0,0.03733454075626873,0.0,0.004524702557208973,161.11246648793565,1.0,-0.3061224489795918,1.6511142203654223,-0.5818603407054801,-0.28524231147062773,-0.004899709079773389,-0.2993125758188435,0.0,-0.7868873968121199,-0.5442778188669287,-0.4304650813040512,Insurance—Property & Casualty,Financial Services,GBLI
2013Q1,2013,Q1,2013-05-10,2013-03-31,12365000.0,71841000.0,0.0,0.49,71841000.0,1.0,1917681000.0,827648000.0,0.0,0.0,1090033000.0,0.0,354536000.0,571504550.0,587112550.0,33.033246856914786,0.0,0.044287344975519914,0.10261487975564491,0.0,33.033246856914786,0.014939926152180637,7.955130774905695,11.554883744439952,0.6905164393558614,0.0,0.0,0.0,0.03746243509739107,0.0,0.0064478920112364885,-54.831099491509164,1.0,1.8823529411764701,0.15090074610051438,-0.6166418408720299,-0.3195429597953042,0.005176924906605477,1.8243490178163544,0.0,-0.21186807889370013,-0.13078126335397336,0.17221787338222935,Insurance—Property & Casualty,Financial Services,GBLI
2012Q4,2012,Q4,2013-03-15,2012-12-31,4378000.0,71471000.0,0.0,0.17,71471000.0,1.0,1903703000.0,806618000.0,0.0,0.0,1097085000.0,0.0,342171000.0,555750690.0,536219690.0,32.11953968064349,0.0,0.04461252621863809,0.10529023651840153,0.0,32.11953968064349,0.005427600177531372,7.77589078087616,31.735420854271357,0.6889887034507041,0.0,0.0,0.0,0.037543146173536525,0.0,0.002299728476553328,-61.00446652030735,1.0,-0.5641025641025641,-0.8770598857311037,-0.6394982501656191,-0.28505233707259986,-0.026519382167860744,-0.5583577120952284,0.0,-0.7870131020109765,-0.17603603330582937,0.16378780598598766,Insurance—Property & Casualty,Financial Services,GBLI
2012Q3,2012,Q3,2012-11-09,2012-09-30,9913000.0,73418000.0,0.0,0.39,73418000.0,1.0,1964347000.0,807387000.0,0.0,0.0,1156960000.0,0.0,337792000.0,560147520.0,536586520.0,31.796904536862005,0.0,0.043235232878915994,0.10518995227815162,0.0,31.796904536862005,0.012277879133550577,7.629566591299136,14.12658932714617,0.693778225312025,0.0,0.0,0.0,0.0373752702552044,0.0,0.005046460732243335,-199.55380121125756,1.0,0.1142857142857144,-0.6969504876119592,-0.6475423393304571,-0.2993967566370598,0.03652355607008231,0.0321740941274469,0.0,-0.5697366075024055,-0.0803209359722952,0.172024155679725,Insurance—Property & Casualty,Financial Services,GBLI
2012Q2,2012,Q2,2012-08-09,2012-06-30,9604000.0,70831000.0,0.0,0.35,70831000.0,1.0,1991623000.0,795189000.0,0.0,0.0,1196434000.0,0.0,327879000.0,563557500.0,589362500.0,28.573086597197268,0.0,0.05168096572493891,0.12943966780224575,0.0,28.573086597197268,0.012077631858589594,7.956367974474453,14.669864119117035,0.708708872984913,0.0,0.0,0.0,0.03556446174803163,0.0,0.004822197775382188,-121.32561894510226,1.0,-0.0789473684210527,-0.7526351258419435,-0.6993321264524257,-0.3394199618156853,-0.08363951562823432,-0.11581660835941815,0.0,-0.46069984898472666,-0.33140153128647837,-0.04881396164863204,Insurance—Property & Casualty,Financial Services,GBLI
2012Q1,2012,Q1,2012-05-10,2012-03-31,10862000.0,77296000.0,0.0,0.38,77296000.0,1.0,2080860000.0,859380000.0,0.0,0.0,1221480000.0,0.0,318275000.0,557745330.0,560155330.0,30.0304015095922,0.0,0.04946464442586238,0.11977123042193209,0.0,30.0304015095922,0.01263934464381298,7.2157075398468224,12.837077195728225,0.6490089715841653,0.0,0.0,0.0,0.0371461799448305,0.0,0.005219957133108426,-30.228460788033168,1.0,1.488348371245817,-0.6882508288064674,-0.6818271203791915,-0.2942161514838934,-0.016177275446434252,1.4601177616808574,0.0,-0.16491972335872535,-0.5387643727084882,-0.26046208989276276,Insurance—Property & Casualty,Financial Services,GBLI
2011Q4,2011,Q4,2012-03-14,2011-12-31,-23607000.0,78567000.0,0.0,-0.7781330344782121,78567000.0,1.0,2075517000.0,841664000.0,0.0,0.0,1233853000.0,0.0,310014000.0,601602540.0,528742540.0,27.742896697211417,0.0,0.04962618952289959,0.12237662535168428,0.0,27.742896697211417,-0.0280480096570603,7.657191187139639,-6.371018553818782,0.7147775596912782,0.0,0.0,0.0,0.03785418283733643,0.0,-0.011374033554049425,-65.54832643277402,1.0,0.3113866951520246,-1.4871113061435217,-0.70339344832653,-0.333391081499585,-0.14063986874487286,0.3106841475165708,0.0,0.8984003047333938,-0.4133362507500612,-0.30973415984781333,Insurance—Property & Casualty,Financial Services,GBLI
2011Q3,2011,Q3,2011-11-09,2011-09-30,-34247000.0,91425000.0,0.0,-1.13,91425000.0,1.0,2132889000.0,877487000.0,0.0,0.0,1255402000.0,0.0,333621000.0,518173039.99999994,527963039.99999994,28.923693058210826,0.0,0.04832459635733505,0.11746156923122508,0.0,28.923693058210826,-0.039028498427896935,5.667739021055509,-3.782616287558034,0.5905193353291842,0.0,0.0,0.0,0.04286439660010437,0.0,-0.016056625544039093,-102.97556438791732,1.0,-8.533333333333333,-1.6451740804226387,-0.6351281967379365,-0.2673632623015012,-0.09060616308910419,-8.711551452375591,0.0,0.0942659845046418,-0.44660011255662335,-0.38088575445119394,Insurance—Property & Casualty,Financial Services,GBLI
2011Q2,2011,Q2,2011-08-09,2011-06-30,4441000.0,100534000.0,0.0,0.15,100534000.0,1.0,2238631000.0,943182000.0,0.0,0.0,1295449000.0,0.0,367868000.0,672541960.0,687339960.0,31.105533935756217,0.0,0.05411432254802154,0.12843968608391593,0.0,31.105533935756217,0.0047085292128136455,6.689696620048939,37.859826615627114,0.7130563984469593,0.0,0.0,0.0,0.0449086964309884,0.0,0.001983801707382771,-871.1683419689119,1.0,-0.6666666666666667,-0.8674348438360947,-0.6212675443133058,-0.14186807982675195,-0.11850169663916386,-0.6778382299601016,0.0,1.2757207154926746,-0.5142140072569116,-0.3240674380889057,Insurance—Property & Casualty,Financial Services,GBLI
2011Q1,2011,Q1,2011-05-10,2011-03-31,13785000.0,114049000.0,0.0,0.45,114049000.0,1.0,2301798000.0,941365000.0,0.0,0.0,1360433000.0,0.0,363427000.0,666015980.0,679059980.0,31.067126497475332,0.0,0.05266057230043644,0.12876408194483543,0.0,31.067126497475332,0.01464362919802627,5.8397353768994025,12.078635836053682,0.7075002576046485,0.0,0.0,0.0,0.049547788294194366,0.0,0.0059887965842354545,91.9403616786306,1.0,-0.3730122123527245,-0.532148374388266,-0.5663877272684219,-0.13255037666436692,0.2648921421837742,-0.36556516936671574,0.0,0.060933021480181086,-0.4967760882847236,-0.3600433818781039,Insurance—Property & Casualty,Financial Services,GBLI
2010Q4,2010,Q4,2011-03-16,2010-12-31,21728000.0,90165000.0,0.0,0.7177173285760337,90165000.0,1.0,2294683000.0,928669000.0,0.0,0.0,1366014000.0,0.0,349642000.0,619098330.65,620495330.65,30.675710319006658,0.0,0.05285479519393311,0.13060089224470722,0.0,30.675710319006658,0.023396926138376538,6.866282156601786,7.123277920770435,0.666651229501577,0.0,0.0,0.0,0.03929300909973186,0.0,0.009468846023611976,41.64525296986412,1.0,0.10418050550159019,-0.38607169377296385,-0.6487128971808217,-0.1266513911441343,0.04637398600424747,0.09948385790911851,0.0,-0.49386090543822575,-0.622733900949322,-0.31719048220269014,Insurance—Property & Casualty,Financial Services,GBLI
2010Q3,2010,Q3,2010-11-09,2010-09-30,19762000.0,86169000.0,0.0,0.65,86169000.0,1.0,2353000000.0,911200000.0,2329003000.0,1320400000.0,1441800000.0,0.0,327900000.0,485893799.85,512893799.85,30.098675892787274,1.7638617085731596,0.05159371015724607,0.1332309043020193,0.0,30.098675892787274,0.021687884108867427,5.638846915363994,6.146819651983605,0.533246049001317,0.0,0.0,0.0,0.03662090947726307,0.07740078764010906,0.00839864003399915,-529.2960782679738,1.0,-0.5987654320987654,0.1606232799032816,-0.6448922599426156,-0.11197883200958644,-0.08894927153158107,-0.19378263707571802,0.0,-0.4932777585301367,-0.6530346973161576,-0.33681500578239065,Insurance—Property & Casualty,Financial Services,GBLI
2010Q2,2010,Q2,2010-06-30,2010-06-30,24512000.0,94582000.0,0.0,1.62,94582000.0,1.0,2356217000.0,872268000.0,0.0,0.0,1483949000.0,0.0,308152000.0,222323299.20000002,238653299.20000002,57.752763683348576,0.0,0.05153472706461247,0.1392083625674678,0.0,57.752763683348576,0.028101455057390617,2.3505878412382906,2.2674944843342035,0.254879577377595,0.0,0.0,0.0,0.04014146405021269,0.0,0.010403116521101409,-53.76621504232165,1.0,1.6129032258064517,0.6000971303313077,-0.19427380042158265,0.710020947978816,-0.05010495023651465,0.2968625998624411,0.0,0.16332393623646002,-0.2602104645576115,0.33518381745072895,Insurance—Property & Casualty,Financial Services,GBLI
2010Q1,2010,Q1,2010-03-31,2010-03-31,18901000.0,99571000.0,0.0,0.62,99571000.0,1.0,2416641000.0,850603000.0,0.0,0.0,1566038000.0,0.0,283640000.0,577731330.0,588083330.0,28.180125561132368,0.0,0.0502755684439683,0.14283749293148507,0.0,28.180125561132368,0.022220706957299705,5.802204758413595,7.641544495000265,0.6792020836982706,0.0,0.0,0.0,0.04120223069955364,0.0,0.007821186514670569,-53.301165236645446,1.0,-0.24252654616195188,-0.3120424391998914,-0.5276168140693408,-0.17493863968328477,-0.043699157710740386,-0.23397098160006485,0.0,-0.4856954003068063,-0.6114211805775951,-0.3377019130480085,Insurance—Property & Casualty,Financial Services,GBLI
2009Q4,2009,Q4,2009-12-31,2009-12-31,24674000.0,104121000.0,0.0,0.8185105324266048,104121000.0,1.0,2445780000.0,831976000.0,0.0,0.0,1613804000.0,0.0,264739000.0,477496800.0,412978800.0,27.59913750207331,0.0,0.049705615386502464,0.1461208015615835,0.0,27.59913750207331,0.029657105493427694,4.585979773532717,4.838056253546243,0.573930978778234,0.0,0.0,0.0,0.04257169491941221,0.0,0.01008839715755301,-14.420657163566078,1.0,-0.09054385285932806,-0.16293170594832207,-0.3427639336918853,-0.09815423787251518,0.0986356873793169,-0.0979087452471483,0.0,-0.48761237876257174,-0.6044052141190142,-0.33684534089583384,Insurance—Property & Casualty,Financial Services,GBLI
2009Q3,2009,Q3,2009-09-30,2009-09-30,27352000.0,94773000.0,0.0,0.9,94773000.0,1.0,2500327000.0,817831000.0,0.0,0.0,1682496000.0,0.0,240065000.0,445543100.0,354444100.0,27.129905456958035,0.0,0.04864963662752912,0.14873488532471868,0.0,27.129905456958035,0.0334445625074129,4.701160668122777,4.072308240713659,0.5447862700240025,0.0,0.0,0.0,0.037904242125130036,0.0,0.010939369130517728,32.199400158994,1.0,0.40625,0.6653394237767251,-0.3149087895961037,-0.0793296689480356,-0.0202822142967902,0.6820613738392473,0.0,-0.48142076311529086,-0.6193449278209069,-0.3127998769710373,Insurance—Property & Casualty,Financial Services,GBLI
2009Q2,2009,Q2,2009-06-30,2009-06-30,16261000.0,96735000.0,0.0,0.64,96735000.0,1.0,2505401000.0,763362000.0,0.0,0.0,1742039000.0,0.0,212713000.0,243446960.0,78783960.0,30.0394301904612,0.0,0.04857984809617303,0.159442047154561,0.0,30.0394301904612,0.02130182010631915,2.5166378249857857,3.742804255580838,0.31891417178219506,0.0,0.0,0.0,0.03861058569067387,0.0,0.006490378186964881,-11.760154581904256,1.0,0.3913043478260869,0.11518550026171864,-0.16325171447738107,0.056941484431598986,0.05008629954082131,1.2742657342657342,0.0,-0.4208182602026979,-0.5651673020164695,-0.17127949118343866,Insurance—Property & Casualty,Financial Services,GBLI
2009Q1,2009,Q1,2009-03-31,2009-03-31,7150000.0,92121000.0,0.0,0.46,92121000.0,1.0,2415436000.0,638777000.0,0.0,0.0,1776659000.0,0.0,190132000.0,126474980.75999999,30035980.75999999,40.60698052008939,0.0,0.050418640775412804,0.19065025822783224,0.0,40.60698052008939,0.011193264629127222,1.372922360373856,4.422202124475524,0.19799551449097258,0.0,0.0,0.0,0.03813845616277972,0.0,0.0029601281093765267,-9.98460414936449,1.0,1.0600615290083117,-0.13543726074872464,0.6671977749500735,0.43289466588685654,0.3271433305000504,1.0593700957394692,0.0,-0.5325708394565252,-0.32535218841332303,0.13381937527474408,Insurance—Property & Casualty,Financial Services,GBLI
2008Q4,2008,Q4,2008-12-31,2008-12-31,-120431000.0,69413000.0,0.0,-7.658812680848357,69413000.0,1.0,2473201000.0,631993000.0,0.0,0.0,1841208000.0,0.0,182982000.0,402861690.0,232102690.0,40.191611815955994,0.0,0.04926611302518477,0.19279485690506065,0.0,40.191611815955994,-0.1905574903519501,5.803836313082564,-0.8362915071700808,0.6374464432359219,0.0,0.0,0.0,0.028066056903583655,0.0,-0.04869438432218004,-12.915131279453723,1.0,-5.176461839393837,-2.5878366503822936,-0.8547196568872739,-0.32416669885648014,-0.18936562806558602,-5.145065823043168,0.0,-7.551272638480347,-0.4793396464430147,0.14426977899160165,Insurance—Property & Casualty,Financial Services,GBLI
2008Q3,2008,Q3,2008-09-30,2008-09-30,-19598000.0,85628000.0,0.0,-1.24,85628000.0,1.0,2610995000.0,734615000.0,0.0,0.0,1876380000.0,0.0,303413000.0,451922130.0,156578130.0,46.71786066329613,0.0,0.0,0.0,0.0,46.71786066329613,-0.026677919726659543,5.277737772691176,-5.764901137871211,0.6151822791530257,0.0,0.0,0.0,0.03279516046564624,0.0,-0.00750595079653542,30.913340857787812,1.0,-1.296296296296296,-1.1721295203506579,8.720745186207061,-0.16187008198146322,-0.25712054830173947,-1.1845948054843385,0.0,-3.215958443023816,-0.3206174908523272,0.3783479824830192,Insurance—Property & Casualty,Financial Services,GBLI
2008Q2,2008,Q2,2008-06-30,2008-06-30,-8971000.0,115265000.0,0.0,-0.54,115265000.0,1.0,2636800000.0,777180000.0,0.0,0.0,1859620000.0,0.0,323011000.0,451594585.96,202596585.95999998,46.018694302594554,0.0,0.0,0.0,0.0,46.018694302594554,-0.011543014488278134,3.9178812819155855,-12.584845222383233,0.5810682029388301,0.0,0.0,0.0,0.04371397148058252,0.0,-0.0034022299757281555,-74.34879584458346,1.0,-2.2857142857142856,-1.9257468518930296,0.5002380382801179,0.6191740908332287,-0.11179521163878464,-2.205779569892473,0.0,-1.523718963789461,-0.12185488052616077,0.3625829525238638,Insurance—Property & Casualty,Financial Services,GBLI
2008Q1,2008,Q1,2008-03-31,2008-03-31,7440000.0,129773000.0,0.0,0.42,129773000.0,1.0,2728297000.0,842290000.0,0.0,0.0,1886007000.0,0.0,331982000.0,668339873.2800001,521860873.2800001,48.54567578135086,0.0,0.05040910135516771,0.16328224245806075,0.0,48.54567578135086,0.00883306224696957,5.150068760682115,22.457657032258066,0.7934795299481178,0.0,0.0,0.0,0.0475655692910266,0.0,0.0027269758387741512,151.3108157754132,1.0,-0.7038131709349902,-0.6104278280098757,-0.051788847075665216,0.0,-0.11690812708825271,-0.7181391119866647,0.0,-0.5288895972393085,0.07107232834558626,0.4213265732534264,Insurance—Property & Casualty,Financial Services,GBLI
2007Q4,2007,Q4,2007-12-31,2007-12-31,26396000.0,146953000.0,0.0,1.418023891628937,146953000.0,1.0,2775172000.0,836276000.0,0.0,0.0,1938896000.0,0.0,324542000.0,741607138.08,634888138.08,44.92572162433251,0.0,0.04958323303924946,0.16454137150892767,0.0,44.92572162433251,0.03156374211384758,5.04656004355134,7.023859089255948,0.8867971077491164,0.0,0.0,0.0,0.05295275391939671,0.0,0.00951148253153318,52.5627002679141,1.0,0.10783116533510696,-0.7060131380577453,-0.7401834738294029,-0.24456130571071844,-0.03766739792410203,0.10075062552126772,0.0,0.4501741796423268,0.5021808812259496,0.4680194862748778,Insurance—Property & Casualty,Financial Services,GBLI
2007Q3,2007,Q3,2007-09-30,2007-09-30,23980000.0,152705000.0,0.0,1.28,152705000.0,1.0,2895742000.0,844826000.0,0.0,0.0,2050916000.0,0.0,298146000.0,826489882.8,661111882.8,45.38503759165435,0.0,0.05288385498431836,0.18126572809075478,0.0,45.38503759165435,0.02838454308934621,5.412330197439507,8.616449987489574,0.9782959837883777,0.0,0.0,0.0,0.052734325088353864,0.0,0.008281124492444423,20.330354040292228,1.0,-0.07246376811594193,-0.8220839789766837,13.643985466367827,-0.18578125590741246,-0.030099590965676683,-0.07584399568367504,0.0,1.3644142651405218,0.7876304403796123,0.5401696718260295,Insurance—Property & Casualty,Financial Services,GBLI
2007Q2,2007,Q2,2007-06-30,2007-06-30,25948000.0,157444000.0,0.0,1.38,157444000.0,1.0,2888987000.0,804516000.0,0.0,0.0,2084471000.0,0.0,274166000.0,925142761.02,801911761.02,43.25454138113816,0.0,0.053032083564238955,0.19043623743965316,0.0,43.25454138113816,0.032252932197743736,5.876011540738294,8.913430332010174,1.1499370565905465,0.0,0.0,0.0,0.05449799531808208,0.0,0.0089816949678209,19.64793698806439,1.0,0.14999999999999997,1.4313060241402915,0.8606863972467838,0.521916989966922,-0.0005459277597917857,0.14849732217943612,0.0,1.4313060241402915,0.8606863972467838,0.521916989966922,Insurance—Property & Casualty,Financial Services,GBLI
2007Q1,2007,Q1,2007-03-31,2007-03-31,22593000.0,157530000.0,0.0,1.2,157530000.0,1.0,3001791000.0,789556000.0,0.0,0.0,2212235000.0,0.0,248218000.0,861016542.4,696330542.4,42.54900643126134,0.0,0.05116645362718457,0.19452831718079527,0.0,42.54900643126134,0.028614816428473723,5.465730606233733,9.527470260700216,1.0905072501507176,0.0,0.0,0.0,0.05247867023387038,0.0,0.007526506675514718,18.64842741980897,1.0,-0.24879995904017477,0.10613076621601986,0.07622125849005117,0.0,-0.01623066402712813,-0.22882889033006792,0.0,1.3158980301490244,1.4168339314920637,0.5014227498145859,Insurance—Property & Casualty,Financial Services,GBLI
