Quarters,Year,Quarter,FillingDate,Date,NetIncome,Revenue,OperatingIncome,EPSDiluted,GrossProfit,GrossProfitRatio,TotalAssets,CommonStockEquity,CurrentAssets,CurrentLiability,TotalLiability,Inventory,RetainedEarnings,MarketCap,EnterpriseValue,bookValuePerShare,currentRatio,debtToAssets,debtToEquity,roic,shareholdersEquityPerShare,roe,priceToSalesRatio,peRatio,pbRatio,payoutRatio,inventoryTurnover,dividendYield,assetTurnover,quickRatio,returnOnAssets,priceToFreeCashFlowsRatio,grossProfitMargin,epsdilutedGrowth,fiveYNetIncomeGrowthPerShare,fiveYRevenueGrowthPerShare,fiveYShareholdersEquityGrowthPerShare,grossProfitGrowth,netIncomeGrowth,operatingIncomeGrowth,threeYNetIncomeGrowthPerShare,threeYRevenueGrowthPerShare,threeYShareholdersEquityGrowthPerShare,Industry,Sector,Symbol
2023Q1,2023,Q1,2023-04-27,2023-03-31,47700000.0,3491200000.0,106400000.0,1.33,553500000.0,0.1585414757,5148000000.0,854800000.0,2301800000.0,2057000000.0,4293200000.0,1462600000.0,1138100000.0,1950806000.0000002,5460706000.0,23.81058495821727,1.1190082644628099,0.712917637917638,4.293518951801591,0.015827366667327793,23.81058495821727,0.0558025269068788,0.558778070577452,10.224350104821804,2.282178287318671,0.2138364779874214,2.008546424176125,0.00522860807276582,0.6781662781662782,0.2600875060768109,0.009265734265734266,-27.39896067415731,0.15854147571035748,1.254302103250478,26.91310436414328,0.7332504397286701,0.3253656674395894,-0.03922930046866863,1.249869041382923,-0.3968253968253968,1.2840581277278387,0.7955455679794893,0.40541045475116444,Auto & Truck Dealerships,Consumer Cyclical,SAH
2022Q4,2022,Q4,2023-02-17,2022-12-31,-190900000.0,3590600000.0,176400000.0,-5.23,576100000.0,0.160446722,4978300000.0,895200000.0,2206300000.0,1845400000.0,4083100000.0,1216800000.0,1100300000.0,1798355000.0,5055955000.0,24.526027397260275,1.1955673566706404,0.7003997348492458,3.894995531724754,0.03773785312950452,24.526027397260275,-0.21324843610366398,0.5008508327299058,-2.3551008381351495,2.0088862823949953,-0.04871660555264536,2.4773997370151215,0.005171392745036436,0.7212502259807565,0.37476969762653084,-0.03834642347789406,-6.690308779761905,0.16044672199632373,-3.345291479820628,-4.612350392349712,0.5777217165123106,0.33388096281123836,-0.007921474083003272,-3.1867124856815576,0.18468770987239758,-5.8655431498270305,0.5418748411157595,0.11830278060889086,Auto & Truck Dealerships,Consumer Cyclical,SAH
2022Q3,2022,Q3,2022-10-28,2022-09-30,87300000.0,3448100000.0,148900000.0,2.23,580700000.0,0.168411589,4828300000.0,1106900000.0,1757000000.0,1718500000.0,3721400000.0,1197100000.0,1301500000.0,1658390000.0,4615890000.0,28.900783289817234,1.0224032586558045,0.6413230329515565,2.79745234438522,0.023646931774869775,28.900783289817234,0.07886891318095582,0.4809576288390708,4.749112256586483,1.49822928900533,0.11683848797250859,2.3952886141508647,0.006150543599515193,0.7141436944680323,0.29071864998545244,0.018080898038647143,6.8556841670111615,0.16841158899103853,-0.04700854700854696,4.099980659510686,0.5627919022963949,0.7387464417446415,-0.01375679347826087,-0.07911392405063292,-0.03811369509043928,2.384724093519566,0.4349459903926589,0.37960267341745496,Auto & Truck Dealerships,Consumer Cyclical,SAH
2022Q2,2022,Q2,2022-07-28,2022-06-30,94800000.0,3652800000.0,154800000.0,2.34,588800000.0,0.1611914148,5023500000.0,1170000000.0,2070900000.0,1883100000.0,3853500000.0,1240400000.0,1223500000.0,1446885000.0,4395985000.0,29.620253164556964,1.099729169985662,0.6521747785408579,2.8001709401709403,0.023294326593727606,29.620253164556964,0.08102564102564103,0.39610298948751643,3.8156250000000003,1.236653846153846,0.10654008438818566,2.470170912608836,0.0069805133096272325,0.7271424305762915,0.3573894110774786,0.018871304867124516,118.59713114754098,0.16119141480508103,0.00429184549356214,7.817012858555884,0.7132536283095302,0.8505132862509689,0.030631892175739542,-0.025693730729701953,0.0025906735751295338,2.8858002180533098,0.5235064389523653,0.4566511436636047,Auto & Truck Dealerships,Consumer Cyclical,SAH
2022Q1,2022,Q1,2022-04-28,2022-03-31,97300000.0,3586600000.0,154400000.0,2.33,571300000.0,0.1592873473,5006200000.0,1135000000.0,2060600000.0,1869200000.0,3871200000.0,1198100000.0,1138900000.0,1717404000.0,4603804000.0,28.094059405940595,1.1023967472715601,0.6485158403579562,2.8604405286343613,0.02385456677686712,28.094059405940595,0.08572687224669603,0.4788390118775442,4.412651593011304,1.5131312775330394,0.050359712230215826,2.5167348301477337,0.002853143465369826,0.7164316247852662,0.38075112347528356,0.019435899484639047,8.866308724832214,0.15928734734846373,0.030973451327433756,200.3999148990685,0.738081374744492,0.7422114682317407,0.07674620226921482,0.007987236996135877,0.08232391206819202,1.4436114213728282,0.591803772401644,0.4120768343392748,Auto & Truck Dealerships,Consumer Cyclical,SAH
2021Q4,2021,Q4,2022-02-25,2021-12-31,96529000.0,3184544000.0,142656000.0,2.26,530580000.0,0.166610981,4975100000.0,1076400000.0,2084100000.0,1891700000.0,3898700000.0,1261200000.0,1051700000.0,2024483000.0,4954183000.0,26.292134831460675,1.1017074588994027,0.6490522803561738,2.9999070977331845,0.023468568939329162,26.292134831460675,0.08967762913415088,0.635721472210778,5.243198935035068,1.8807905982905984,0.051642511576831834,2.1043165239454487,0.002462357056097779,0.6400964804727544,0.37030184490141144,0.019402424071877953,-26.371443830762818,0.16661098103841554,0.15897435897435888,1.8043705387004085,0.3617969316398539,0.6229999332502795,0.12406492111546358,0.14255785050600697,0.13754415622732383,3.615139087090406,0.2905561829495822,0.364251306804491,Auto & Truck Dealerships,Consumer Cyclical,SAH
2021Q3,2021,Q3,2021-10-28,2021-09-30,84485000.0,3072812000.0,125407000.0,1.95,472019000.0,0.15361141521186458,3505963000.0,1005749000.0,1471963000.0,1428402000.0,2500214000.0,850469000.0,960238000.0,2183614940.0,3934827940.0,24.199345540290174,1.03049631686318,0.5622691967941476,1.9600268058929216,0.027910598440479998,24.199345540290174,0.08400207208756857,0.710624320654827,6.461546250813754,2.1711330958320616,0.05924128543528437,3.0580691359708583,0.0022920707805745275,0.8764530601150098,0.3487043563366615,0.02409751614606315,9.72150344809164,0.15361141521186458,-0.2585551330798479,4.064085495804938,0.3041018938812984,0.5928742130455765,-0.07593655541808272,-0.2578945056875576,-0.24191939647095093,4.737893122597218,0.27690024994874984,0.2846505941958921,Auto & Truck Dealerships,Consumer Cyclical,SAH
2021Q2,2021,Q2,2021-07-29,2021-06-30,113845000.0,3352246000.0,165427000.0,2.63,510808000.0,0.15237783861924215,3656345000.0,946354000.0,1719374000.0,1635802000.0,2709991000.0,1016566000.0,880704000.0,1860333940.0,3759785940.0,22.759289098386283,1.0510893127652368,0.5850293120589003,2.260326474025576,0.03583150072585337,22.759289098386283,0.12029853522043549,0.554951498189572,4.085234178049102,1.9657907506070667,0.03625104308489613,2.7951338132497052,0.0022184189146170178,0.9168297849355025,0.36463276117769755,0.03113628500592805,-11.461186451120037,0.15237783861924215,1.1039999999999999,4.48625549627361,0.5475796540377849,0.542097897491737,0.27417540341188296,1.0996090147910442,0.8830620375640296,5.909475290247325,0.3726019047862536,0.23377568872824675,Auto & Truck Dealerships,Consumer Cyclical,SAH
2021Q1,2021,Q1,2021-04-29,2021-03-31,54222000.0,2786798000.0,87850000.0,1.25,400893000.0,0.1438543446636606,3692227000.0,826459000.0,1780684000.0,1781332000.0,2865768000.0,1232253000.0,771864000.0,2059187370.0,3782122370.0,19.89501937844539,0.9996362272726252,0.48755615513347367,2.178169757967425,0.02147382250584537,19.89501937844539,0.0656076102988775,0.7389080119908225,9.494242973331858,2.4915783723088505,0.07714580797462285,1.9362135860087173,0.002031383865762541,0.7547742866297223,0.2530415441927726,0.014685445938183108,91.2477232241769,0.1438543446636606,-0.03846153846153849,3.1905208318353804,0.4094812157055903,0.40154752642407693,0.030263391216523564,-0.054360906189504524,-0.16995001747970936,26.45623077414792,0.19566518004942976,0.10741402126439231,Auto & Truck Dealerships,Consumer Cyclical,SAH
2020Q4,2020,Q4,2021-02-23,2020-12-31,57339000.0,2798555000.0,105837000.0,1.3,389117000.0,0.13904211280464382,3745993000.0,814805000.0,1882567000.0,1831413000.0,2931188000.0,1247254000.0,721770000.0,1615080180.0,3308561180.0,19.458494531212686,1.0279314387306413,0.4975433750143153,2.2874110983609577,0.021832197493502972,19.458494531212686,0.07037143856505544,0.5771121811077502,7.0418047925495735,1.9821677333840613,0.07392873960131847,1.9317941654226003,0.0026246374963254143,0.7470796128022663,0.29593488743391033,0.015306755778774814,-59.72046220973229,0.13904211280464382,-0.02985074626865674,1.0699877568918268,0.27003657790976626,0.25310859948924574,0.03332740256050052,-0.04144237520478786,0.09751848433627493,-0.054236669340592576,0.07187869571589368,0.05827637716210741,Auto & Truck Dealerships,Consumer Cyclical,SAH
2020Q3,2020,Q3,2020-10-29,2020-09-30,59818000.0,2548545000.0,96433000.0,1.34,376567000.0,0.14775764210559358,3503917000.0,774102000.0,1652130000.0,1629018000.0,2729815000.0,1137852000.0,668540000.0,1707201599.9999998,3335489600.0,18.209880028228653,1.0141876885338283,0.5005903393259601,2.2658861493704965,0.024560733028511264,18.209880028228653,0.07727405432359043,0.669873045208148,7.134982781102678,2.2053961880992423,0.07206860811127086,1.9088405170443958,0.002525185074803117,0.7273417150006692,0.25332869250063533,0.01707175141420302,114.38536683417084,0.14775764210559358,0.8873239436619721,1.678710579145775,0.21268087574730338,0.3255203801493233,0.22507425589573918,0.9427105322983989,0.8010047811145974,2.148428556631071,0.04068974519116346,0.09555383970631523,Auto & Truck Dealerships,Consumer Cyclical,SAH
2020Q2,2020,Q2,2020-07-31,2020-06-30,30791000.0,2111886000.0,53544000.0,0.71,307383000.0,0.14554904952255945,3595425000.0,744702000.0,1739103000.0,1748177000.0,2850723000.0,1176506000.0,613033000.0,1370215400.0,3011908400.0,17.342850489054495,0.9948094500728473,0.4887925627707434,2.3598929504687782,0.015310092659859447,17.342850489054495,0.0413467400382972,0.6488112521225105,11.125129096164464,1.8399512825264333,0.1386444090805755,1.5337813831803662,0.0031155685449163685,0.5873814639437619,0.2507909668185773,0.008563938894567401,5.880298517711078,0.14554904952255945,1.1517094017094016,1.463683084633223,0.030503107921888074,0.2849367251057629,-0.1232108118592724,1.1544701579768528,1.2413250704225351,1.6343409692574353,-0.08882605456993814,0.08348754054072521,Auto & Truck Dealerships,Consumer Cyclical,SAH
2020Q1,2020,Q1,2020-05-11,2020-03-31,-199333000.0,2308056000.0,-221875000.0,-4.68,350578000.0,0.15189319496580672,3976744000.0,721987000.0,2129786000.0,2013044000.0,3254757000.0,1608218000.0,586511000.0,565927200.0,2423186200.0,16.94208611991083,1.057992771146582,0.5127408251574656,2.824204590941388,-0.05731639668927374,16.94208611991083,-0.27608945867446366,0.24519647703521924,-0.7097761033045206,0.7838468005656611,-0.021642176659158293,1.2171720500578902,0.0076228885976853565,0.5803883780298656,0.19008824446956946,-0.050124674859633914,-8.446296434488008,0.15189319496580672,-5.5,-18.03094301471124,0.232058642444701,0.28198798848606577,-0.10994607549430797,-5.304690536863474,-3.405879291275401,-386.2667436140503,0.060357654269686214,0.050638368324836126,Auto & Truck Dealerships,Consumer Cyclical,SAH
2019Q4,2019,Q4,2020-02-21,2019-12-31,46306000.0,2748404000.0,92222000.0,1.04,393884000.0,0.14331371952595034,4071035000.0,944764000.0,2017610000.0,2066156000.0,3126271000.0,1517875000.0,790158000.0,1335418000.0,3076784000.0,21.931473141742885,0.9765041942621951,0.43489407484828796,1.873980168592368,0.02258018804561846,21.931473141742885,0.049013298559216906,0.48588853749303235,7.209746037230597,1.4134937402356567,0.09316287306180625,1.5511949271185046,0.0032304491926872336,0.6751118573041008,0.22352862029778972,0.01137450304406619,9.17604941834498,0.14331371952595034,0.5757575757575757,1.1095463481841776,0.39091228180020404,0.6865758700431686,0.018285415874936338,0.5962082040675629,0.4145346340266274,0.2785189301685703,0.11696091349892644,0.3538185344514875,Auto & Truck Dealerships,Consumer Cyclical,SAH
2019Q3,2019,Q3,2019-10-24,2019-09-30,29010000.0,2702720000.0,65196000.0,0.66,386811000.0,0.14311915403741415,4117892000.0,902425000.0,2022461000.0,1945948000.0,3215467000.0,1528667000.0,748166000.0,1353079980.0,2963992980.0,20.948628070012536,1.0393191390520198,0.391781523167679,1.7877541069895004,0.016216455199115347,20.948628070012536,0.03214671579355625,0.5006363885271135,11.660461737331955,1.49938219796659,0.14863840055153396,1.5149859321879782,0.0031868034881426593,0.6563358145381181,0.18880566181624586,0.007044866645361267,171.31931881488984,0.14311915403741415,0.08196721311475418,0.41896564012389986,0.38685423817941006,0.6689771480153691,0.014423921680727805,0.09064250535734426,0.035300843218522227,0.6776432206601777,0.10664174182988037,0.3789021441034215,Auto & Truck Dealerships,Consumer Cyclical,SAH
2019Q2,2019,Q2,2019-07-25,2019-06-30,26599000.0,2614081000.0,62973000.0,0.61,381311000.0,0.14586808901483925,4119327000.0,875725000.0,2021178000.0,1965409000.0,3243602000.0,1521567000.0,723469000.0,1005591100.0000001,2632311100.0,20.33448660195978,1.0283752643851738,0.3954189604272737,1.8600131319763624,0.015833364146671438,20.33448660195978,0.030373690370835593,0.3846824562819592,9.451399488702583,1.1482955265637045,0.161735403586601,1.4674148427246385,0.004278080822314358,0.6345893394722002,0.18630524231851997,0.00645712272902831,59.661293384752305,0.14586808901483925,-0.37755102040816324,0.20158560968527806,0.35452180425539465,0.6327783876504247,0.06211508839562019,-0.3700054475261126,-0.2787837141384642,0.23762128694802048,0.16518950522835618,0.377800901420926,Auto & Truck Dealerships,Consumer Cyclical,SAH
2019Q1,2019,Q1,2019-04-26,2019-03-31,42221000.0,2389138000.0,87315000.0,0.98,359011000.0,0.15026800461086803,4139090000.0,852286000.0,2023269000.0,1966280000.0,3286804000.0,1530201000.0,701182000.0,646853800.0,2286293800.0,19.895560016807508,1.0289831560103342,0.39674469508998356,1.9267734070488076,0.02086047219922224,19.895560016807508,0.049538535186545364,0.27074777597610516,3.830166267970915,0.7589633057447852,0.06075175860353852,1.3267060993947855,0.0039653473474222465,0.5772133488278824,0.1904560896718677,0.010200551328915293,-5.176984025354548,0.15026800461086803,0.9215686274509803,1.6649653513622205,0.3683990771089125,0.6620271387379574,-0.03157142279109289,0.934967919340055,0.48770680342812356,2.1642351239461726,0.17177114308339067,0.4015856128589128,Auto & Truck Dealerships,Consumer Cyclical,SAH
2018Q4,2018,Q4,2019-02-21,2018-12-31,21820000.0,2574258000.0,58691000.0,0.51,370715000.0,0.14400848710579903,3796807000.0,823116000.0,1993387000.0,1945847000.0,2973691000.0,1528461000.0,670691000.0,587689600.0,2239884600.0,19.27220791383751,1.0244315200527072,0.4366956234541287,2.014356421209161,0.016669404567672762,19.27220791383751,0.02650902181466525,0.2282947552265546,6.733382218148488,0.7139815044295094,0.11741521539871677,1.4416743377815986,0.004359444169166853,0.6780060192682957,0.2281988254986132,0.0057469342002372,-14.1615364225644,0.14400848710579903,0.45714285714285724,-0.0450628369046823,0.3664552245752558,0.6485861195477448,0.02823296425322298,0.4433126074877629,0.21924922616698175,-0.2276977754131028,0.14537930246635297,0.24111191794596656,Auto & Truck Dealerships,Consumer Cyclical,SAH
2018Q3,2018,Q3,2018-10-25,2018-09-30,15118000.0,2470849000.0,48137000.0,0.35,360536000.0,0.14591583702605865,3703931000.0,803844000.0,1863975000.0,1812940000.0,2900087000.0,1474832000.0,651436000.0,807373160.0000001,2446955160.0,18.837297588639185,1.0281504076251835,0.4447069883321261,2.0491090311055378,0.013277954391522582,18.837297588639185,0.018807131732027606,0.3267594094175727,13.351189972218549,1.0043903543473611,0.1693345680645588,1.4308836531889735,0.0031707766951281856,0.6670882907915942,0.19774178957935729,0.0040816095116242715,9.721648183602452,0.14591583702605865,-0.10256410256410266,-0.19839960310299964,0.3629976397824818,0.703265040192968,-0.005074853397723353,-0.1057083703046436,-0.04955871028886213,-0.32558662493032514,0.17121966833382116,0.3711909041669726,Auto & Truck Dealerships,Consumer Cyclical,SAH
2018Q2,2018,Q2,2018-07-27,2018-06-30,16905000.0,2505749000.0,50647000.0,0.39,362375000.0,0.1446174377401727,3704814000.0,786980000.0,1909695000.0,1847262000.0,2917834000.0,1527661000.0,638895000.0,878837200.0000001,2561830200.0,18.44686137546294,1.0337975879978043,0.45647284856945586,2.1489072149228696,0.013807323457373047,18.44686137546294,0.021480850847543774,0.3507283450976136,12.996705116829341,1.1167211364964804,0.15054717539189588,1.4030429525922308,0.0028958719544416186,0.6763494739546979,0.19271819590290928,0.004562982109223297,-17.367294429184042,0.1446174377401727,8.799999999999999,1.3375713604821222,0.4026652277882267,0.7549960527543171,0.028017100757732647,8.70510483135825,1.5087675847037845,0.36143544038874925,0.2306575747987382,0.3667332056646008,Auto & Truck Dealerships,Consumer Cyclical,SAH
2018Q1,2018,Q1,2018-04-26,2018-03-31,-2194000.0,2400773000.0,20188000.0,-0.05,352499000.0,0.14682729270947315,3788495000.0,768717000.0,1958540000.0,1887067000.0,3019778000.0,1550521000.0,624535000.0,810851550.0,2565409550.0,17.96529481876183,1.0378751787827354,0.4655466088776678,2.2943697095289943,0.004163675887561471,17.96529481876183,-0.0028541062575694305,0.33774603013279475,-92.39420578851413,1.0548115236166236,-0.9845031905195989,1.3210230625705812,0.00266386615404509,0.6337009815243256,0.199811665404567,-0.0005791217884674521,-74.45152419428887,0.14682729270947315,-1.0345339940599174,-1.1266422341345983,0.4163324961704799,0.745546614844286,-0.0822489520685256,-1.03541451446281,-0.7384432006633499,-1.1866923282604673,0.27634032810556697,0.3594130028766987,Auto & Truck Dealerships,Consumer Cyclical,SAH
2017Q4,2017,Q4,2018-02-28,2017-12-31,61952000.0,2667939000.0,77184000.0,1.4478487461730818,384090000.0,0.14396506067042764,3818518000.0,786760000.0,2019797000.0,1954832000.0,3031758000.0,1512745000.0,625356000.0,789457050.0,2516906050.0,18.386968613428685,1.0332330348592615,0.4540507600068927,2.2037228633890895,0.0353322248964509,18.386968613428685,0.07874319995932685,0.2959052099766899,3.185760952027376,1.0034280466724286,0.034865702479338845,1.5097382572740283,0.002736057648734659,0.698684411072568,0.24988234283048363,0.016224095316559984,-10.173284493756524,0.14396506067042764,2.29056533221155,1.587132531794827,0.5981621024293303,0.8957736547767614,0.0592021443817529,2.1868312757201647,0.3841684301136975,1.841387924434902,0.3593098396639292,0.41399610442153295,Auto & Truck Dealerships,Consumer Cyclical,SAH
2017Q3,2017,Q3,2017-10-26,2017-09-30,19440000.0,2505701000.0,55762000.0,0.44,362622000.0,0.14471878328659327,3614569000.0,722974000.0,1832776000.0,1731746000.0,2891595000.0,1390053000.0,565563000.0,887318399.9999999,2550183400.0,16.621620378885414,1.0583399644058655,0.46374657670112257,2.3185398091770937,0.013544409331020192,16.621620378885414,0.02688893376525297,0.3541198251507262,11.410987654320987,1.2273171649326255,0.11368312757201646,1.5417246680522254,0.0024906504812703084,0.6932226221162191,0.24502669560085602,0.005378234583431662,25.66135693215339,0.14471878328659327,0.6296296296296295,1.4509469644451185,0.4739922739988348,0.6370953256084376,0.0055571269320998954,0.6023738872403561,0.32228308553271207,-0.058269528719236345,0.27340110056263933,0.3242444556575545,Auto & Truck Dealerships,Consumer Cyclical,SAH
2017Q2,2017,Q2,2017-07-28,2017-06-30,12132000.0,2405746000.0,42171000.0,0.27,360618000.0,0.14989861772606086,3645156000.0,713410000.0,1960160000.0,1904884000.0,2931746000.0,1622338000.0,548242000.0,866886500.0,2496139500.0,16.006506618801886,1.0290180399436397,0.44816545574455524,2.2898936095653273,0.010915364775339232,16.006506618801886,0.017005648925582765,0.360339994330241,17.863635426969996,1.215130850422618,0.18496538081107813,1.2606053732329514,0.002588574167437144,0.659984373782631,0.15444510006908557,0.00332825261799495,-26.98227402888446,0.14989861772606086,28.000000000000004,-0.4919667525315719,0.2990866727103729,0.4983290841309676,0.029319586922642187,23.42513863216266,0.15698647425169415,-0.470441781244094,0.20450507524717662,0.28525881083441607,Auto & Truck Dealerships,Consumer Cyclical,SAH
2017Q1,2017,Q1,2017-04-27,2017-03-31,-541000.0,2287822000.0,36449000.0,-0.01,350346000.0,0.153135165235757,3607635000.0,722278000.0,1946335000.0,1847979000.0,2885357000.0,1600602000.0,538368000.0,898059550.0,2470532550.0,16.125516286754035,1.0532235485359953,0.4376933919312791,2.1861914664436686,-0.0020839906612701506,16.125516286754035,-0.0007490190757575338,0.39253908302306734,-414.99979205175606,1.2433710427287001,-4.134935304990758,1.2104670617680098,0.0024909261306780826,0.6341611609821947,0.16441258261051667,-0.0001499597381664165,237.0175640010557,0.153135165235757,-1.0120481927710843,-1.0307726679381248,0.3418987358078451,0.5442938635624074,-0.05753576482108174,-1.014374535019662,-0.5588996998741408,-1.0326586888136229,0.2532340802588178,0.3470867707219585,Auto & Truck Dealerships,Consumer Cyclical,SAH
2016Q4,2016,Q4,2017-02-27,2016-12-31,37636000.0,2556913000.0,82632000.0,0.83,371734000.0,0.14538390629638162,3639336000.0,725164000.0,2031044000.0,1936880000.0,2914172000.0,1570701000.0,541146000.0,1025095599.9999999,2580018600.0,16.199714055937807,1.0486163314196026,0.42810858903931925,2.1485222653082614,0.022144319878340854,16.199714055937807,0.05189998400361849,0.4009114115341429,6.8092756934849605,1.4136051982723907,0.05959719417578914,1.39121258597276,0.0021880886036385293,0.7025767887328898,0.2237361116847714,0.010341446901302875,-13.428554960242083,0.14538390629638162,1.0749999999999997,1.137895907913774,0.4405205562136681,0.6184157134060321,0.03522564295361823,1.078074098614102,0.622557778781393,0.571535489443125,0.29497078296085844,0.3857583859961434,Auto & Truck Dealerships,Consumer Cyclical,SAH
2016Q3,2016,Q3,2016-11-01,2016-09-30,18111000.0,2557928000.0,50927000.0,0.4,359085000.0,0.14038119915806857,3429191000.0,685444000.0,1857481000.0,1752827000.0,2743747000.0,1511336000.0,505747000.0,848218400.0,2320031400.0,15.192251429584644,1.059705835202219,0.4300588681120416,2.1515309784606766,0.01431030693297559,15.192251429584644,0.026422289785890604,0.33160370424812585,11.708608028270113,1.2374729372494326,0.12605598807354645,1.4549001677985571,0.0026915237867983052,0.7459275380111519,0.17240435022965758,0.005281420603285148,9.560191154591768,0.14038119915806857,-0.19999999999999996,0.08347245903364668,0.4897503094881019,0.5742826466651154,0.016359802436987873,-0.20642362632547542,-0.10724866333596283,-0.09174175510332536,0.3345675173723982,0.3736806259003571,Auto & Truck Dealerships,Consumer Cyclical,SAH
2016Q2,2016,Q2,2016-07-27,2016-06-30,22822000.0,2382312000.0,57045000.0,0.5,353305000.0,0.14830341281914375,3511225000.0,674928000.0,1967235000.0,1834235000.0,2836297000.0,1590216000.0,489878000.0,782457410.0,2313581410.0,14.758653867179813,1.072509792910941,0.4367544090737563,2.2721579190669225,0.01559919055744834,14.758653867179813,0.03381397719460446,0.32844455722004506,8.571306305319428,1.1593198237441622,0.10086758391026203,1.275931697329168,0.0029420131633746045,0.6784845744718724,0.17227399978737729,0.006499725879144743,-12.129430157032353,0.14830341281914375,0.6129032258064516,0.22620009952636522,0.3884933480337457,0.56085383488619,0.023627408373171083,0.5605853391684902,0.34842217232005673,1.9439736383789343,0.24407228953693463,0.40410765569694596,Auto & Truck Dealerships,Consumer Cyclical,SAH
2016Q1,2016,Q1,2016-04-27,2016-03-31,14624000.0,2234626000.0,42305000.0,0.31,345150000.0,0.1544553764254063,3431371000.0,666457000.0,1931458000.0,1804153000.0,2764914000.0,1593732000.0,469340000.0,867636000.0,2317917000.0,14.195037273695421,1.0705621973302708,0.4233500253980115,2.179692013138132,0.012217594066971229,14.195037273695421,0.021942901042377828,0.3882689989286798,14.832398796498907,1.3018634360506378,0.12807713347921226,1.1855669585601594,0.0021587393791866636,0.6512341568428479,0.15546852179388335,0.004261853352493799,13.936136721385203,0.1544553764254063,-0.5313767789297443,0.0910552866816462,0.3563213906157868,0.5557018379496546,-0.05138959125788791,-0.5291390302015584,-0.3934245239733884,-0.23068418765692653,0.20147713227649122,0.37922029728177953,Auto & Truck Dealerships,Consumer Cyclical,SAH
2015Q4,2015,Q4,2016-02-26,2015-12-31,31058000.0,2470636000.0,69744000.0,0.6615122470713525,363848000.0,0.14726896232387127,3562381000.0,729048000.0,2083112000.0,1914621000.0,2833333000.0,1599581000.0,457010000.0,1068582000.0000001,2504906000.0,15.528178913738019,1.0880022730347154,0.4042097125489946,1.9751086348223985,0.019623191943786217,15.528178913738019,0.042600761541078225,0.432512923797759,8.601503638354048,1.4657224215689504,0.04037607057762895,1.3170874122660872,0.00117351780209661,0.6935350261524525,0.19959302650498453,0.008718326310408685,-9.885124884366329,0.14726896232387127,0.2721389366756778,-0.46120169775783926,0.49508492121716824,0.7515252497713383,0.009984705108382766,0.1717789096396906,0.10840233301018705,0.18204326184111164,0.34880832543724505,0.6010204351915283,Auto & Truck Dealerships,Consumer Cyclical,SAH
2015Q3,2015,Q3,2015-10-30,2015-09-30,26505000.0,2494408000.0,62923000.0,0.52,360251000.0,0.14442344636482884,3292408000.0,693160000.0,1823915000.0,1656578000.0,2599248000.0,1422433000.0,427819000.0,1030311520.0000001,2377324520.0,13.737910258443,1.1010136558616619,0.409884194182495,1.9468896070171389,0.018471842101818427,13.737910258443,0.03823792486583184,0.413048514918169,9.718086398792682,1.4863978302267875,0.04784003018298434,1.5003567830611353,0.0012306957414200319,0.757624206963414,0.18231740370812602,0.008050338840143749,31.07560006032273,0.14442344636482884,0.7931034482758622,1.1162455548257038,0.4608668650201599,0.8141936305880035,0.013210370295370042,0.7931804343413842,0.45891490841641547,1.880726075344817,0.26494008004892217,0.35307317548262734,Auto & Truck Dealerships,Consumer Cyclical,SAH
2015Q2,2015,Q2,2015-07-23,2015-06-30,14781000.0,2423740000.0,43130000.0,0.29,355554000.0,0.14669642783466874,3275495000.0,685434000.0,1835308000.0,1673001000.0,2590061000.0,1441148000.0,402575000.0,1210182720.0,2571950720.0,13.497046313799622,1.0970154829554795,0.41682860147855516,1.9919058581862004,0.012829077776953378,13.497046313799622,0.021564439464631168,0.49930385272347694,20.46855287193018,1.765571477341363,0.0868006224206752,1.4350961872063106,0.0010601704840075721,0.739961440942514,0.1867333014146435,0.0045126003855905745,-46.36360125660869,0.14669642783466874,0.07407407407407393,0.8026786852704363,0.4364330395876088,0.8376734145920949,0.061485136986914816,0.058280231975370515,0.039377289377289376,-0.4567755869662824,0.14865634070348258,0.2634247761515852,Auto & Truck Dealerships,Consumer Cyclical,SAH
2015Q1,2015,Q1,2015-05-08,2015-03-31,13967000.0,2235515000.0,41496000.0,0.27,334959000.0,0.1498352728565901,3122255000.0,672060000.0,1683064000.0,1561494000.0,2450195000.0,1280027000.0,389074000.0,1266264600.0,2598850600.0,13.2154796082904,1.0778549261156303,0.4280700967730054,1.9887271969764604,0.012601811931941485,13.2154796082904,0.020782370621670685,0.5664308224279416,22.66529319109329,1.8841540933845191,0.0911434094651679,1.4847780554628927,0.0010053191094499523,0.7159937288914583,0.20433251744803374,0.004473369407687713,-467.0839542604205,0.1498352728565901,-0.45999999999999996,2.4307322363970423,0.46259569414681984,0.8322699472943134,-0.038755796868543094,-0.46539845364770727,-0.3357451576756843,-0.30026006813480377,0.15489031670221678,0.2656081021034466,Auto & Truck Dealerships,Consumer Cyclical,SAH
2014Q4,2014,Q4,2015-02-27,2014-12-31,26126000.0,2351828000.0,62470000.0,0.5,348464000.0,0.14816729794865952,3183135000.0,666718000.0,1768959000.0,1647006000.0,2516417000.0,1311702000.0,376353000.0,1386394880.0,2706742880.0,13.003549695740364,1.0740452675946535,0.4161086476068404,1.9866420285638007,0.018792140301120246,13.003549695740364,0.039185982679333695,0.5894967148958172,13.266428844828907,2.0794322037203137,0.049682308811145985,1.52730117054026,0.0009362411955820265,0.7388401685759479,0.22839989653953902,0.008207631784388662,-26.975811962485892,0.14816729794865952,0.06382978723404262,0.8554664274197743,0.21965670361591874,0.8297966930681644,0.020425255279086587,0.05721916477824539,0.09785244806860918,0.29570056204285106,0.15679843900718676,0.29910621168826074,Auto & Truck Dealerships,Consumer Cyclical,SAH
2014Q3,2014,Q3,2014-10-23,2014-09-30,24712000.0,2355604000.0,56902000.0,0.47,341489000.0,0.144968763849951,2983913000.0,653571000.0,1627526000.0,1439783000.0,2330342000.0,1203394000.0,351507000.0,1276235700.0,2520755700.0,12.55177645477242,1.1303967333966298,0.41763416024528865,1.906730867801662,0.018573259469408365,12.55177645477242,0.03781073517643837,0.5417870321157546,12.911092788928455,1.952711641122388,0.05325348009064422,1.6736953981821414,0.0010311574891691243,0.7894345445058217,0.188952085140608,0.00828174279880144,21.074601208758544,0.144968763849951,-0.07843137254901968,0.28752149161189505,0.2584766232593887,0.514321533246868,-0.015731509423629546,-0.08450338976771755,-0.10528632975879745,0.2809895985297396,0.1887477659856588,0.3006659315213983,Auto & Truck Dealerships,Consumer Cyclical,SAH
2014Q2,2014,Q2,2014-07-24,2014-06-30,26993000.0,2353280000.0,63598000.0,0.51,346947000.0,0.14743124490073428,3070560000.0,654005000.0,1752599000.0,1535803000.0,2416555000.0,1302059000.0,328114000.0,1401073520.0,2693992520.0,12.453917050691244,1.1411613338429474,0.4220461414204575,1.9815108447183125,0.01966166228702121,12.453917050691244,0.04127338476005535,0.5953705126461789,12.976267180380098,2.142297872340426,0.04927203349016412,1.5408925401997913,0.0009492720981551347,0.7664009170965557,0.1930208496792883,0.008790904590693554,113.54838479617473,0.14743124490073428,0.41666666666666674,808.9299703229323,0.3182975518729013,1.3134777691597352,0.05455015197568389,0.3923965748478283,0.2558102798017495,0.2629739678965501,0.19441257580764446,0.3171082107395766,Auto & Truck Dealerships,Consumer Cyclical,SAH
2014Q1,2014,Q1,2014-04-24,2014-03-31,19386000.0,2136386000.0,50643000.0,0.36,329000000.0,0.15399838793176887,3005449000.0,627478000.0,1688716000.0,1497680000.0,2377971000.0,1269996000.0,302436000.0,1178356640.0,2507336640.0,11.970658933953985,1.1275546178088778,0.4429018758927535,2.121379554342941,0.016030830880093362,11.970658933953985,0.03089510707945139,0.5515654193577378,15.195974414525946,1.8779250268535312,0.06793562364593005,1.4231430650175276,0.00111765823290986,0.7108375487323192,0.20427461139896372,0.006450284133918093,-161.75108304735758,0.15399838793176887,-0.3207547169811321,7.83790537974495,0.3786975227049775,1.210923787556577,-0.02863891349276646,-0.3096891357760923,-0.14546773758099352,0.2954597921959937,0.16142892293387628,0.3119216065413376,Auto & Truck Dealerships,Consumer Cyclical,SAH
2013Q4,2013,Q4,2014-03-03,2013-12-31,28083000.0,2315369000.0,59264000.0,0.53,338700000.0,0.14628337858889878,3051170000.0,613639000.0,1732185000.0,1594536000.0,2437531000.0,1282138000.0,284368000.0,1285004160.0,2601022160.0,11.690143259925321,1.08632542633092,0.4323043291589784,2.149527653881191,0.022440619475344138,11.690143259925321,0.04576469227021099,0.5549889283306462,11.4393419506463,2.0940718565801717,0.04700352526439483,1.541697539578423,0.0010272340285653239,0.7588462786406526,0.22398616274577682,0.009204010264914771,-15.247931271803878,0.14628337858889878,0.2045454545454546,1.0312906808817515,3.59042197739595,1.4699168791644694,0.038698973567917176,0.20388391134736572,0.02612760799930742,-0.5642486820007346,0.2531982705280161,0.31860800979620113,Auto & Truck Dealerships,Consumer Cyclical,SAH
2013Q3,2013,Q3,2013-11-08,2013-09-30,23327000.0,2242196000.0,57755000.0,0.44,326081000.0,0.14542930234466567,2895932000.0,583730000.0,1574972000.0,1454071000.0,2312202000.0,1228651000.0,257605000.0,1256182111.8,2485465111.8,11.05952223765777,1.0831465588681708,0.42759153184536103,2.1213163620166857,0.02019754135227664,11.05952223765777,0.039961968718414335,0.5602463441197826,13.462748229519441,2.1519916944477755,0.056629656621082866,1.5595274817665878,0.0010515991173502077,0.7742571303469833,0.19315906857368037,0.008055092453828336,11.223327125064774,0.14542930234466567,1.588235294117647,1.6998067689830116,-0.04466844969263026,-0.5077194394200658,0.007025811751480825,1.6163077613279497,-0.0764519636689267,0.7804685634276042,0.2553183917485252,0.4604924929229446,Auto & Truck Dealerships,Consumer Cyclical,SAH
2013Q2,2013,Q2,2013-07-26,2013-06-30,8916000.0,2202436000.0,62536000.0,0.17,323806000.0,0.14702175227793227,2871480000.0,552850000.0,1630444000.0,1486093000.0,2318630000.0,1249817000.0,235601000.0,1124523860.0,2376232860.0,10.51105576363671,1.0971345669483672,0.4370216752336774,2.2698724789725966,0.02110215390561067,10.51105576363671,0.01612734014651352,0.5105818557270223,31.531063817855543,2.034048765487926,0.1516375056078959,1.5031240573619977,0.0012022866282268123,0.7670037750567652,0.20100558982513209,0.0031050190145848135,-12.732236500945415,0.14702175227793227,-0.575,-0.3660303853023352,-0.14472087269139292,-0.5451404537909944,0.03445786211743659,-0.581231506270255,0.1360473776954239,0.049906193774715335,0.260284468338272,0.43111961588079334,Auto & Truck Dealerships,Consumer Cyclical,SAH
2013Q1,2013,Q1,2013-04-26,2013-03-31,21291000.0,2083166000.0,55047000.0,0.4,313020000.0,0.15026166901725546,2687964000.0,541219000.0,1474586000.0,1406247000.0,2146745000.0,1142023000.0,227996000.0,1159521300.0,2288046300.0,10.2920739360286,1.0485967258952376,0.4214237988306391,2.093001169581999,0.020058403361951884,10.2920739360286,0.03933897368717654,0.5566149313112829,13.61515781316049,2.1424253398347064,0.0,1.5500090628647585,0.0,0.7749977306243685,0.20278585483204586,0.007920865011584977,39.30580677966102,0.15026166901725546,-0.27272727272727276,0.16192017599741387,-0.1505541366161259,-0.5385693553176747,0.02701904621290418,-0.29922322427753273,-0.16813503997098514,4.0574864951488046,0.31803081070339556,0.42695220508579174,Auto & Truck Dealerships,Consumer Cyclical,SAH
2012Q4,2012,Q4,2013-03-26,2012-12-31,30382000.0,2118043000.0,66173000.0,0.55,304785000.0,0.14389934481972275,2776722000.0,526545000.0,1611033000.0,1524155000.0,2250177000.0,1177966000.0,208048000.0,1134097210.0,2284134210.0,9.698926117629723,1.0570007643579558,0.4153847594393677,2.1905212280052035,0.02485791208022375,9.698926117629723,0.05770067135762375,0.5354457912327559,9.331982835231386,2.1538466987626887,0.09064577710486472,1.5393126796528933,0.0024283632617348562,0.7627853994746323,0.22875954217254807,0.01094167871324533,-7.986206384192329,0.14389934481972275,2.055555555555556,-0.009440046974391424,-0.2472470007978235,-0.5751481331457216,-0.009341511218589412,2.0254929296952797,0.14921588718500894,1.0378159357021375,0.037373715543040045,0.36478602778476776,Auto & Truck Dealerships,Consumer Cyclical,SAH
2012Q3,2012,Q3,2012-10-25,2012-09-30,10042000.0,2152246000.0,57581000.0,0.18,307659000.0,0.14294787863469138,2503361000.0,559122000.0,1355194000.0,1224200000.0,1944239000.0,1033290000.0,179008000.0,1043006860.0000001,2561562860.0,10.15311699867439,1.1070037575559548,0.6315641251900944,2.82770665436166,0.016138402030440233,10.15311699867439,0.01796030204499197,0.48461321800574847,25.966113821947822,1.8654369887072948,0.13104959171479785,1.7851590550571474,0.001261736667772252,0.8597425620995134,0.24762375428851494,0.004011407064342698,16.91627649739689,0.14294787863469138,-0.6170212765957447,-0.7028721680533577,-0.23941689785222353,-0.5382800679408034,-0.040879503198533534,-0.643635331275063,-0.03749331372024606,-0.5052939787482162,0.08721432626188003,0.22493288149834328,Auto & Truck Dealerships,Consumer Cyclical,SAH
2012Q2,2012,Q2,2012-07-25,2012-06-30,28179000.0,2185229000.0,59824000.0,0.47,320772000.0,0.14679102281728826,2469999000.0,561846000.0,1323661000.0,1262030000.0,1908153000.0,1033044000.0,170391000.0,718946310.0,2241399310.0,10.682904569049112,1.0488348137524464,0.6187698861416543,2.720248965018884,0.020640258672498225,10.682904569049112,0.050154312747621235,0.3290027315215019,6.378387362929842,1.2796145385034334,0.04751765499130558,1.8048185750074537,0.0018624478370297222,0.8847084553475528,0.2139537094997742,0.011408506643120098,-22.98568674467677,0.14679102281728826,0.34285714285714286,-0.12823790592448447,-0.14723858670544865,-0.5162477881354527,0.028547242592242256,0.37471948482778805,0.12204362586041975,843.2460695997859,0.22231728280600563,0.9844890671709041,Auto & Truck Dealerships,Consumer Cyclical,SAH
2012Q1,2012,Q1,2012-04-27,2012-03-31,20498000.0,1987842000.0,53317000.0,0.35,311869000.0,0.15688822351072168,2415578000.0,545323000.0,1263336000.0,1202264000.0,1870255000.0,986095000.0,143551000.0,935331840.0,2402034840.0,10.441999846813726,1.050797495392027,0.6081621044735462,2.6939318532319376,0.01601331231290931,10.441999846813726,0.037588731815822916,0.4705262490680849,11.407598790125865,1.7151886863381884,0.06507951995316616,1.699606021732186,0.0014262317852880963,0.8229260243304087,0.2140636332785478,0.008485753720227623,-18.2946414740054,0.15688822351072168,-0.11002044989775053,-0.15827456492983114,-0.1650506868052169,-0.5128820337077445,0.021533271098445765,-0.0019476093095724997,0.0071212693615413675,8.379570277809425,0.2876014230552952,0.9285877225604817,Auto & Truck Dealerships,Consumer Cyclical,SAH
2011Q4,2011,Q4,2012-03-05,2011-12-31,20538000.0,2070798000.0,52940000.0,0.3932674632352941,305295000.0,0.14742867242483332,2339629000.0,522742000.0,1180729000.0,1156675000.0,1816887000.0,863133000.0,124383000.0,773437440.0,2187484440.0,10.00961243872549,1.0207958155921066,0.6052070648807995,2.7087167283286977,0.01773962116172528,10.00961243872549,0.039288980032214746,0.37349728945073346,9.414712240724512,1.4795777649394921,0.06412503651767455,2.045458811098637,0.0017027880108829486,0.8850967396967638,0.2638528540860657,0.008778314852483022,-12.30314865187306,0.14742867242483332,0.1917195855614972,-0.2745053824880462,-0.13240246353151647,-0.5252233859304738,0.007827045727641256,0.058605226534714706,-0.015582580237271746,1.0230013141951788,3.1266070911295216,1.114850961754651,Auto & Truck Dealerships,Consumer Cyclical,SAH
2011Q3,2011,Q3,2011-10-31,2011-09-30,19401000.0,1992849000.0,53778000.0,0.33,302924000.0,0.15200549564969548,2238198000.0,505346000.0,1067310000.0,1044297000.0,1732852000.0,815567000.0,105167000.0,565029140.0,1865779140.0,9.650269258679296,1.022036834348849,0.5936726777523704,2.629400450384489,0.01803409462034672,9.650269258679296,0.038391517890712504,0.2835283255279251,7.280928044946137,1.1181035171941598,0.06829544868821195,2.072086045659032,0.002345011798860498,0.8903810118675828,0.2183459303244192,0.008668133918446893,14.461969285897109,0.15200549564969548,-0.05714285714285704,-0.45229659524713384,-0.22159811495778917,-0.537795156892583,-0.021980292640088852,-0.09133061683293522,-0.09594015297974279,1.586637216722815,-0.1441824530989209,-0.570447994196894,Auto & Truck Dealerships,Consumer Cyclical,SAH
2011Q2,2011,Q2,2011-08-01,2011-06-30,21351000.0,1968252000.0,59485000.0,0.35,309732000.0,0.1573639960736735,2254489000.0,496045000.0,1100911000.0,1028474000.0,1758444000.0,861655000.0,87089000.0,768553650.0,2112028650.0,9.4555002763958,1.070431532542388,0.6007960118678778,2.7305748470400872,0.019287049868727923,9.4555002763958,0.04304246590531101,0.3904752287816804,8.999035759449205,1.549362759427068,0.062011147018874994,1.9248074925579264,0.0017227164297508703,0.8730368611246273,0.20413641958863327,0.00947043875574465,9.05075191954402,0.1573639960736735,0.34615384615384603,0.41631039375511353,-0.2175475798084731,-0.5318426507965924,0.06375700626442467,0.4268243785084202,0.2228389351423579,0.5220923843702925,-0.23368083569809783,-0.5908189755990366,Auto & Truck Dealerships,Consumer Cyclical,SAH
2011Q1,2011,Q1,2011-04-28,2011-03-31,14964000.0,1839376000.0,48645000.0,0.26,291168000.0,0.15829716164612348,2324549000.0,478271000.0,1186879000.0,1117577000.0,1846278000.0,931236000.0,67066000.0,734348160.0,2183436160.0,9.124523046398046,1.0620109397383803,0.6269788247096534,3.0473162704826344,0.015077775273721368,9.124523046398046,0.031287700905971716,0.3992376545089204,12.268580593424218,1.535422720591464,0.08821170809943865,1.6625302286423636,0.00179751250415062,0.7912829542418766,0.20034503215438398,0.006437377745102384,-11.091699669219267,0.15829716164612348,-0.7882313453709171,-0.2953783071999616,-0.19396451226070113,-0.5492979173466408,0.023347684737720763,-0.7674736613108742,-0.043776537191382296,-0.1807165273962149,-0.24753101512376452,-0.5909148556561161,Auto & Truck Dealerships,Consumer Cyclical,SAH
2010Q4,2010,Q4,2011-02-24,2010-12-31,64354000.0,1844893000.0,50872000.0,1.227754884004884,284525000.0,0.15422303624112618,2250764000.0,464695000.0,1190350000.0,1105587000.0,1786069000.0,903221000.0,53427000.0,693987840.0,2089581840.0,8.865518162393162,1.0766678696475267,0.6297577178238145,3.050250164086121,0.0626206683658915,8.865518162393162,0.13848653417833204,0.3761669863780718,2.6959778723933248,1.4934265270769,0.0,1.727559478798655,0.0,0.8196741195434084,0.2365042280706991,0.028592069181842254,-28.710402118153237,0.15422303624112618,4.338064713064713,1.4718673255589472,-0.24427179795232942,-0.5500962794269387,0.009673561652099547,3.956026184058529,0.0905037513397642,1.173141067911753,-0.32089508902600217,-0.6116547444281664,Auto & Truck Dealerships,Consumer Cyclical,SAH
2010Q3,2010,Q3,2010-10-28,2010-09-30,12985000.0,1770260000.0,46650000.0,0.23,281799000.0,0.15918509145549242,2072101000.0,396123000.0,1070216000.0,1002715000.0,1675978000.0,863917000.0,-9604000.0,514217130.0,1832491130.0,7.572460859092734,1.0673182310028273,0.6413282943254214,3.354758496729551,0.01684717541139154,7.572460859092734,0.03278022230468819,0.2904754838272344,9.900214285714286,1.2981249005990563,0.0,1.7229212991525806,0.0,0.8543309423623655,0.17668928858150124,0.006266586426047765,52.788946720049275,0.15918509145549242,0.43750000000000006,-0.6124440514329924,-0.32157181375698,-0.6185848585824787,-0.011297492447871897,0.5392366050260787,-0.027537470555127057,-0.5955365901430746,-0.34142386746420655,-0.6556371689760185,Auto & Truck Dealerships,Consumer Cyclical,SAH
2010Q2,2010,Q2,2010-07-29,2010-06-30,8436000.0,1736008000.0,47971000.0,0.16,285019000.0,0.16418069501983862,2100802000.0,383750000.0,1104598000.0,1024666000.0,1717052000.0,868686000.0,-22589000.0,447251440.0,1799384440.0,7.3446381748933,1.0780078581703696,0.6532052996903087,3.5759087947882735,0.01627243212727314,7.3446381748933,0.021983061889250814,0.2576321307275082,13.254250829777147,1.1654760651465799,0.0,1.6703262168378448,0.0,0.8263548873239839,0.20881340846675892,0.0040156092768380836,25.144849609265194,0.16418069501983862,1.0,-0.750489239029207,-0.32418013993301587,-0.6197314717161609,0.060768689684433046,1.0308136735676456,0.3386259627190535,-0.7373006871781074,-0.31808181969326843,-0.6674139566178229,Auto & Truck Dealerships,Consumer Cyclical,SAH
2010Q1,2010,Q1,2010-04-30,2010-03-31,4154000.0,1559565000.0,35836000.0,0.08,268691000.0,0.1722858617627351,2278504000.0,374256000.0,1286076000.0,1203168000.0,1904248000.0,830255000.0,-31025000.0,570779000.0,1909338000.0,7.212626953689607,1.068908082661773,0.6814216696569328,4.148556068573383,0.010600855079831328,7.212626953689607,0.011099354452567227,0.3659860281552869,34.35116754935002,1.525103137959044,0.0,1.5547922023956495,0.0,0.6844688444698802,0.3537801869730578,0.0018231260511282841,3.4283285982857725,0.1722858617627351,-0.7086933333333333,-0.8046892740104923,-0.31263450651431696,-0.6157815725076193,-0.1460394544894022,-0.7084912280701754,0.26727491336020937,-0.8283197702413059,-0.3407098895444823,-0.6635318689093769,Auto & Truck Dealerships,Consumer Cyclical,SAH
2009Q4,2009,Q4,2010-02-24,2009-12-31,14250000.0,1951475000.0,28278000.0,0.27462467960454046,314641000.0,0.16123240113247672,2068855000.0,368752000.0,1085383000.0,1006901000.0,1700103000.0,795275000.0,-35180000.0,539126710.0,1848596710.0,7.106554375686562,1.0779441077126748,0.647462001928603,3.6325362303119713,-0.022755256845478307,7.106554375686562,0.038643858202802965,0.27626626526089243,9.458363333333335,1.4620306059356967,0.0023157894736842107,2.05819873628619,6.121010031203981e-05,0.9432633026480831,0.26120144880181867,0.006887867926945098,-11.625624487859577,0.16123240113247672,0.6154392917914143,-0.21542249201872612,-0.14758433311593927,-0.6145388553059067,0.2220586636009135,-0.08618699499807618,-0.3765185756807408,-0.4933760213724233,-0.17711641899089933,-0.6629214322888358,Auto & Truck Dealerships,Consumer Cyclical,SAH
2009Q3,2009,Q3,2009-10-30,2009-09-30,15594000.0,1520762000.0,45355000.0,0.17,257468000.0,0.16930196835533765,2004768000.0,350654000.0,1121191000.0,988309000.0,1654114000.0,657475000.0,-49430000.0,444202500.0,1710640500.0,8.288712918094788,1.1344539005513459,0.6320192660696898,3.6133966816291845,0.01619823177995487,8.288712918094788,0.04447118812276489,0.29209205648221087,7.12136879569065,1.2667829256189862,0.00025650891368475054,1.921432754097114,9.004902043549958e-06,0.7585725630097847,0.1657123430020368,0.0077784561605133366,2.6226597233292592,0.16930196835533765,271.0261538461539,-0.2095010694139947,-0.25042001504604083,-0.546673239858179,0.06464765086795074,598.7692307692307,0.24321583246532535,-0.4550752207721333,-0.26472730221526547,-0.6030076310643034,Auto & Truck Dealerships,Consumer Cyclical,SAH
2009Q2,2009,Q2,2009-08-10,2009-06-30,26000.0,1392611000.0,36482000.0,0.0006249399096240747,241834000.0,0.17365509822915373,2099945000.0,220539000.0,1206351000.0,1135323000.0,1879406000.0,790101000.0,-65027000.0,416234880.0,1897503880.0,5.383201523140012,1.062561931714587,0.7078433006578744,6.739996100462957,0.011752692194684621,5.383201523140012,0.00011789298037988746,0.29888811735653387,4002.2584615384617,1.8873527131255696,1.2692307692307692,1.456493536902244,7.928215915014138e-05,0.6631654638573867,0.16791344841952466,1.2381276652483756e-05,4.581460837405891,0.17365509822915373,-0.9843765022593981,-0.9991231144682259,-0.24960351791210264,-0.7004702529530416,0.10810018236636394,-0.9845053635280095,0.2629210371447364,-0.9977914594800575,-0.2910773373430416,-0.7334688507606277,Auto & Truck Dealerships,Consumer Cyclical,SAH
2009Q1,2009,Q1,2009-05-08,2009-03-31,1678000.0,1185397000.0,28887000.0,0.04,218242000.0,0.18410878380829376,2211621000.0,217109000.0,1398376000.0,1346545000.0,1994512000.0,802830000.0,-65057000.0,64158400.0,1612508400.0,5.414324546746801,1.0384918439413462,0.7003749738314115,7.134499260739997,0.008996258505833089,5.414324546746801,0.007728836667296151,0.05412397703048008,9.558760429082241,0.2955123923927613,2.898688915375447,1.2046821867643212,0.07581236439811466,0.5359855960854052,0.15340816682695343,0.0007587195093553552,0.43807585947902083,0.18410878380829376,1.0023395084867641,-0.9222997523320451,-0.2852784551576995,-0.6880370845700836,1.527880093590011,1.0024475019581474,1.0362489427862258,-0.896716582435524,-0.3209874443418003,-0.7325616542397481,Auto & Truck Dealerships,Consumer Cyclical,SAH
2008Q4,2008,Q4,2009-03-31,2008-12-31,-685597000.0,385308000.0,-796906000.0,-17.097608419162572,86334000.0,0.22406490392101902,2410701000.0,189789000.0,1594231000.0,2149780000.0,2220912000.0,916837000.0,-40597000.0,159594020.0,1824983020.0,4.733010798274271,0.7415786731665566,0.6937235268911408,8.811680339745717,-0.34874782274058097,4.733010798274271,-3.6124169472414103,0.4141985632273402,-0.05819527360825675,0.8409023705272698,-0.006865549294993998,0.32609286056300085,0.029493586288508802,0.159832347520493,0.11814976416191424,-0.28439735993804294,-3.040523157232944,0.22406490392101902,-26.139060982797734,-51.973567605888675,-0.7105693434007088,-0.7208109686735239,-0.6978084867322616,-26.046313464041972,-91.35215419501134,-35.42301077122932,-0.7936840489918,-0.7598110873328515,Auto & Truck Dealerships,Consumer Cyclical,SAH
2008Q3,2008,Q3,2008-10-31,2008-09-30,-25349000.0,1784841000.0,8820000.0,-0.63,285693000.0,0.16006635885213305,3152352000.0,901736000.0,1398320000.0,1389492000.0,2250616000.0,1030704000.0,649692000.0,339567480.00000006,2094473480.0,22.46589267028751,1.0063534010991066,0.5590257686958817,1.9542815192029597,0.0021415511472824885,22.46589267028751,-0.028111331919763657,0.1902508290654462,-3.3489238234249874,0.3765708366972152,-0.193735453075072,1.4544893587295673,0.014462515668461537,0.5661934327130981,0.15974543214354597,-0.008041297418562394,3.8045923900864973,0.16006635885213305,-3.333333333333333,-2.473499708032259,-0.1070638897894325,0.34454341491918533,-0.08064874257855867,-3.344741467024327,-0.8525921716749674,-1.9860310210998737,-0.10853631977563413,0.13157820018566704,Auto & Truck Dealerships,Consumer Cyclical,SAH
2008Q2,2008,Q2,2008-07-29,2008-06-30,10811000.0,1979519000.0,59834000.0,0.27,310755000.0,0.1569851059777653,3382522000.0,934317000.0,1598069000.0,1576286000.0,2448205000.0,1156208000.0,680040000.0,521168480.0,2452375480.0,23.1083547685002,1.0138191927099525,0.5743016601222402,2.0791530069558832,0.012475480944740712,23.1083547685002,0.011571019257917816,0.26328036255272114,12.051810193321618,0.5578069113587787,0.39071316251965593,1.4433077785311985,0.008104864668715192,0.5852198448376684,0.18468793099729364,0.003196135900963837,10.162993701370878,0.1569851059777653,-0.22857142857142848,-0.6181977575971068,0.026746279533252523,0.4063149996768525,0.01672539531414101,-0.23909065315315314,0.08283113451689379,-0.5867895128040067,-0.004155198178196905,0.19643471191228085,Auto & Truck Dealerships,Consumer Cyclical,SAH
2008Q1,2008,Q1,2008-04-29,2008-03-31,14208000.0,1901522000.0,55257000.0,0.35,305643000.0,0.16073597886324745,3424116000.0,909452000.0,1665967000.0,1493545000.0,2514664000.0,1182086000.0,673515000.0,837905700.0,2806602700.0,22.304703978025213,1.115444797445005,0.5764433798387671,2.1703278457796564,0.01149872746202374,22.304703978025213,0.015622594705383021,0.4406500161449618,14.743554687500001,0.9213303175978501,0.3704954954954955,1.3500532110184877,0.00628232986122424,0.5553322375760634,0.2080526532511575,0.004149392135079536,-8.018313093905205,0.16073597886324745,-0.38049574578919954,0.22059972648632778,0.1408137536839337,0.4228177244433899,-0.05191111055965358,-0.383226254558083,-0.2848008697790606,-0.1498715837327517,0.06654106833769687,0.1881771153762483,Auto & Truck Dealerships,Consumer Cyclical,SAH
2007Q4,2007,Q4,2008-02-29,2007-12-31,23036000.0,2113264000.0,77261000.0,0.5649678716829352,322378000.0,0.15254979974106406,3282744000.0,930828000.0,1580061000.0,1426117000.0,2351916000.0,1093017000.0,664280000.0,789384640.0,2600537640.0,22.82895963113749,1.1079462624735559,0.5567497800620457,1.9634851981246804,0.016752393542402582,22.82895963113749,0.024747858895520978,0.37353810976763907,8.566858829657926,0.8480456539768894,0.22569022399722174,1.6384795478935825,0.006586142846660914,0.6437492536731466,0.25511441207137986,0.007017300161084751,-65.25457882119534,0.15254979974106406,-0.025917462615628963,0.08029057067430713,0.28308093382716987,0.4664852626143537,-0.037542580600860416,-0.1176312866281074,-0.036261351162558624,0.6140613636501182,0.17471947435591118,0.2382480237820412,Auto & Truck Dealerships,Consumer Cyclical,SAH
2007Q3,2007,Q3,2007-11-02,2007-09-30,26107000.0,2185875000.0,80168000.0,0.58,334953000.0,0.15323520329387544,3230131000.0,935423000.0,1536645000.0,1407465000.0,2294708000.0,1048059000.0,646457000.0,1002218840.0,2736326840.0,21.9897740896589,1.0917820336562543,0.5417102278514401,1.8705922347429986,0.01822574515880652,21.9897740896589,0.027909298787821123,0.4584977823526048,9.597223350059371,1.0714070960410422,0.20281916727314514,1.766047522133773,0.005283277253099732,0.6767140403903124,0.24308313172974105,0.00808233474122257,11.12711046963473,0.15323520329387544,0.017543859649122823,-0.18087237764893044,0.08823398831755043,0.4787677477396149,0.02988626615380358,-0.009898361650485438,0.06375807757122195,0.3161492755219894,0.07148593759156181,0.20266597996821023,Auto & Truck Dealerships,Consumer Cyclical,SAH
2007Q2,2007,Q2,2007-08-02,2007-06-30,26368000.0,2090350000.0,75363000.0,0.57,325233000.0,0.155587820221494,3309092000.0,947423000.0,1652724000.0,1488911000.0,2361669000.0,1109214000.0,625552000.0,1242870940.0,3039730940.0,22.083422684257144,1.1100220228072732,0.5466807813140281,1.90940794133138,0.016663214438215425,22.083422684257144,0.02783128549760772,0.5945755208457913,11.783894682949027,1.3118437487795842,0.1982327063106796,1.591322323735546,0.004205585497075022,0.6316989675717689,0.22229938525539808,0.007968349021423399,43.614097624311334,0.155587820221494,0.29545454545454536,-0.1674813424279876,0.08951375416023377,0.5226475227393299,0.04757410705945636,0.31899354709619326,0.17057827619949986,-0.15079220727721537,0.07559110287281182,0.22875615599995172,Auto & Truck Dealerships,Consumer Cyclical,SAH
2007Q1,2007,Q1,2007-05-10,2007-03-31,19991000.0,1954408000.0,64381000.0,0.44,310463000.0,0.1588527062926472,3179995000.0,918995000.0,1644250000.0,1459769000.0,2261000000.0,1069693000.0,604489000.0,1221823500.0,2909038500.0,21.436285600989013,1.1263768445555427,0.5349744260604183,1.8511700281285535,0.014987888948536742,21.436285600989013,0.02175311073509649,0.6251629649489768,15.279669601320595,1.3295213793328582,0.26061727777499877,1.5368381395409711,0.004264118344425361,0.6145946770356557,0.23846101677731202,0.006286487871836276,-8.106901150523509,0.1588527062926472,-0.1882938164292783,-0.14196251764551113,0.1535640829243235,0.5021491074150527,0.018559345944633637,-0.13976505013124488,-0.12939824205544287,-0.13416548527605562,0.10219442507947336,0.23511734369358253,Auto & Truck Dealerships,Consumer Cyclical,SAH
