Quarters,Year,Quarter,FillingDate,Date,NetIncome,Revenue,OperatingIncome,EPSDiluted,GrossProfit,GrossProfitRatio,TotalAssets,CommonStockEquity,CurrentAssets,CurrentLiability,TotalLiability,Inventory,RetainedEarnings,MarketCap,EnterpriseValue,bookValuePerShare,currentRatio,debtToAssets,debtToEquity,roic,shareholdersEquityPerShare,roe,priceToSalesRatio,peRatio,pbRatio,payoutRatio,inventoryTurnover,dividendYield,assetTurnover,quickRatio,returnOnAssets,priceToFreeCashFlowsRatio,grossProfitMargin,epsdilutedGrowth,fiveYNetIncomeGrowthPerShare,fiveYRevenueGrowthPerShare,fiveYShareholdersEquityGrowthPerShare,grossProfitGrowth,netIncomeGrowth,operatingIncomeGrowth,threeYNetIncomeGrowthPerShare,threeYRevenueGrowthPerShare,threeYShareholdersEquityGrowthPerShare,Industry,Sector,Symbol
2020Q2,2020,Q2,2020-03-31,2020-03-31,16676576.75,16840741.25,0.0,0.4250948375297124,0.0,0.0,507054223.0,501950408.0,0.0,0.0,5103815.0,0.0,64731192.0,475078327.5,475078327.5,12.79498366694069,0.0,0.0,0.0,0.0,12.79498366694069,0.0332235545269245,28.210060379616603,7.121940171264465,0.9464646704699959,1.2696868378577755,0.0,0.04456955574341581,0.03321290009254099,0.0,0.032889138860401526,-6.87954793472371,0.0,-0.420124901061668,0.0,0.0,0.0,-1.0,-0.42012244778031343,-1.0,0.0,0.0,0.0,Asset Management,Financial Services,EOI
2019Q4,2019,Q4,2019-09-30,2019-09-30,28758790.0,5121050.0,1828750.0,0.73308,2013820.0,0.3932435730953613,601669849.0,591012840.0,0.0,0.0,10657009.0,0.0,154961842.0,593945985.0,593945985.0,15.065232569254594,0.0,0.0,0.0,0.0030942644156428142,15.065232569254594,0.04866017800899216,115.9812899698304,5.163169112817333,1.004962912480886,0.7350083226728245,0.0,0.03558901067409353,0.008511395424768909,0.0,0.04779829012173086,20.652676451269336,0.3932435730953613,10.871740890688258,10.565675371810785,1.3390572556885916,0.04316001004105945,0.0,10.83828250413673,0.0,0.0,0.0,0.0,Asset Management,Financial Services,EOI
2019Q2,2019,Q2,2019-03-31,2019-03-31,2429304.25,2590014.75,0.0,0.06175,0.0,0.0,598842736.0,583109360.0,0.0,0.0,15733376.0,0.0,147341011.0,574378016.0,574378016.0,14.82194028818819,0.0,0.0,0.0,0.0,14.82194028818819,0.004166121171507177,221.766310790315,59.10931247084427,0.98502623247207,8.536234191332765,0.0,0.03610359279488858,0.004325033258815383,0.0,0.004056664803562049,-30.164425307366987,0.0,-0.9615604885397343,0.0,0.0,0.0,-1.0,-0.9615082098932585,-1.0,0.0,0.0,0.0,Asset Management,Financial Services,EOI
2018Q4,2018,Q4,2018-09-30,2018-09-30,63112270.0,5164650.0,1834330.0,1.60642,2014320.0,0.39002062095204904,627494587.0,622888038.0,0.0,0.0,4606549.0,0.0,187119689.0,628991914.4000001,628991914.4000001,15.85463542546931,0.0,0.0,0.0,0.002944879156597321,15.85463542546931,0.1013220131865817,121.78790709922262,2.4915595430175466,1.0097993154911094,0.25961433489874475,0.0,0.026049380961644993,0.008230588927773492,0.0,0.10057819032628564,9.966238172070186,0.39002062095204904,1.6259419697588884,1.4396128775952486,1.3060662135277843,0.19287544842408247,0.0,1.6332602752625998,0.0,0.0,0.0,0.0,Asset Management,Financial Services,EOI
2018Q2,2018,Q2,2018-03-31,2018-03-31,23967349.75,24124878.0,0.0,0.61175,0.0,0.0,583413114.0,579219739.0,0.0,0.0,4193375.0,0.0,-18593672.0,546929626.4,546929626.4,14.784182765272853,0.0,0.0,0.0,0.0,14.784182765272853,0.0413786826246265,22.670772735099426,5.704944769706964,0.9442523960669096,0.8472905937378412,0.0,0.03712965803967645,0.04135127822992337,0.0,0.04108126672997618,16.69650626901685,0.0,-0.301846526065918,0.0,0.0,0.0,-1.0,-0.30175196751753386,-1.0,0.0,0.0,0.0,Asset Management,Financial Services,EOI
2017Q4,2017,Q4,2017-09-30,2017-09-30,34324980.0,5291250.0,2189700.0,0.87624,2358640.0,0.44576234349161353,570387840.0,566769920.0,0.0,0.0,3617920.0,0.0,-1189130.0,549206161.0,549206161.0,14.468363326317455,0.0,0.0,0.0,0.0038634725004460363,14.468363326317455,0.06056245892513138,103.7951639026695,4.000047203232165,0.9690107777773387,0.5918319544541614,0.0,0.0369890606525807,0.00927658275463937,0.0,0.060178316564392396,15.99353046817827,0.44576234349161353,0.0,0.3418156726034699,1.3189597789983076,0.14385651307507782,0.0,0.0,0.0,12.824338853662763,1.4203256693450848,0.0018310678827963103,Asset Management,Financial Services,EOI
2014Q4,2014,Q4,2014-09-30,2014-09-30,2510000.0,2210000.0,610000.0,0.06338,0.0,0.0,580000000.0,571900000.0,0.0,0.0,8100000.0,0.0,-200000.0,543312000.0,543312000.0,14.441919191919192,0.0,0.0,0.0,0.0010666200384682636,14.441919191919192,0.004388879174680888,245.8425339366516,54.11474103585657,0.9500122399020808,8.087649402390438,0.0,0.03736343022057308,0.003810344827586207,0.0,0.0043275862068965516,18.35513513513514,0.0,0.0,-0.9543952436205331,-0.06446204786453748,0.0907712382754446,0.0,0.0,0.0,1.0289536298580826,-0.0968523260776782,0.11667329418002362,Asset Management,Financial Services,EOI
2013Q4,2013,Q4,2013-09-30,2013-09-30,25990000.0,2250000.0,760000.0,0.65847,0.0,0.0,551500000.0,524600000.0,0.0,0.0,26900000.0,0.0,-200000.0,476008200.0,476008200.0,13.291107170002533,0.0,0.0,0.0,0.0014487228364468167,13.291107170002533,0.04954250857796416,211.5592,4.578762985763755,0.9073736179946627,0.7810696421700652,0.0,0.042646324159961946,0.004079782411604714,0.0,0.0471260199456029,15.45481168831169,0.0,0.0,1.4826088530167576,-0.2716390260118546,-0.18527239165698764,0.0,0.0,0.0,-0.2960475645794167,0.00029594716196495785,0.05268671768638739,Asset Management,Financial Services,EOI
2012Q4,2012,Q4,2012-09-30,2012-09-30,26010000.0,2320000.0,910000.0,0.65303,0.0,0.0,513000000.0,503800000.0,0.0,0.0,9200000.0,0.0,-145400000.0,443706200.0,443706200.0,12.648757218177254,0.0,0.0,0.0,0.0018062723302897975,12.648757218177254,0.05162763001190949,191.2526724137931,4.264765474817378,0.8807189360857484,0.7958477508650519,0.0,0.046652492122039306,0.004522417153996101,0.0,0.050701754385964914,37.28623529411763,0.0,0.0,1.1361586825441352,-0.34824396442540967,-0.39338517495919256,0.0,0.0,0.0,-0.5301473828329617,-0.023568006350641622,-0.04466294332704988,Asset Management,Financial Services,EOI
2011Q4,2011,Q4,2011-09-30,2011-09-30,-75460000.0,2130000.0,690000.0,-2.18915,0.0,0.0,483000000.0,445800000.0,0.0,0.0,37100000.0,0.0,-133200000.0,337116600.0,337116600.0,12.932985204525675,0.0,0.0,0.0,0.001547779273216689,12.932985204525675,-0.16926873037236428,158.27070422535212,-1.1168718526371586,0.7562059219380888,-0.2915451895043732,0.0,0.06525931977244669,0.004409937888198758,0.0,-0.156231884057971,-4.372459143968872,0.0,-5.93663321682264,-5.252084443724798,0.3390680497730107,-0.3407712945334593,0.0,-5.2109375,0.5,-0.6044701757041411,-0.21046825542011055,-0.20722480304725738,Asset Management,Financial Services,EOI
2011Q2,2011,Q2,2011-03-31,2011-03-31,17920000.0,2010000.0,460000.0,0.44345,0.0,0.0,554400000.0,544900000.0,0.0,0.0,9400000.0,0.0,-176800000.0,498659400.0,498659400.0,13.484286067804998,0.0,0.0,0.0,0.0008441915947880345,13.484286067804998,0.032886768214351256,248.0892537313433,6.956743861607143,0.9151392916131401,1.3392857142857142,0.0,0.048129043591678,0.0036255411255411256,0.0,0.03232323232323232,9.132956043956044,0.0,-0.5259247380799658,-0.2687307311712655,-0.19670643114553557,-0.32814367818543416,0.0,-0.5294117647058824,-0.5053763440860215,1.3070129105913737,-0.4425767171409256,-0.27247235470637915,Asset Management,Financial Services,EOI
2010Q4,2010,Q4,2010-09-30,2010-09-30,38080000.0,2320000.0,930000.0,0.9354,0.0,0.0,535300000.0,514000000.0,0.0,0.0,21300000.0,0.0,-145400000.0,528822900.0,528822900.0,12.625890444608205,0.0,0.0,0.0,0.0018093385214007782,12.625890444608205,0.07408560311284047,227.9409051724138,3.4717889968487397,1.028838326848249,0.7300420168067226,0.0,0.05256958425968315,0.0043340183074911266,0.0,0.07113767980571642,-28.897426229508202,0.0,0.4947028650868475,0.377453705499317,0.26854411543174933,-0.3539533578698698,0.0,0.5099127676447264,0.10714285714285714,2.059844118684875,-0.3623325252533547,-0.39448183003830994,Asset Management,Financial Services,EOI
2010Q2,2010,Q2,2010-03-31,2010-03-31,25220000.0,2280000.0,840000.0,0.62581,0.0,0.0,578200000.0,559000000.0,0.0,0.0,19200000.0,0.0,-182500000.0,566618000.0,566618000.0,13.870967741935484,0.0,0.0,0.0,0.0015026833631484795,13.870967741935484,0.045116279069767444,248.51666666666668,5.616752577319588,1.0136279069767442,1.2014274385408406,0.0,0.053475180809646,0.003943272224143895,0.0,0.04361812521618817,10.630731707317073,0.0,-0.5497283879555348,0.0,0.0,0.0,0.0,-0.5508459483526269,-0.10638297872340426,-0.5257431288739511,0.037220843672456594,-0.3129541637815079,Asset Management,Financial Services,EOI
2009Q4,2009,Q4,2009-09-30,2009-09-30,56150000.0,2410000.0,940000.0,1.38985,0.0,0.0,566000000.0,534900000.0,0.0,0.0,31000000.0,0.0,-139200000.0,552833600.0,552833600.0,13.240099009900991,0.0,0.0,0.0,0.0017573378201532997,13.240099009900991,0.10497289212936997,229.39153526970955,2.461414069456812,1.033527014395214,0.5823686553873553,0.0,0.059149805655806735,0.004257950530035336,0.0,0.09920494699646643,5.142638139534884,0.0,0.0,1.046678228678131,0.3278663639844646,-0.32252528688225696,0.0,0.0,0.0,1.6995710290505792,0.2927067166176077,-0.3251168858144556,Asset Management,Financial Services,EOI
2008Q4,2008,Q4,2008-09-30,2008-09-30,-54740000.0,3140000.0,1270000.0,-1.36441,0.0,0.0,665100000.0,654500000.0,0.0,0.0,10600000.0,0.0,-600000.0,533997200.0,533997200.0,16.3135593220339,0.0,0.0,0.0,0.0019404125286478229,16.3135593220339,-0.08363636363636363,170.0628025477707,-2.438788819875777,0.8158857142857142,-0.5955425648520276,0.0,0.06104900924574135,0.004721094572244775,0.0,-0.0823034130205984,-9.451277876106195,0.0,0.055392475872668705,-3.0092086678560808,0.7421575053843992,-0.165261233064839,0.0,0.05539257981018119,-0.23952095808383234,-3.0092086678560808,0.7421575053843992,-0.165261233064839,Asset Management,Financial Services,EOI
2008Q2,2008,Q2,2008-03-31,2008-03-31,-57950000.0,3580000.0,1670000.0,-1.44442,0.0,0.0,765400000.0,743600000.0,0.0,0.0,21800000.0,0.0,-7800000.0,692070000.0,692070000.0,18.534396809571287,0.0,0.0,0.0,0.002245831091984938,18.534396809571287,-0.07793168370091447,193.31564245810057,-2.985634167385677,0.9307019903173749,-0.6419327006039689,0.0,0.05375178811391911,0.004677292918735302,0.0,-0.07571204598902534,-12.184330985915492,0.0,-5.724959110238796,0.0,0.0,0.0,0.0,-5.719055374592834,0.1360544217687075,0.0,0.0,0.0,Asset Management,Financial Services,EOI
2007Q4,2007,Q4,2007-09-30,2007-09-30,12280000.0,3590000.0,1470000.0,0.3057,0.0,0.0,914700000.0,837600000.0,0.0,0.0,77100000.0,0.0,23500000.0,786930300.0,786930300.0,20.851381628080656,0.0,0.0,0.0,0.0017550143266475645,20.851381628080656,0.014660936007640879,219.20064066852368,16.020567996742674,0.9395060888252149,2.6628664495114007,0.0,0.04155387078118609,0.003924784082212748,0.0,0.013425166721329398,13.337801694915253,0.0,-0.7683301125383653,-0.549828797784853,0.9893505089557227,0.0669318844238882,0.0,-0.7682144205360514,2.972972972972973,-0.549828797784853,0.9893505089557227,0.0669318844238882,Asset Management,Financial Services,EOI
2007Q2,2007,Q2,2007-03-31,2007-03-31,52980000.0,2190000.0,370000.0,1.31955,0.0,0.0,828100000.0,810600000.0,0.0,0.0,17600000.0,0.0,35800000.0,842347000.0,842347000.0,20.189290161892902,0.0,0.0,0.0,0.0004564520108561559,20.189290161892902,0.06535899333826795,384.6333333333333,3.9748348433371086,1.0391648161855416,0.613439033597584,0.0,0.038582674361041236,0.0026446081391136335,0.0,0.06397778046129694,15.62795918367347,0.0,1.5630292906534071,0.0,0.0,0.0,0.0,1.566860465116279,1.251700680272109,0.0,0.0,0.0,Asset Management,Financial Services,EOI
2023Q2,2023,Q2,2023-03-31,2023-03-31,,,,,,,643155689.0,628370844.0,5342069.0,8015801.0,14784845.0,0.0,211624758.0,0.0,0.0,0.0,0.6664423181164303,0.0,0.0,,0.0,,0.0,0.0,0.0,0.0,0.0,,,0.6664423181164303,,0.0,0.0,0.0,-1.0,-1.0,-1.0,0.0,0.0,0.0,-1.0,-1.0,-1.0,Asset Management,Financial Services,EOI
2022Q4,2022,Q4,2022-09-30,2022-09-30,,,,,,,600875843.0,576103957.0,23873108.0,21850418.0,24771886.0,0.0,162508686.0,0.0,0.0,0.0,1.0925698538124076,0.0,0.0,,0.0,,0.0,0.0,0.0,0.0,0.0,,,1.0925698538124076,,0.0,0.0,0.0,-1.0,-1.0,-1.0,0.0,0.0,0.0,-1.0,-1.0,-1.0,Asset Management,Financial Services,EOI
2022Q2,2022,Q2,2022-03-31,2022-03-31,,,,,,,730160001.0,725625879.0,751448.0,0.0,4534122.0,0.0,312643456.0,0.0,0.0,0.0,0.0,0.0,0.0,,0.0,,0.0,0.0,0.0,0.0,0.0,,,0.0,,0.0,0.0,0.0,0.0,0.0,0.0,0.0,0.0,0.0,-1.0,-1.0,-1.0,Asset Management,Financial Services,EOI
2021Q4,2021,Q4,2021-09-30,2021-09-30,,,,,,,718597091.0,715498485.0,0.0,0.0,3098606.0,0.0,316373813.0,0.0,0.0,0.0,0.0,0.0,0.0,,0.0,,0.0,0.0,0.0,0.0,0.0,,,0.0,,0.0,0.0,0.0,0.0,0.0,0.0,0.0,0.0,0.0,-1.0,-1.0,-1.0,Asset Management,Financial Services,EOI
2021Q2,2021,Q2,2021-03-31,2021-03-31,,,,,,,693498353.0,687153880.0,0.0,0.0,6344473.0,0.0,287222335.0,0.0,0.0,0.0,0.0,0.0,0.0,,0.0,,0.0,0.0,0.0,0.0,0.0,,,0.0,,0.0,0.0,0.0,0.0,0.0,0.0,0.0,0.0,0.0,-1.0,-1.0,-1.0,Asset Management,Financial Services,EOI
2020Q4,2020,Q4,2020-09-30,2020-09-30,,,,,,,621132286.0,616525615.0,0.0,0.0,4606671.0,0.0,216594070.0,0.0,0.0,0.0,0.0,0.0,0.0,,0.0,,0.0,0.0,0.0,0.0,0.0,,,0.0,,0.0,0.0,0.0,0.0,0.0,0.0,0.0,0.0,0.0,-1.0,-1.0,-1.0,Asset Management,Financial Services,EOI
2017Q2,2017,Q2,2017-03-31,2017-03-31,,,,,,,560000000.0,552800000.0,0.0,0.0,7200000.0,0.0,-36700000.0,0.0,0.0,0.0,0.0,0.0,0.0,,0.0,,0.0,0.0,0.0,0.0,0.0,,,0.0,,0.0,0.0,0.0,0.0,0.0,0.0,0.0,0.0,0.0,0.0,0.0,0.0,Asset Management,Financial Services,EOI
2016Q4,2016,Q4,2016-09-30,2016-09-30,,,,,,,544600000.0,531700000.0,0.0,0.0,12900000.0,0.0,-24300000.0,0.0,0.0,0.0,0.0,0.0,0.0,,0.0,,0.0,0.0,0.0,0.0,0.0,,,0.0,,0.0,0.0,0.0,1.0,-1.0,-1.0,0.0,0.0,0.0,-1.0,-1.0,-1.0,Asset Management,Financial Services,EOI
2016Q2,2016,Q2,2016-03-31,2016-03-31,,,,,,,540800000.0,527600000.0,0.0,0.0,13200000.0,0.0,-53600000.0,0.0,0.0,0.0,0.0,0.0,0.0,,0.0,,0.0,0.0,0.0,0.0,0.0,,,0.0,,0.0,0.0,0.0,-1.0,-1.0,-1.0,0.0,0.0,0.0,0.0,0.0,0.0,Asset Management,Financial Services,EOI
2015Q4,2015,Q4,2015-09-30,2015-09-30,,,,,,,526900000.0,525000000.0,0.0,0.0,1900000.0,0.0,-16700000.0,0.0,0.0,0.0,0.0,0.0,0.0,,0.0,,0.0,0.0,0.0,0.0,0.0,,,0.0,,0.0,0.0,0.0,-1.0,-1.0,-1.0,0.0,0.0,0.0,-1.0,-1.0,-1.0,Asset Management,Financial Services,EOI
2015Q2,2015,Q2,2015-03-31,2015-03-31,,,,,,,590800000.0,577800000.0,0.0,0.0,13000000.0,0.0,-13000000.0,0.0,0.0,0.0,0.0,0.0,0.0,,0.0,,0.0,0.0,0.0,0.0,0.0,,,0.0,,0.0,0.0,0.0,-1.0,-1.0,-1.0,0.0,0.0,0.0,0.0,0.0,0.0,Asset Management,Financial Services,EOI
2014Q2,2014,Q2,2014-03-31,2014-03-31,,,,,,,582900000.0,562600000.0,0.0,0.0,20300000.0,0.0,-17000000.0,0.0,-5800000.0,0.0,0.0,0.0,0.0,,0.0,,0.0,0.0,0.0,0.0,0.0,,,0.0,,0.0,0.0,0.0,0.0,0.0,0.0,0.0,0.0,0.0,-1.0,-1.0,-1.0,Asset Management,Financial Services,EOI
2013Q2,2013,Q2,2013-03-31,2013-03-31,,,,,,,520100000.0,515000000.0,0.0,0.0,5100000.0,0.0,-152700000.0,0.0,0.0,0.0,0.0,0.0,0.0,,0.0,,0.0,0.0,0.0,0.0,0.0,,,0.0,,0.0,0.0,0.0,1.0,-1.0,-1.0,0.0,0.0,0.0,-1.0,-1.0,-1.0,Asset Management,Financial Services,EOI
2012Q2,2012,Q2,2012-03-31,2012-03-31,,,,,,,524200000.0,514300000.0,0.0,0.0,9800000.0,0.0,-160300000.0,0.0,0.0,0.0,0.0,0.0,0.0,,0.0,,0.0,0.0,0.0,0.0,0.0,,,0.0,,0.0,0.0,0.0,-1.0,-1.0,-1.0,0.0,0.0,0.0,0.0,0.0,0.0,Asset Management,Financial Services,EOI
2009Q2,2009,Q2,2009-03-31,2009-03-31,,,,,,,480600000.0,459200000.0,0.0,0.0,21500000.0,0.0,-114200000.0,0.0,0.0,0.0,0.0,0.0,0.0,,0.0,,0.0,0.0,0.0,0.0,0.0,,,0.0,,0.0,0.0,0.0,0.0,0.0,0.0,0.0,0.0,0.0,-1.0,-1.0,-1.0,Asset Management,Financial Services,EOI
