Quarters,Year,Quarter,FillingDate,Date,NetIncome,Revenue,OperatingIncome,EPSDiluted,GrossProfit,GrossProfitRatio,TotalAssets,CommonStockEquity,CurrentAssets,CurrentLiability,TotalLiability,Inventory,RetainedEarnings,MarketCap,EnterpriseValue,bookValuePerShare,currentRatio,debtToAssets,debtToEquity,roic,shareholdersEquityPerShare,roe,priceToSalesRatio,peRatio,pbRatio,payoutRatio,inventoryTurnover,dividendYield,assetTurnover,quickRatio,returnOnAssets,priceToFreeCashFlowsRatio,grossProfitMargin,epsdilutedGrowth,fiveYNetIncomeGrowthPerShare,fiveYRevenueGrowthPerShare,fiveYShareholdersEquityGrowthPerShare,grossProfitGrowth,netIncomeGrowth,operatingIncomeGrowth,threeYNetIncomeGrowthPerShare,threeYRevenueGrowthPerShare,threeYShareholdersEquityGrowthPerShare,Industry,Sector,Symbol
2023Q1,2023,Q1,2023-05-15,2023-03-31,-407694.0,4682573.0,-446162.0,-0.0505,853276.0,0.1822237475,17435960.0,14700801.0,16922121.0,2386980.0,2735159.0,441133.0,-34710179.0,640088.2683,-14839564.7317,1.8212699357795745,7.089343438151975,0.026865397718278776,0.03186384197704601,-0.02696106500123715,1.8212699357795745,-0.02773277456105963,0.1366958439943168,-0.3925053277090171,0.04354104706947601,0.0,8.680595194646513,0.0,0.268558370172907,6.707157579870799,-0.023382366098568703,-0.23801854143015286,0.18222374749950507,0.798,0.0,0.0,0.0,4.6507595925881775,0.7667093924169422,0.6520681948272125,0.0,0.0,0.0,Farm & Heavy Construction Machinery,Industrials,CEADW
2022Q4,2022,Q4,2023-03-28,2022-12-31,-1747580.0,1460798.0,-1282326.0,-0.25,151002.0,0.1033695282,21026059.0,14895175.0,20478095.0,5754033.0,6130884.0,348411.0,-34278741.0,638496.9,-17503531.1,2.099565009634346,3.5589116364122346,0.023546305087415575,0.03323801163799687,-0.11094029417472394,2.099565009634346,-0.11732524122744446,0.43708774245309756,-0.09134015324048111,0.04286602205076476,-0.02059075979354307,3.7593416970187508,0.05635736054474188,0.06947559692474943,3.2394258079507017,-0.08311495749155845,-0.2595111817956798,0.1033695281620046,-0.923076923076923,0.0,0.0,0.0,-0.7471462229002112,-0.6944997939543791,-0.21073179666765174,0.0,0.0,0.0,Farm & Heavy Construction Machinery,Industrials,CEADW
2022Q3,2022,Q3,2022-11-14,2022-09-30,-1031325.0,5063079.0,-1059133.0,-0.13,597191.0,0.1179501643,23459214.0,16139776.0,22877453.0,6914173.0,7319438.0,614623.0,-33007144.0,1193096.0999999999,-19369244.9,2.029146185290523,3.3087764798479875,0.02221762417104,0.032293384988738384,-0.06100689470438035,2.029146185290523,-0.06389958571915744,0.23564635274306403,-0.2892143844084067,0.07392271739087332,0.0,7.266060658322256,0.0,0.21582475013868752,3.0604805520486686,-0.04396247035386608,2.5268840501439125,0.11795016431700947,0.40909090909090906,0.0,0.0,0.0,0.9500814723141076,0.4106667139051398,0.07103538042420021,0.0,0.0,0.0,Farm & Heavy Construction Machinery,Industrials,CEADW
2022Q2,2022,Q2,2022-08-11,2022-06-30,-1749986.0,3014885.0,-1140122.0,-0.22,306239.0,0.101575682,24736234.0,17126482.0,24120154.0,7177256.0,7609752.0,401757.0,-31965094.0,1204335.351758,-18860557.648242,2.1953619764931367,3.3606372686163066,0.02209289417297718,0.03190935534805105,-0.062200355842127374,2.1953619764931367,-0.10218012082107697,0.3994631144332205,-0.1720492837882703,0.07032006641866087,0.0,6.742000761654433,0.0,0.12188132599327771,2.9023353771970792,-0.07074585403744159,-0.8454288315959133,0.10157568199118706,0.0,0.0,0.0,0.0,2.3835572546073274,-0.4173576678043415,0.2923779886072634,0.0,0.0,0.0,Farm & Heavy Construction Machinery,Industrials,CEADW
2022Q1,2022,Q1,2022-05-12,2022-03-31,-1234682.0,1744427.0,-1611202.0,0.0,90508.0,0.0518840857,26320889.0,18754188.0,25055565.0,7107219.0,7566701.0,1005918.0,-30204508.0,0.0,-21462110.0,0.0,3.5253683613801687,0.02171484405408951,0.030476072864365017,-0.07026254072227539,0.0,-0.0658350017606734,0.0,0.0,0.0,-0.029144346479498366,1.64418869132474,,0.0662753830237269,3.1341974969393793,-0.04690882591389675,0.0,0.05188408571983809,0.0,0.0,0.0,0.0,-0.8360044428901979,-2.0755101430791916,-3.0046976596210055,0.0,0.0,0.0,Farm & Heavy Construction Machinery,Industrials,CEADW
2021Q4,2021,Q4,2022-03-29,2021-12-31,-401456.0,3056088.0,-402328.0,0.0,551893.0,0.180588059,5281962.0,389467.0,3991098.0,4406269.0,4892495.0,378326.0,-28781566.0,0.0,-1573243.0,0.0,0.905777200620298,0.11101272595296975,1.505557595380353,-0.25726046522769075,0.0,-1.0307830958720507,0.0,0.0,0.0,0.0,6.619145921771171,,0.5785895468388451,0.5308463918113034,-0.07600509053264677,0.0,0.18058805898259475,0.0,0.0,0.0,0.0,-0.2613574919831043,0.01581005381154926,0.09087252538171432,0.0,0.0,0.0,Farm & Heavy Construction Machinery,Industrials,CEADW
2021Q3,2021,Q3,2021-11-10,2021-09-30,-407905.0,3706436.0,-442543.0,0.0,747172.0,0.20158772470373157,4908956.0,-763366.0,3953597.0,5117776.0,5672322.0,480354.0,-28379674.0,0.0,-1528271.0,0.0,0.7725224785141046,0.1539243782180977,-0.9898371161408813,-1.9209096196751483,0.0,0.5343504950443169,0.0,0.0,0.0,0.0,6.16058989828335,,0.7550354902345835,0.4525645514770478,-0.08309404280665787,0.0,0.20158772470373157,0.0,0.0,0.0,0.0,-0.4173297856080055,-2.53785976579878,-4.815749538705616,0.0,0.0,0.0,Farm & Heavy Construction Machinery,Industrials,CEADW
2021Q2,2021,Q2,2021-08-10,2021-06-30,265242.0,4509505.0,115978.0,0.0,1282324.0,0.2843602568352846,5325017.0,-1644642.0,4309242.0,6372528.0,6969659.0,444352.0,-27971769.0,0.0,-822223.0,0.0,0.676221744337569,0.1542229818233444,-0.49934271409826575,-0.22375148070549106,0.0,-0.16127643584439652,0.0,0.0,0.0,0.0,7.262667884920063,,0.8468526954937421,0.29468885817371065,0.049810545205771176,0.0,0.2843602568352846,0.0,0.0,0.0,0.0,2.721130798651213,1.3343240463441934,1.1691504411871947,0.0,0.0,0.0,Farm & Heavy Construction Machinery,Industrials,CEADW
2021Q1,2021,Q1,2021-05-11,2021-03-31,-793368.0,2366529.0,-685650.0,0.0,344606.0,0.14561663939043215,6964539.0,-1925290.0,5881607.0,8230942.0,8889829.0,519159.0,-28237011.0,0.0,-2385657.0,0.0,0.7145727670052833,0.12713992986470463,-0.45991564907104904,1.0244805503342467,0.0,0.4120771416254175,0.0,0.0,0.0,0.0,3.8946122478855227,,0.33979693415457934,0.4006661691942429,-0.11391536467812155,0.0,0.14561663939043215,0.0,0.0,0.0,0.0,0.16536301135921705,-13.483564898588579,-0.29855495161076495,0.0,0.0,0.0,Farm & Heavy Construction Machinery,Industrials,CEADW
2020Q4,2020,Q4,2021-03-24,2020-12-31,63553.0,3387254.0,-528010.0,0.0,295707.0,0.08729991904947193,4813266.0,-1333698.0,3683293.0,5903689.0,6146964.0,327109.0,-27443643.0,0.0,-1849657.0,0.0,0.6238968550003227,0.0904217635177445,-0.32632874908712467,1.13979492714517,0.0,-0.04765171725533067,0.0,0.0,0.0,0.0,9.451121797321383,,0.7037329746579557,0.3926970069053434,0.013203716561685975,0.0,0.08729991904947193,0.0,0.0,0.0,0.0,-0.4377242537235388,1.2349993898808973,-0.8679775280898876,0.0,0.0,0.0,Farm & Heavy Construction Machinery,Industrials,CEADW
2020Q3,2020,Q3,2020-11-12,2020-09-30,-270439.0,1634669.0,-282664.0,0.0,525911.0,0.32172323571316275,4656238.0,-1421677.0,3448717.0,5241936.0,6077915.0,521650.0,-27507196.0,0.0,-1024337.0,0.0,0.6579090244520345,0.2250690364195301,-0.7371400114090613,-2.398934048494004,0.0,0.19022534654496062,0.0,0.0,0.0,0.0,2.12548260327806,,0.35107075712195124,0.41388696847882156,-0.05808100874568697,0.0,0.32172323571316275,0.0,0.0,0.0,0.0,0.9136213954334577,0.5591988486056622,0.5332589182512896,0.0,0.0,0.0,Farm & Heavy Construction Machinery,Industrials,CEADW
2020Q2,2020,Q2,2020-08-11,2020-06-30,-613517.0,1682424.0,-605612.0,0.0,274825.0,0.16335061791795646,2606989.0,-1175664.0,1320039.0,2918683.0,3782653.0,804600.0,-27236757.0,0.0,835299.0,0.0,0.45227213781010134,0.410717881816916,-0.9107508607901578,-1.474358693455837,0.0,0.5218472284598321,0.0,0.0,0.0,0.0,1.749439473030077,,0.6453513996415021,0.10921329928601359,-0.23533547705801597,0.0,0.16335061791795646,0.0,0.0,0.0,0.0,-0.39800536225915834,0.34614888635242186,0.36004683316109043,0.0,0.0,0.0,Farm & Heavy Construction Machinery,Industrials,CEADW
2020Q1,2020,Q1,2020-06-25,2020-03-31,-938313.0,1809925.0,-946338.0,0.0,456524.0,0.252233656090722,3256236.0,-636052.0,1840705.0,3545482.0,3892288.0,1314179.0,-26623240.0,0.0,374913.0,0.0,0.5191691848950298,0.17480397612458065,-0.8949001025073422,-1.8838070364722885,0.0,1.475214290655481,0.0,0.0,0.0,0.0,1.0298452493914452,,0.5558334838138268,0.09362873651593775,-0.2881587821030171,0.0,0.252233656090722,0.0,0.0,0.0,0.0,-0.5570484775979221,-0.17287805512187987,-0.17971073751710967,0.0,0.0,0.0,Farm & Heavy Construction Machinery,Industrials,CEADW
2019Q4,2019,Q4,2020-03-24,2019-12-31,-800009.0,3718726.0,-802178.0,0.0,1030641.0,0.2771489483226245,4047318.0,-355631.0,2561268.0,3998740.0,4402949.0,1231243.0,-25684927.0,0.0,-300125.0,0.0,0.6405187634104743,0.15369486657584108,-1.7491501022126867,-0.902872681555883,0.0,2.249547986536607,0.0,0.0,0.0,0.0,2.183228655919262,,0.9188124086123206,0.26521704336866114,-0.19766398390242626,0.0,0.2771489483226245,0.0,0.0,0.0,0.0,-0.34783879742866597,-4.603270832301158,-3.892378363176151,0.0,0.0,0.0,Farm & Heavy Construction Machinery,Industrials,CEADW
2019Q3,2019,Q3,2019-11-12,2019-09-30,222023.0,5524105.0,277342.0,0.0,1580347.0,0.28608199880342605,5303154.0,331742.0,3739636.0,4510511.0,4971412.0,936171.0,-24884918.0,0.0,-1326219.0,0.0,0.8290936437135393,0.12714056578405983,2.032440872726396,0.16506153309598545,0.0,0.6692640666542072,0.0,0.0,0.0,0.0,4.212647048455891,,1.0416640738700027,0.46715017433723144,0.04186621772628138,0.0,0.28608199880342605,0.0,0.0,0.0,0.0,0.09155666007271762,0.5902517637789636,1.0345072953880237,0.0,0.0,0.0,Farm & Heavy Construction Machinery,Industrials,CEADW
2019Q2,2019,Q2,2019-08-07,2019-06-30,139615.0,4210393.0,136319.0,0.0,1447792.0,0.3438614875143484,5531171.0,-3234.0,3835769.0,5018715.0,5534405.0,610835.0,-25106941.0,0.0,-1201052.0,0.0,0.7642930511096964,0.1310080632112079,-224.0655534941249,0.09427173307183431,0.0,-43.17099567099567,0.0,0.0,0.0,0.0,4.522663239663739,,0.761211866348012,0.4616305169749627,0.025241490454733725,0.0,0.3438614875143484,0.0,0.0,0.0,0.0,1.9542374299339078,1.155094174040069,1.1478398649996964,0.0,0.0,0.0,Farm & Heavy Construction Machinery,Industrials,CEADW
2019Q1,2019,Q1,2019-05-13,2019-03-31,-900195.0,1771230.0,-922072.0,0.0,490073.0,0.2766851284135883,3440067.0,-350128.0,1593244.0,3220993.0,3790195.0,740291.0,-25246556.0,0.0,308446.0,0.0,0.4946437325383818,0.22493922356744797,-2.210066032993648,-0.7700077829849918,0.0,2.5710454462368046,0.0,0.0,0.0,0.0,1.7306126914956417,,0.514882413627409,0.22707438358295098,-0.2616794963586465,0.0,0.2766851284135883,0.0,0.0,0.0,0.0,0.09418893604860154,-0.1035939948068761,-0.07872182614982534,0.0,0.0,0.0,Farm & Heavy Construction Machinery,Industrials,CEADW
2018Q4,2018,Q4,2019-03-19,2018-12-31,-815694.0,2194874.0,-854782.0,0.0,447887.0,0.20406046087383603,2753221.0,194336.0,1527808.0,2450927.0,2558885.0,935886.0,-24346361.0,0.0,-253387.0,0.0,0.6233592432577552,0.0,0.0,-4.398474806520666,0.0,-4.197338630001647,0.0,0.0,0.0,0.0,1.8666664529654253,,0.7972022587362221,0.18940915008892553,-0.2962689882141681,0.0,0.20406046087383603,0.0,0.0,0.0,0.0,-0.5915496939497625,-0.2674676254968441,-0.32861128597297024,0.0,0.0,0.0,Farm & Heavy Construction Machinery,Industrials,CEADW
2018Q3,2018,Q3,2018-11-14,2018-09-30,-643562.0,3324621.0,-643365.0,0.0,1096552.0,0.32982767058260176,3829305.0,1047790.0,2592804.0,2669133.0,2781515.0,501198.0,-23531018.0,0.0,-1416882.0,0.0,0.9714030735823206,0.0,0.0,-0.614020939310358,0.0,-0.6142089540843108,0.0,0.0,0.0,0.0,4.445486614072681,,0.8682048047883363,0.6527164438789674,-0.1680623507398862,0.0,0.32982767058260176,0.0,0.0,0.0,0.0,1.0949553422171276,0.5406229366606112,0.5460491639836671,0.0,0.0,0.0,Farm & Heavy Construction Machinery,Industrials,CEADW
2018Q2,2018,Q2,2018-08-14,2018-06-30,-1400945.0,2007745.0,-1417257.0,0.0,523425.0,0.2607029279116621,3899260.0,1117421.0,2603205.0,2666171.0,2781839.0,454296.0,-22887457.0,0.0,-1628880.0,0.0,0.9763833602570878,0.0,0.0,-1.2683285887771931,0.0,-1.2537306887914224,0.0,0.0,0.0,0.0,3.2672970926444433,,0.5149041100106174,0.7068155043318677,-0.3592848386616948,0.0,0.2607029279116621,0.0,0.0,0.0,0.0,0.3701722973503589,0.25621859643310696,0.25606821724957873,0.0,0.0,0.0,Farm & Heavy Construction Machinery,Industrials,CEADW
2018Q1,2018,Q1,2018-05-15,2018-03-31,-1883544.0,2054728.0,-1905090.0,0.0,382014.0,0.1859194988339089,3159883.0,860727.0,1850280.0,2180775.0,2299156.0,562540.0,-21081543.0,0.0,-880996.0,0.0,0.8484506654744299,0.0,0.0,-2.213349877487287,0.0,-2.188317550163989,0.0,0.0,0.0,0.0,2.9735023287232907,,0.6502544556238317,0.5015836113308342,-0.5960802979097644,0.0,0.1859194988339089,0.0,0.0,0.0,0.0,-0.4363255676008269,-0.3787625026352159,-0.560233213134168,0.0,0.0,0.0,Farm & Heavy Construction Machinery,Industrials,CEADW
2017Q4,2017,Q4,2018-04-02,2017-12-31,-1366112.0,2309000.0,-1221029.0,0.0,677721.0,0.293512776093547,4828823.0,1412486.0,3707418.0,3398941.0,3416337.0,522622.0,-19254911.0,0.0,-2468199.0,0.0,1.0907567974848638,0.0,0.0,-0.8644538777729478,0.0,-0.967168524148204,0.0,0.0,0.0,0.0,3.1213362621550567,,0.47817035331384067,0.8506584845103224,-0.28290786388318645,0.0,0.293512776093547,0.0,0.0,0.0,0.0,0.7323757889005621,0.07600113089271535,0.010807141138508825,0.0,0.0,0.0,Farm & Heavy Construction Machinery,Industrials,CEADW
2017Q3,2017,Q3,2017-11-14,2017-09-30,-1478478.0,1566256.0,-1234369.0,0.0,391209.0,0.24977334484273325,3121204.0,141586.0,2312261.0,2979618.0,2979618.0,554170.0,-17888799.0,0.0,-1300706.0,0.0,0.7760259872238656,0.0,0.0,-8.718157162431314,0.0,-10.44226124051813,0.0,0.0,0.0,0.0,2.1203728097876104,,0.5018114804415219,0.5287483160593069,-0.47368835872310816,0.0,0.24977334484273325,0.0,0.0,0.0,0.0,-0.05275812473668153,-0.3775324239713775,-0.03152566678143207,0.0,0.0,0.0,Farm & Heavy Construction Machinery,Industrials,CEADW
2017Q2,2017,Q2,2017-08-14,2017-06-30,-1073280.0,1741893.0,-1196644.0,0.0,412998.0,0.23709722698236918,3021163.0,-14905.0,2257932.0,3036068.0,3036068.0,583593.0,-16410321.0,0.0,-852237.0,0.0,0.7437027102159767,0.16577556391363193,-33.60181147266018,-2.4625851460086845,0.0,72.0080509896008,0.0,0.0,0.0,0.0,2.2770920830099057,,0.5765637272798588,0.50192354057946,-0.3552539204273321,0.0,0.23709722698236918,0.0,0.0,0.0,0.0,-0.03580833738000075,-0.0723909878710549,-1.0295242004145058,0.0,0.0,0.0,Farm & Heavy Construction Machinery,Industrials,CEADW
2017Q1,2017,Q1,2017-05-15,2017-03-31,-1000829.0,1593092.0,-589618.0,0.0,428336.0,0.2688708498944192,3765297.0,796475.0,3011563.0,2968822.0,2968822.0,774044.0,-15337041.0,0.0,-1493586.0,0.0,1.0143966192651497,0.12630052821862392,0.5970796321290687,-0.4635237737356077,0.0,-1.2565730248909257,0.0,0.0,0.0,0.0,1.5047671708585042,,0.42309862940426746,0.7115037546878863,-0.2658034678273719,0.0,0.2688708498944192,0.0,0.0,0.0,0.0,-0.11417734817370012,0.13287627556545953,-0.6295847946912976,0.0,0.0,0.0,Farm & Heavy Construction Machinery,Industrials,CEADW
2016Q4,2016,Q4,2017-03-31,2016-12-31,-1154194.0,2019026.0,-361821.0,0.0,483546.0,0.23949468704216786,2117821.0,-2111044.0,1356811.0,4216880.0,4228865.0,747905.0,-14336212.0,0.0,453879.0,0.0,0.32175708106467343,0.3651984752252433,-0.3663708572630414,0.27049630724443957,0.0,0.54674085428821,0.0,0.0,0.0,0.0,2.053041495911914,,0.9533506372823766,0.1242458879550758,-0.5449912905764934,0.0,0.23949468704216786,0.0,0.0,0.0,0.0,0.15920467185761958,-0.7265275105982594,-0.52745072378725,0.0,0.0,0.0,Farm & Heavy Construction Machinery,Industrials,CEADW
2016Q3,2016,Q3,2016-11-14,2016-09-30,-668506.0,1170760.0,-236879.0,0.0,417136.0,0.35629505620280844,2350500.0,-3399196.0,1584039.0,5733707.0,5749696.0,916486.0,-13182018.0,0.0,2037239.0,0.0,0.27626786649544527,0.9668981067857902,-0.6685975154124681,0.21027836612806725,0.0,0.1966659174698958,0.0,0.0,0.0,0.0,0.8222973400575677,,0.4980897681344395,0.0855982002568321,-0.28441012550521166,0.0,0.35629505620280844,0.0,0.0,0.0,0.0,0.32612731758183067,0.05001278954099758,0.20828417397233262,0.0,0.0,0.0,Farm & Heavy Construction Machinery,Industrials,CEADW
2016Q2,2016,Q2,2016-08-15,2016-06-30,-703700.0,1891472.0,-299197.0,0.0,314552.0,0.16630010912136156,3112012.0,-2730690.0,2345576.0,5810927.0,5842702.0,833069.0,-12513512.0,0.0,1678840.0,0.0,0.403649194009837,0.6367886756220734,-0.7257118164273498,0.39946408258522076,0.0,0.25770043468866843,0.0,0.0,0.0,0.0,1.8929044292849693,,0.6077971421704029,0.2345482915204407,-0.22612380672053964,0.0,0.16630010912136156,0.0,0.0,0.0,0.0,-0.7110649789649661,0.056972932697590774,-1.8197649727792558,0.0,0.0,0.0,Farm & Heavy Construction Machinery,Industrials,CEADW
2016Q1,2016,Q1,2016-05-16,2016-03-31,-746214.0,2498604.0,364979.0,0.0,1088660.0,0.4357072989557369,3529300.0,-2654090.0,2751234.0,6183390.0,6183390.0,1073573.0,-11809813.0,0.0,735332.0,0.0,0.44493942643113243,0.531594083812654,-0.7068920044158261,-0.4691638761593192,0.0,0.28115625317905574,0.0,0.0,0.0,0.0,1.313319168794297,,0.7079602187402602,0.2583359613415942,-0.21143399540985464,0.0,0.4357072989557369,0.0,0.0,0.0,0.0,4.91717040875072,0.5233525406774757,1.363844532746895,0.0,0.0,0.0,Farm & Heavy Construction Machinery,Industrials,CEADW
2015Q4,2015,Q4,2016-04-12,2015-12-31,-1565547.0,1682307.0,-1003118.0,0.0,-277920.0,-0.16520171407477946,3102734.0,-2847297.0,2292740.0,5312971.0,5950031.0,1261802.0,-11063599.0,0.0,1455141.0,0.0,0.43153632873207853,0.5755240378324407,-0.6271555092426255,0.9449123444916583,0.0,0.5498362130820915,0.0,0.0,0.0,0.0,1.5535139427580555,,0.5422014906853118,0.15753313917956638,-0.5045701629595061,0.0,-0.16520171407477946,0.0,0.0,0.0,0.0,-1.4090541799561687,-0.1723238047598437,-0.8562303157255841,0.0,0.0,0.0,Farm & Heavy Construction Machinery,Industrials,CEADW
2015Q3,2015,Q3,2015-11-16,2015-09-30,-1335422.0,3634091.0,-540406.0,0.0,679421.0,0.18695761883783318,4355180.0,-888168.0,3563868.0,3605537.0,5243348.0,879159.0,-9498052.0,0.0,647151.0,0.0,0.9884430530043098,0.37345413966816526,-1.8312526458958216,-0.731967839283102,0.0,1.5035691445762513,0.0,0.0,0.0,0.0,3.3607913926832347,,0.8344295758154657,0.6016507388497192,-0.30662842867573786,0.0,0.18695761883783318,0.0,0.0,0.0,0.0,0.9346747119007007,-0.3674056173907701,0.21767932446693777,0.0,0.0,0.0,Farm & Heavy Construction Machinery,Industrials,CEADW
2015Q2,2015,Q2,2015-08-14,2015-06-30,-976610.0,1677950.0,-690773.0,0.0,351181.0,0.20929169522333801,2897968.0,-2243090.0,2098048.0,3300631.0,5141058.0,569466.0,-8162630.0,0.0,1355413.0,0.0,0.635650577116921,0.5179197975961087,-0.6691283006923485,0.9307414019604541,0.0,0.4353860076947425,0.0,0.0,0.0,0.0,2.329847611622116,,0.5790091540003203,0.36330780387144157,-0.33699820011815174,0.0,0.20929169522333801,0.0,0.0,0.0,0.0,0.8664055399954294,0.3114915438970759,0.21462549997385014,0.0,0.0,0.0,Farm & Heavy Construction Machinery,Industrials,CEADW
2015Q1,2015,Q1,2015-05-19,2015-03-31,-1418443.0,870895.0,-879546.0,0.0,188159.0,0.21605245178810303,2649746.0,-1744728.0,1846578.0,2820337.0,4394474.0,508641.0,-7186020.0,0.0,915326.0,0.0,0.6547366502655534,0.48328028422346897,-0.7339654089348024,1.894928020200018,0.0,0.8129880416890197,0.0,0.0,0.0,0.0,1.3422748067890713,,0.32867112545881755,0.43389992047049697,-0.5353128186626189,0.0,0.21605245178810303,0.0,0.0,0.0,0.0,1.7786040006289776,0.38221042971746044,0.6311421372591122,0.0,0.0,0.0,Farm & Heavy Construction Machinery,Industrials,CEADW
2014Q4,2014,Q4,2015-04-16,2014-12-31,-2295997.0,632865.0,-2384512.0,0.0,-241662.0,-0.38185394989452726,2321292.0,-883752.0,1505913.0,2285300.0,3205044.0,264031.0,-5767577.0,0.0,37389.0,0.0,0.6589563733426683,0.3133392955302478,-0.8230272746200291,15.321312268193552,0.0,2.5980105278403895,0.0,0.0,0.0,0.0,3.312213338585242,,0.2726348085462751,0.5184409049140156,-0.989103051231814,0.0,-0.38185394989452726,0.0,0.0,0.0,0.0,-1.5016836135203924,-2.552186246367974,-4.192322934948763,0.0,0.0,0.0,Farm & Heavy Construction Machinery,Industrials,CEADW
2014Q3,2014,Q3,2014-11-19,2014-09-30,1479202.0,859488.0,-459238.0,0.0,481702.0,0.5604522692579769,1365492.0,-656551.0,557885.0,633355.0,2022043.0,97638.0,-3482830.0,0.0,375776.0,0.0,0.8808409186001531,0.38553283358672186,-0.8018295608414274,3.5296405321691813,0.0,-2.2529887244098328,0.0,0.0,0.0,0.0,3.8692517257625103,,0.6294346653074496,0.726680929336628,1.0832740140550072,0.0,0.5604522692579769,0.0,0.0,0.0,0.0,6.532007380304594,1.6972214405672787,-0.5225310647552615,0.0,0.0,0.0,Farm & Heavy Construction Machinery,Industrials,CEADW
2014Q2,2014,Q2,2014-08-14,2014-06-30,-2121567.0,346559.0,-301628.0,0.0,63954.0,0.18454000617499475,505976.0,-2168654.0,369654.0,62469.0,2674630.0,2507.0,-4950782.0,0.0,-99331.0,0.0,5.9173990299188395,0.22676174364001456,-0.052906549408066016,0.14685493773363884,0.0,0.9782874538769208,0.0,0.0,0.0,0.0,112.72676505783805,,0.684931696365045,5.877267124493749,-4.193019036476039,0.0,0.18454000617499475,0.0,0.0,0.0,0.0,12789.8,-38.576305333258716,-4.626653235584905,0.0,0.0,0.0,Farm & Heavy Construction Machinery,Industrials,CEADW
2014Q1,2014,Q1,2014-05-15,2014-03-31,-53607.0,5.0,-53607.0,0.0,5.0,1.0,71746.0,-2690964.0,61746.0,2653427.0,2762710.0,0.0,-2829215.0,0.0,69916.0,0.0,0.02327028405153034,1.523192930616341,-0.04061109698977764,0.02076437793825031,0.0,0.01992111377186763,0.0,0.0,0.0,0.0,0.0,,6.969029632313997e-05,0.022373707661827516,-0.7471775429989128,0.0,1.0,0.0,0.0,0.0,0.0,0.25,-2.0750301152985715,-2.0750301152985715,0.0,0.0,0.0,Farm & Heavy Construction Machinery,Industrials,CEADW
2013Q4,2013,Q4,2014-04-15,2013-12-31,-17433.0,4.0,-17433.0,0.0,4.0,1.0,4409.0,-2637357.0,1073.0,2641766.0,2641766.0,0.0,-2775608.0,0.0,-752.0,0.0,0.00040616769236942257,0.0,0.0,0.006610026628931919,0.0,0.006610026628931919,0.0,0.0,0.0,0.0,0.0,,0.0009072352007257881,0.0003115340268593055,-3.953957813563166,0.0,1.0,0.0,0.0,0.0,0.0,-0.6,-0.2115504899576065,-0.2115504899576065,0.0,0.0,0.0,Farm & Heavy Construction Machinery,Industrials,CEADW
2013Q3,2013,Q3,2013-11-19,2013-09-30,-14389.0,10.0,-14389.0,0.0,10.0,1.0,7315.0,-2628880.0,646.0,2636195.0,2636195.0,0.0,-2758175.0,0.0,-577.0,0.0,0.00024505015751869646,0.0,0.0,0.005473433553452421,0.0,0.005473433553452421,0.0,0.0,0.0,0.0,0.0,,0.001367053998632946,0.00024505015751869646,-1.967053998632946,0.0,1.0,0.0,0.0,0.0,0.0,-0.23076923076923078,0.7919642598964809,0.7919642598964809,0.0,0.0,0.0,Farm & Heavy Construction Machinery,Industrials,CEADW
2013Q2,2013,Q2,2013-08-14,2013-06-30,-69166.0,13.0,-69166.0,0.0,13.0,1.0,11047.0,-2603827.0,1046.0,2614874.0,2614874.0,0.0,-2743787.0,0.0,-987.0,0.0,0.0004000192743512689,0.0,0.0,0.026563208692436172,0.0,0.026563208692436172,0.0,0.0,0.0,0.0,0.0,,0.001176790078754413,0.0004000192743512689,-6.261066352855979,0.0,1.0,0.0,0.0,0.0,0.0,-0.4090909090909091,0.2495660098949744,0.2495660098949744,0.0,0.0,0.0,Farm & Heavy Construction Machinery,Industrials,CEADW
2013Q1,2013,Q1,2013-05-21,2013-03-31,-92168.0,22.0,-92168.0,0.0,22.0,1.0,14560.0,-2532557.0,1225.0,2547117.0,2547117.0,0.0,-2674620.0,0.0,-1203.0,0.0,0.0004809358973301972,0.0,0.0,0.03639325788126388,0.0,0.03639325788126388,0.0,0.0,0.0,0.0,0.0,,0.001510989010989011,0.0004809358973301972,-6.33021978021978,0.0,1.0,0.0,0.0,0.0,0.0,1.000138756614591,0.6921154867567035,0.6921154867567035,0.0,0.0,0.0,Farm & Heavy Construction Machinery,Industrials,CEADW
2012Q4,2012,Q4,2013-04-16,2012-12-31,-299359.0,-158551.0,-299359.0,0.0,-158551.0,1.0,18115.0,-2437255.0,1447.0,2455370.0,2455370.0,0.0,-2582452.0,0.0,-1197.0,0.0,0.0005893205504669358,0.0,0.0,0.12282629433522549,0.0,0.12282629433522549,0.0,0.0,0.0,0.0,0.0,,-8.752470328457079,0.0004875029018029869,-16.525476124758487,0.0,1.0,0.0,0.0,0.0,0.0,-2.428001441051968,-2.5225751032559454,-2.5225751032559454,0.0,0.0,0.0,Farm & Heavy Construction Machinery,Industrials,CEADW
2012Q3,2012,Q3,2012-11-20,2012-09-30,-84983.0,111030.0,-84983.0,0.0,111030.0,1.0,182628.0,-2137013.0,162627.0,2319641.0,2319641.0,0.0,-2283093.0,0.0,-1912.0,0.0,0.07010869354352678,0.0,0.0,0.03976718906249049,0.0,0.03976718906249049,0.0,0.0,0.0,0.0,0.0,,0.6079571588146396,0.06899860797425118,-0.4653339027969424,0.0,1.0,0.0,0.0,0.0,0.0,0.0,0.6348131373248364,0.6348131373248364,0.0,0.0,0.0,Farm & Heavy Construction Machinery,Industrials,CEADW
2012Q2,2012,Q2,2012-08-14,2012-06-30,-232711.0,0.0,-232711.0,0.0,0.0,0.0,73546.0,-2050603.0,50212.0,2124149.0,2124149.0,0.0,-2198110.0,0.0,-1175.0,0.0,0.023638643051876303,0.0,0.0,0.11348418001924312,0.0,0.11348418001924312,0.0,0.0,0.0,0.0,0.0,,0.0,0.022971081595500126,-3.164155766459087,0.0,0.0,0.0,0.0,0.0,0.0,-1.0,-0.5481864388738091,-0.43720625744971253,0.0,0.0,0.0,Farm & Heavy Construction Machinery,Industrials,CEADW
2012Q1,2012,Q1,2012-05-21,2012-03-31,-150312.0,47831.0,-161919.0,0.0,47831.0,1.0,79060.0,-1820252.0,52393.0,1899312.0,1899312.0,0.0,-16965199.0,0.0,-1986.0,0.0,0.02758525192280152,0.0,0.0,0.1779083335713956,0.0,0.08257757717063352,0.0,0.0,0.0,0.0,0.0,,0.6049962054136099,0.026938702014203036,-1.9012395648874272,0.0,1.0,0.0,0.0,0.0,0.0,22.21893203883495,0.9032632997517096,0.8951183617842944,0.0,0.0,0.0,Farm & Heavy Construction Machinery,Industrials,CEADW
2011Q4,2011,Q4,2012-03-13,2011-11-30,-1553826.0,19704.0,-1543826.0,0.0,2060.0,0.1045473000406009,39883.0,-1580886.0,8772.0,1620769.0,1620769.0,0.0,-1729017.0,0.0,-3582.0,0.0,0.005412245668568439,0.0,0.0,1.9531148988605125,0.0,0.9828830162326695,0.0,0.0,0.0,0.0,0.0,,0.4940450818644535,0.004654580634254481,-38.95960685003636,0.0,0.1045473000406009,0.0,0.0,0.0,0.0,1.634041243459526,-43.753052995391705,-43.46503456221198,0.0,0.0,0.0,Farm & Heavy Construction Machinery,Industrials,CEADW
2011Q3,2011,Q3,2011-10-24,2011-08-31,-34720.0,223.0,-34720.0,0.0,-3249.0,-14.5695067264574,47435.0,36953.0,7435.0,10482.0,10482.0,0.0,-101547.0,0.0,-4934.0,0.0,0.7093112001526426,0.0,0.0,-1.8791437772305362,0.0,-0.9395718886152681,0.0,0.0,0.0,0.0,0.0,,0.004701170022135554,0.4919862621637092,-0.7319489828185939,0.0,-14.5695067264574,0.0,0.0,0.0,0.0,0.0,-1.5495667498898518,-1.5495667498898518,0.0,0.0,0.0,Farm & Heavy Construction Machinery,Industrials,CEADW
2011Q2,2011,Q2,2011-07-15,2011-05-31,-13618.0,0.0,-13618.0,0.0,0.0,0.0,37373.0,31673.0,37373.0,5700.0,5700.0,0.0,-66827.0,0.0,-36145.0,0.0,6.556666666666667,0.0,0.0,-0.8599122280806997,0.0,-0.42995611404034983,0.0,0.0,0.0,0.0,0.0,,0.0,6.341228070175439,-0.36438070264629546,0.0,0.0,0.0,0.0,0.0,0.0,0.0,-0.010012608469925091,-0.010012608469925091,0.0,0.0,0.0,Farm & Heavy Construction Machinery,Industrials,CEADW
2011Q1,2011,Q1,2011-04-14,2011-02-28,-13483.0,0.0,-13483.0,0.0,0.0,0.0,59717.0,45291.0,59717.0,14426.0,14426.0,0.0,-53209.0,0.0,-58489.0,0.0,4.13953971995009,0.0,0.0,-0.5953942284339052,0.0,-0.2976971142169526,0.0,0.0,0.0,0.0,0.0,,0.0,4.054415638430611,-0.2257816032285614,0.0,0.0,0.0,0.0,0.0,0.0,0.0,-0.005518681482586323,-0.005518681482586323,0.0,0.0,0.0,Farm & Heavy Construction Machinery,Industrials,CEADW
2010Q4,2010,Q4,2011-02-28,2010-11-30,-13409.0,0.0,-13409.0,0.0,0.0,0.0,76525.0,58774.0,76525.0,17751.0,17751.0,0.0,-39726.0,0.0,-73314.0,0.0,4.31102473100107,0.0,0.0,-0.45629019634532275,0.0,-0.22814509817266138,0.0,0.0,0.0,0.0,0.0,,0.0,4.130133513604867,-0.17522378307742567,0.0,0.0,0.0,0.0,0.0,0.0,0.0,-5.734806629834254,-5.734806629834254,0.0,0.0,0.0,Farm & Heavy Construction Machinery,Industrials,CEADW
2010Q3,2010,Q3,2010-10-14,2010-08-31,-1991.0,0.0,-1991.0,0.0,0.0,0.0,3222.0,-11317.0,3222.0,14539.0,14539.0,0.0,-26317.0,0.0,14400.0,0.0,0.22161083981016577,4.4692737430167595,-1.2724220199699567,-1.2915990917937075,0.0,0.17593001678890166,0.0,0.0,0.0,0.0,0.0,,0.0,0.0,-0.6179391682184978,0.0,0.0,0.0,0.0,0.0,0.0,0.0,0.3933577087141987,0.3933577087141987,0.0,0.0,0.0,Farm & Heavy Construction Machinery,Industrials,CEADW
2010Q2,2010,Q2,2010-05-31,2010-05-31,-3282.0,0.0,-3282.0,0.0,0.0,0.0,,,,,,,,0.0,,0.0,0.0,0.0,0.0,0.0,0.0,0.0,0.0,0.0,0.0,0.0,0.0,,0.0,0.0,0.0,0.0,0.0,0.0,0.0,0.0,0.0,0.0,0.456982131039047,0.456982131039047,0.0,0.0,0.0,Farm & Heavy Construction Machinery,Industrials,CEADW
2010Q1,2010,Q1,2010-02-28,2010-02-28,-6044.0,0.0,-6044.0,0.0,0.0,0.0,,,,,,,,0.0,,0.0,0.0,0.0,0.0,0.0,0.0,0.0,0.0,0.0,0.0,0.0,0.0,,0.0,0.0,0.0,0.0,0.0,0.0,0.0,0.0,0.0,0.0,0.0,0.0,0.0,0.0,0.0,Farm & Heavy Construction Machinery,Industrials,CEADW
