Quarters,Year,Quarter,FillingDate,Date,NetIncome,Revenue,OperatingIncome,EPSDiluted,GrossProfit,GrossProfitRatio,TotalAssets,CommonStockEquity,CurrentAssets,CurrentLiability,TotalLiability,Inventory,RetainedEarnings,MarketCap,EnterpriseValue,bookValuePerShare,currentRatio,debtToAssets,debtToEquity,roic,shareholdersEquityPerShare,roe,priceToSalesRatio,peRatio,pbRatio,payoutRatio,inventoryTurnover,dividendYield,assetTurnover,quickRatio,returnOnAssets,priceToFreeCashFlowsRatio,grossProfitMargin,epsdilutedGrowth,fiveYNetIncomeGrowthPerShare,fiveYRevenueGrowthPerShare,fiveYShareholdersEquityGrowthPerShare,grossProfitGrowth,netIncomeGrowth,operatingIncomeGrowth,threeYNetIncomeGrowthPerShare,threeYRevenueGrowthPerShare,threeYShareholdersEquityGrowthPerShare,Industry,Sector,Symbol
2023Q1,2023,Q1,2023-04-28,2023-03-31,1050000000.0,3871000000.0,1473000000.0,5.07,2079000000.0,0.5370705244,34253000000.0,-70000000.0,22144000000.0,20595000000.0,34195000000.0,16629000000.0,-2388000000.0,64981269000.00001,75895269000.0,-0.3396409509946628,1.0752124302015051,0.35129769655212684,-171.9,0.09366712462005505,-0.3396409509946628,-15.0,16.78668793593387,15.471730714285714,-928.3038428571429,0.10952380952380952,0.10776354561308557,0.0017697407540625282,0.11301199894899717,0.2429715950473416,0.03065424926283829,177.06067847411447,0.5370705244122965,0.6146496815286624,1.1313327354084268,0.5104734403288691,-1.0159216706889593,0.30672532998114393,0.5981735159817352,0.45553359683794464,0.5389430655172673,0.3606698099997301,-1.024993458432299,Insurance Brokers,Financial Services,AON
2022Q4,2022,Q4,2023-02-17,2022-12-31,657000000.0,3130000000.0,1012000000.0,3.14,1591000000.0,0.5083067093,32704000000.0,-529000000.0,20723000000.0,20306000000.0,33133000000.0,15900000000.0,-2772000000.0,62279050000.0,73052050000.0,-2.549397590361446,1.020535802225943,0.3505075831702544,-21.669187145557657,0.08175999081948139,-2.549397590361446,-1.2419659735349717,19.897460063897764,23.698268645357686,-117.7297731568998,0.1765601217656012,0.09679245283018868,0.0018625846091101263,0.09570694716242661,0.20570274795626908,0.020089285714285716,64.07309670781893,0.5083067092651757,0.6354166666666667,42.87802155992391,0.3030917758348622,-1.1397913188867188,0.36683848797250856,0.6102941176470589,0.7152542372881356,0.986958314541589,0.22713829320749204,-1.1772869968763944,Insurance Brokers,Financial Services,AON
2022Q3,2022,Q3,2022-10-28,2022-09-30,408000000.0,2696000000.0,590000000.0,1.92,1164000000.0,0.4317507418,31223000000.0,-783000000.0,19176000000.0,18688000000.0,31893000000.0,7824999057.0,-2638000000.0,56493783000.0,68200782308.0,-3.712660028449502,1.02611301369863,0.37494795503314865,-14.951468710089399,0.040966505205945476,-3.712660028449502,-0.5210727969348659,20.95466728486647,34.616288602941175,-72.15042528735633,0.28921568627450983,0.19578277119784707,0.0020887254089534063,0.0863466034653941,0.6009739374464897,0.01306729013867982,57.17994230769231,0.4317507418397626,-0.17596566523605156,1.6728384145169353,0.3963307436991649,-1.183373121405158,-0.13392857142857142,-0.18562874251497005,-0.15714285714285714,1.0644086476234413,0.272957566313908,-1.2518697482072414,Insurance Brokers,Financial Services,AON
2022Q2,2022,Q2,2022-07-29,2022-06-30,501000000.0,2983000000.0,700000000.0,2.33,1344000000.0,0.4505531344,34720000000.0,684000000.0,22167000000.0,21077000000.0,33932000000.0,17243000000.0,-1727000000.0,57522744000.0,68114744000.0,3.2067510548523206,1.0517151397257674,0.32638248847926266,16.567251461988302,0.04391597182884391,3.2067510548523206,0.7324561403508771,19.28352128729467,28.70396407185629,84.09757894736842,0.2375249500998004,0.09505306501188888,0.002068746929040798,0.08591589861751152,0.22294444180860654,0.014429723502304148,92.33185232744783,0.45055313442842776,-0.518595041322314,-0.19853536933091184,0.549688929435765,-0.846646350137917,-0.29374671571203365,-0.5219465648854962,-0.4879297732260424,1.040152934545842,0.2911705433636323,-0.7988674911893983,Insurance Brokers,Financial Services,AON
2022Q1,2022,Q1,2022-04-29,2022-03-31,1048000000.0,3670000000.0,1367000000.0,4.84,1903000000.0,0.5185286104,33491000000.0,1177000000.0,20545000000.0,19189000000.0,32200000000.0,15663000000.0,-1609000000.0,70108139000.0,80782139000.0,5.466790524849048,1.0706654854343634,0.33647845689886835,9.574341546304163,0.08179822067161721,5.466790524849048,0.8903993203058623,19.10303514986376,16.72426979961832,59.56511384876805,0.1049618320610687,0.11281363723424631,0.0015690047057161222,0.1095816786599385,0.24613059565375997,0.03129198889253829,159.33667954545456,0.5185286103542235,0.22531645569620243,3.429372904107272,0.8957480580996836,-0.7484174259680173,0.24868766404199474,0.2004581901489118,0.2304230423042304,0.7889820252927244,0.3135656777666633,-0.7227106460484943,Insurance Brokers,Financial Services,AON
2021Q4,2021,Q4,2022-02-18,2021-12-31,873000000.0,3080000000.0,1111000000.0,3.95,1524000000.0,0.4948051948,31917000000.0,1061000000.0,19032000000.0,19073000000.0,30759000000.0,0.0,-1694000000.0,65912808000.0,75791808000.0,4.83812129502964,0.9978503643894511,0.3265657799918539,9.823751178133836,0.07480621709547,4.83812129502964,0.822808671065033,21.400262337662337,18.875374570446738,62.12328746465598,0.12829324169530354,0.0,0.0016992145138164953,0.09650029764702196,0.20882923504430348,0.02735219475514616,73.56340178571429,0.4948051948051948,1.9899749373433584,1.339263210960861,0.4076935623295389,-0.7652884063023276,0.7577854671280276,1.97,2.387016229712859,1.796978528519598,0.22903692582733706,-0.7174751621500398,Insurance Brokers,Financial Services,AON
2021Q3,2021,Q3,2021-10-29,2021-09-30,-900000000.0,2702000000.0,-801000000.0,-3.99,867000000.0,0.32087342709104366,31816000000.0,2209000000.0,18740000000.0,17510000000.0,29517000000.0,0.0,-445000000.0,64412557999.99999,73288558000.0,9.800354924578526,1.0702455739577383,0.29812044254463166,4.293798098687189,-0.06434186199060021,9.800354924578526,-0.4074241738343142,23.83884455958549,-17.892377222222223,29.15914803078316,-0.1288888888888889,0.0,0.0018008910622677027,0.08492582348503898,0.23478012564249,-0.028287654010560725,-511.2107777777777,0.32087342709104366,-3.403614457831326,-4.348279478071725,0.4569182274573105,-0.5175570588287163,-0.3108108108108108,-3.37467018469657,-2.1919642857142856,-7.627673252086993,0.24519750706657248,-0.43892853083126226,Insurance Brokers,Financial Services,AON
2021Q2,2021,Q2,2021-07-30,2021-06-30,379000000.0,2886000000.0,672000000.0,1.66,1258000000.0,0.4358974358974359,34580000000.0,4462000000.0,21276000000.0,18927000000.0,30013000000.0,0.0,1823000000.0,54198520000.0,61516520000.0,19.65638766519824,1.1241084165477888,0.24317524580682476,1.884580905423577,0.0316623146809383,19.65638766519824,0.0849394890183774,18.77980595980596,35.75100263852242,12.146687584043029,0.3034300791556728,0.0,0.00212182915695853,0.08345864661654136,0.2647012204786813,0.010960092539039908,72.94551816958277,0.4358974358974359,-0.585,0.49878600365638776,0.5003837789441984,-0.03735198460432933,-0.3034330011074197,-0.5848849945235487,-0.4602409638554217,7.556718061674009,0.22122587714394332,0.06391009144967358,Insurance Brokers,Financial Services,AON
2021Q1,2021,Q1,2021-04-30,2021-03-31,913000000.0,3525000000.0,1245000000.0,4.0,1806000000.0,0.512340425531915,32175000000.0,4260000000.0,18905000000.0,16823000000.0,27814000000.0,0.0,1801000000.0,52257981000.0,59833981000.0,18.758256274768826,1.1237591392736135,0.261010101010101,1.9713615023474178,0.07216413377599047,18.758256274768826,0.21431924882629108,14.82495914893617,14.30941429353779,12.267131690140845,0.11391018619934283,0.0,0.0019901266373073233,0.10955710955710955,0.2712952505498425,0.028376068376068375,98.22928759398496,0.512340425531915,0.762114537444934,2.3609335094671944,0.8529315144184447,-0.03491417726667483,0.35789473684210527,0.7423664122137404,0.7461430575035063,0.6818745209322046,0.24827393090593508,-0.12065144608940705,Insurance Brokers,Financial Services,AON
2020Q4,2020,Q4,2021-02-19,2020-12-31,524000000.0,2965000000.0,713000000.0,2.27,1330000000.0,0.448566610455312,32114000000.0,3495000000.0,18684000000.0,17433000000.0,28531000000.0,0.0,1042000000.0,48423084000.0,56464084000.0,15.24869109947644,1.07176045431079,0.277916173631438,2.5536480686695278,0.044669070028494955,15.24869109947644,0.14992846924177397,16.3315629005059,23.10261641221374,13.85495965665236,0.20038167938931298,0.0,0.0021683872923087674,0.09232733387307716,0.24992829690816268,0.01631687114654045,65.61393495934959,0.448566610455312,0.9237288135593221,0.07840231771020098,0.08381526000995755,-0.31205652973300657,0.33266533066132264,0.9054545454545454,0.6167800453514739,31.2381739689538,0.1175291281735626,-0.16386731981269265,Insurance Brokers,Financial Services,AON
2020Q3,2020,Q3,2020-10-30,2020-09-30,275000000.0,2385000000.0,441000000.0,1.18,998000000.0,0.41844863731656184,31359000000.0,3542000000.0,18249000000.0,16870000000.0,27739000000.0,0.0,1423000000.0,47985380000.0,56093380000.0,15.227858985382632,1.0817427385892115,0.2847348448611244,2.520892151326934,0.02496016416533276,15.227858985382632,0.07763975155279502,20.119656184486374,43.623072727272735,13.547538114059853,0.37454545454545457,0.0,0.002146487117534549,0.07605472113268918,0.2552459988144635,0.008769412289932714,61.9966149870801,0.41844863731656184,-0.3058823529411765,0.12577786845825364,0.050419950667085545,-0.2729040304276761,-0.12147887323943662,-0.30904522613065327,-0.25757575757575757,0.633473542329948,0.12001455122693304,-0.24787618228718825,Insurance Brokers,Financial Services,AON
2020Q2,2020,Q2,2020-07-31,2020-06-30,398000000.0,2497000000.0,594000000.0,1.7,1136000000.0,0.4549459351221466,31995000000.0,3601000000.0,18990000000.0,17383000000.0,28300000000.0,0.0,1751000000.0,44818020000.0,53313020000.0,15.474860335195531,1.0924466432721625,0.28917018284106893,2.5692863093585117,0.034908471690080885,15.474860335195531,0.11052485420716468,17.948746495794953,28.152022613065327,12.445992779783392,0.2562814070351759,0.0,0.00227587028610367,0.07804344428817003,0.2765920727147213,0.012439443663072355,52.66512338425382,0.4549459351221466,-0.4832826747720365,1.733688068255892,0.08835747448958106,-0.31187906136868887,0.0,-0.4844559585492228,-0.4249757986447241,-0.4163880449050916,0.1890614292848931,-0.25995929434020276,Insurance Brokers,Financial Services,AON
2020Q1,2020,Q1,2020-05-01,2020-03-31,772000000.0,3219000000.0,1033000000.0,3.29,0.0,1.0,30282000000.0,3169000000.0,17345000000.0,17111000000.0,27022000000.0,0.0,1455000000.0,38487328000.0,46108328000.0,13.589193825042882,1.013675413476711,0.2744534707086718,2.622593878195014,0.06585452079723206,13.589193825042882,0.24360997159987377,11.956299471885679,12.463512953367875,12.144944146418428,0.13212435233160622,0.0,0.0026502229513049075,0.10630077273627898,0.9873180994681784,0.02549369262268014,137.94741218637992,0.0,1.0822784810126582,1.8683951805212735,0.37793596943248026,-0.393236624496907,0.0,1.0641711229946524,0.9713740458015268,2.0124076792040224,0.5351507035039403,-0.37462312741199943,Insurance Brokers,Financial Services,AON
2019Q4,2019,Q4,2020-02-14,2019-12-31,374000000.0,2885000000.0,524000000.0,1.58,0.0,1.0,29405000000.0,3375000000.0,16476000000.0,15571000000.0,25956000000.0,0.0,1254000000.0,48885663000.0,55644663000.0,14.38005965061781,1.0581208657119003,0.25672504676075497,2.236740740740741,0.03734537531758905,14.38005965061781,0.11081481481481481,16.9447705372617,32.677582219251335,14.484640888888888,0.27540106951871657,0.0,0.0021069572074741017,0.09811256589015474,1.025367670669835,0.01271892535283115,79.61834364820847,0.0,0.6989247311827956,-0.0040477204942480915,0.06891486141944601,-0.3721991154662937,0.0,0.6846846846846847,0.45555555555555555,-0.0635987356859256,0.2320512326615268,-0.3023807151070151,Insurance Brokers,Financial Services,AON
2019Q3,2019,Q3,2019-10-25,2019-09-30,222000000.0,2379000000.0,360000000.0,0.93,0.0,1.0,28167000000.0,3492000000.0,15317000000.0,14851000000.0,24606000000.0,0.0,1436000000.0,45856733000.0,52740733000.0,14.740396791895314,1.0313783583597065,0.2657720026981929,2.1437571592210767,0.023710094909404664,14.740396791895314,0.06357388316151202,19.27563387978142,51.64046509009009,13.131939576174112,0.46846846846846846,0.0,0.0022679330426788147,0.08446053892853339,1.000808026395529,0.007881563531792523,61.884929824561404,0.0,-0.18421052631578935,-0.1135418246197855,0.019214770648656194,-0.40282495048218986,0.0,-0.19855595667870035,-0.12832929782082325,-0.2141837289651732,0.22048690788503403,-0.2743731796407809,Insurance Brokers,Financial Services,AON
2019Q2,2019,Q2,2019-07-26,2019-06-30,277000000.0,2606000000.0,413000000.0,1.14,0.0,1.0,29807000000.0,3836000000.0,16745000000.0,15481000000.0,25894000000.0,0.0,1669000000.0,46950684000.0,54176684000.0,15.943474646716542,1.0816484723209094,0.261918341329218,2.0351929092805006,0.02686136250069402,15.943474646716542,0.07221063607924921,18.016379125095934,42.37426353790613,12.239490093847758,0.3862815884476534,0.0,0.002278987032435992,0.08742912738618445,1.0502551514760028,0.00929311906599121,197.27178151260503,0.0,-0.5777777777777778,0.1304592138075863,0.10761551072643841,-0.38193153479936526,0.0,-0.5796661608497724,-0.5263761467889908,0.03349985989193687,0.2782349235478351,-0.21918744742979795,Insurance Brokers,Financial Services,AON
2019Q1,2019,Q1,2019-04-26,2019-03-31,659000000.0,3143000000.0,872000000.0,2.7,0.0,1.0,29135000000.0,4775000000.0,15919000000.0,14537000000.0,24273000000.0,0.0,2555000000.0,42007168000.0,48064168000.0,19.715111478117258,1.0950677581344157,0.22848807276471597,1.3941361256544502,0.05786965544174364,19.715111478117258,0.1380104712041885,13.365309576837417,15.93595144157815,8.797312670157067,0.1456752655538695,0.0,0.002285324257041084,0.10787712373434014,1.064112265254179,0.022618843315599792,2471.009882352941,0.0,0.9148936170212768,1.5428895580511974,0.33748737112886423,-0.24638374030382207,0.0,0.9101449275362319,0.7474949899799599,1.2746655656482244,0.549129138433719,0.014314673093061784,Insurance Brokers,Financial Services,AON
2018Q4,2018,Q4,2019-02-19,2018-12-31,345000000.0,2770000000.0,499000000.0,1.41,0.0,1.0,26422000000.0,4151000000.0,14372000000.0,13296000000.0,22203000000.0,0.0,2093000000.0,35235264000.0,40823264000.0,17.124587458745875,1.0809265944645006,0.23631821966543032,1.5042158516020236,0.041738130935431675,17.124587458745875,0.08311250301132257,12.720311913357401,25.532800000000005,8.488379667549989,0.2811594202898551,0.0,0.002752923888976679,0.1048368783589433,1.0438477737665464,0.01305730073423662,54.20809846153846,0.0,1.3499999999999999,0.22695459297866397,0.08980250202606734,-0.35657283369851717,0.0,1.346938775510204,0.9045801526717557,-0.3286474876661468,-0.042602408272305325,-0.2274256166376955,Insurance Brokers,Financial Services,AON
2018Q3,2018,Q3,2018-10-26,2018-09-30,147000000.0,2349000000.0,262000000.0,0.6,0.0,1.0,25602000000.0,4262000000.0,13348000000.0,12643000000.0,21274000000.0,0.0,2042000000.0,37783400000.0,43705400000.0,17.4672131147541,1.0557620817843867,0.2502148269666432,1.5030502111684656,0.019337634818218617,17.4672131147541,0.0344908493664946,16.08488718603661,64.25748299319729,8.865180666353824,0.6666666666666666,0.0,0.002593731638761996,0.09175064448089992,1.0146326030214348,0.005741738926646356,76.48461538461538,0.0,2.1578947368421053,-0.2741457632396261,0.06274399989878778,-0.28491136434502384,0.0,2.0625,17.375,-0.42633648235621013,-0.013771657638913764,-0.16597991434057,Insurance Brokers,Financial Services,AON
2018Q2,2018,Q2,2018-07-27,2018-06-30,48000000.0,2561000000.0,-16000000.0,0.19,0.0,1.0,27217000000.0,4545000000.0,14860000000.0,13843000000.0,22599000000.0,0.0,2295000000.0,33743819999.999996,39714820000.0,18.475609756097562,1.0734667340894315,0.2372781717309035,1.4209020902090208,0.0009397363174083061,18.475609756097562,0.010561056105610561,13.17603279968762,175.74906249999998,7.424382838283828,2.0416666666666665,0.0,0.0029042355014933107,0.09409560201344748,1.0337354619663368,0.0017636036300841386,163.01362318840577,0.0,-0.919831223628692,-0.746017609553689,0.12730256418891414,-0.23325852884140685,0.0,-0.9191919191919192,-1.0200250312891115,-0.6881337352699369,0.05590264191411972,-0.17844467402160735,Insurance Brokers,Financial Services,AON
2018Q1,2018,Q1,2018-05-04,2018-03-31,594000000.0,3090000000.0,799000000.0,2.37,0.0,1.0,27847000000.0,5301000000.0,15115000000.0,13658000000.0,22462000000.0,0.0,2747000000.0,34872005000.0,40375005000.0,21.33199195171026,1.106677405183775,0.2190541171400869,1.1507262780607432,0.05815862903573737,21.33199195171026,0.11205432937181664,11.285438511326861,14.676769781144781,6.578382380682891,0.14983164983164984,0.0,0.0025521905035285467,0.11096347901030632,1.0711670815639185,0.021330843537903543,367.0737368421053,0.0,30.625,1.9150512839797407,0.35775115940238356,-0.10412759571918914,0.0,32.26315789473684,0.6339468302658486,1.0711439367914806,0.2412769557280459,-0.04751734286314908,Insurance Brokers,Financial Services,AON
2017Q4,2017,Q4,2018-02-20,2017-12-31,-19000000.0,2909000000.0,489000000.0,-0.08,0.0,1.0,26088000000.0,4583000000.0,13677000000.0,12755000000.0,21440000000.0,0.0,2302000000.0,33674200000.0,38884200000.0,18.23716673298846,1.0722853782830262,0.22868751916590002,1.3017674012655467,0.040740508886972004,18.23716673298846,-0.0041457560549858176,11.575867995874871,-443.0815789473684,7.347632555094917,-4.7368421052631575,0.0,0.00267266928390281,0.11150720637841154,1.0607604860838886,-0.0007283042011652867,104.25448916408669,0.0,-1.1111111111111112,-1.0795861521139256,0.19307958996907895,-0.2456724581488294,0.0,-1.1027027027027028,0.8452830188679246,-1.0472542777556704,0.006610879564488444,-0.20380654291187575,Insurance Brokers,Financial Services,AON
2017Q3,2017,Q3,2017-10-27,2017-09-30,185000000.0,2340000000.0,265000000.0,0.72,0.0,1.0,25924000000.0,5175000000.0,14267000000.0,12474000000.0,20677000000.0,0.0,2914000000.0,37343160000.0,42561160000.0,20.246478873239436,1.1437389770723103,0.23017281283752508,1.1530434782608696,0.023008771152653495,20.246478873239436,0.035748792270531404,15.958615384615385,50.46372972972973,7.216069565217391,0.4972972972972973,0.0,0.002463637249766758,0.09026384817157845,1.1288279621612956,0.007136244406727357,-196.54294736842104,0.0,-0.7542662116040955,0.16739865694712938,0.10057257972386745,-0.19786337625391123,0.0,-0.7594278283485045,3.2457627118644066,-0.31533013253921227,-0.07083822378716759,-0.17975803539183824,Insurance Brokers,Financial Services,AON
2017Q2,2017,Q2,2017-08-04,2017-06-30,769000000.0,2368000000.0,-118000000.0,2.93,0.0,1.0,27189000000.0,5487000000.0,15602000000.0,13375000000.0,21636000000.0,0.0,3574000000.0,34886080000.0,40125080000.0,20.910823170731707,1.1665046728971962,0.2178454522049358,1.0794605431018771,-0.0023618675231578457,20.910823170731707,0.1401494441406962,14.732297297297297,11.341378413524057,6.357951521778749,0.1235370611183355,0.0,0.002723149175831736,0.0870940453860017,1.1538691588785046,0.02828349700246423,164.55698113207546,0.0,1.6880733944954127,2.9603246487705728,0.06345267497254907,-0.14727235012655884,0.0,1.6426116838487972,-1.3440233236151604,1.8776187921213092,-0.0771563933522173,-0.18936614071903712,Insurance Brokers,Financial Services,AON
2017Q1,2017,Q1,2017-05-09,2017-03-31,291000000.0,2381000000.0,343000000.0,1.09,0.0,1.0,26982000000.0,5754000000.0,15393000000.0,12970000000.0,21156000000.0,0.0,3934000000.0,31429112000.0,37273112000.0,21.729607250755286,1.1868157286044718,0.23263657252983472,1.0908932916232186,0.02819332566168009,21.729607250755286,0.05057351407716371,13.199963040739185,27.00095532646048,5.4621327771984705,0.29896907216494845,0.0,0.0027681342062734703,0.08824401452820399,0.9286815728604472,0.010784967756281965,152.56850485436894,0.0,-0.41711229946524064,0.5263091662012236,0.04619982277739312,-0.14060272715541455,0.0,-0.3561946902654867,-0.4546899841017488,0.02704915800604232,-0.07325369652634621,-0.1693790136993437,Insurance Brokers,Financial Services,AON
2016Q4,2016,Q4,2017-02-23,2016-12-31,452000000.0,2650000000.0,629000000.0,1.87,0.0,1.0,26615000000.0,5475000000.0,13146000000.0,12495000000.0,21083000000.0,0.0,3807000000.0,29623312212.98,35397312212.979996,20.613047778379173,1.0521008403361345,0.23313920721397707,1.1333333333333333,0.0503321111642489,20.613047778379173,0.08255707762557078,11.178608382256604,16.38457533903761,5.410650632507763,0.19247787610619468,0.0,0.002936876179628534,0.09956791283111027,1.0320128051220487,0.016982904377230885,37.88147341813299,0.0,0.6403508771929827,1.0307722177241383,0.10153075060179631,-0.15650439846042435,0.0,0.4169278996865204,0.490521327014218,0.46702843696678986,-0.048509169401525755,-0.2254998870582482,Insurance Brokers,Financial Services,AON
2016Q3,2016,Q3,2016-10-28,2016-09-30,319000000.0,2201000000.0,422000000.0,1.14,0.0,1.0,25252000000.0,5434000000.0,12471000000.0,11366000000.0,19758000000.0,0.0,3702000000.0,30091075000.0,35768075000.0,20.314018691588785,1.0972197782861164,0.24394107397433867,1.1336032388663968,0.03297267747836381,20.314018691588785,0.058704453441295545,13.671547024079963,23.58234717868338,5.537555207949945,0.27899686520376177,0.0,0.0029576876200002825,0.08716141295738951,1.0747844448354742,0.012632662759385396,45.454796072507555,0.0,0.1287128712871286,1.021226039460021,0.01405565908958304,-0.17196077446247207,0.0,0.06333333333333334,0.04197530864197531,0.4367751382155375,-0.09169495282280461,-0.16836625193701327,Insurance Brokers,Financial Services,AON
2016Q2,2016,Q2,2016-07-29,2016-06-30,300000000.0,2282000000.0,405000000.0,1.01,0.0,1.0,26693000000.0,5499000000.0,13801000000.0,12697000000.0,21132000000.0,0.0,3784000000.0,29416396073.13,35136396073.130005,20.419080859081195,1.086949673151138,0.2306971865283033,1.1198399709038007,0.029578936554766178,20.419080859081195,0.05455537370430987,12.890620540372481,24.513663394275,5.349408269345336,0.29,0.0,0.002957534287467286,0.08549057805417151,1.0673387414349846,0.011238901584685124,67.00773592968109,0.0,-0.12173913043478253,0.46575077141429044,0.023324512243320345,-0.17459626064227457,0.0,-0.07692307692307693,-0.1,0.45001067689269125,-0.08244071811614515,-0.152604092407227,Insurance Brokers,Financial Services,AON
2016Q1,2016,Q1,2016-04-29,2016-03-31,325000000.0,2276000000.0,450000000.0,1.15,0.0,1.0,26813000000.0,5281000000.0,14041000000.0,12793000000.0,21466000000.0,0.0,3600000000.0,28379065000.0,34511065000.0,19.43687891056312,1.0975533494880012,0.24603736993249542,1.2491952281764818,0.03141596029237429,19.43687891056312,0.06154137473963264,12.468833479789105,21.83005,5.373805150539671,0.2523076923076923,0.0,0.0028894538984987703,0.08488419796367434,1.058469475494411,0.012120986088837504,128.4120588235294,0.0,-0.44976076555023925,0.6613503471817015,0.037369631121249094,-0.2115714550332788,0.0,-0.4434931506849315,-0.3723849372384937,0.4587466452180608,-0.08531677304261134,-0.18371601298466123,Insurance Brokers,Financial Services,AON
2015Q4,2015,Q4,2016-02-22,2015-12-31,584000000.0,3288000000.0,717000000.0,2.09,0.0,1.0,27164000000.0,6106000000.0,13972000000.0,13086000000.0,21001000000.0,0.0,4117000000.0,25401245272.579998,30754245272.579998,22.16561644746532,1.0677059452850375,0.21119864526579296,0.9395676383884703,0.05017960176591203,22.16561644746532,0.09564362921716345,7.725439559787104,10.873820750248287,4.160046720042581,0.1421232876712329,0.0,0.0032675563386491287,0.12104255632454719,1.031636863823934,0.021499042850831984,29.230431844165704,0.0,1.0096153846153844,2.1356421399899186,0.4018892733123131,-0.08214128061982097,0.0,0.9796610169491525,0.7360774818401937,1.2315789512121693,0.2301923060278434,-0.08318352224153165,Insurance Brokers,Financial Services,AON
2015Q3,2015,Q3,2015-10-30,2015-09-30,295000000.0,2742000000.0,413000000.0,1.04,0.0,1.0,27206000000.0,5883000000.0,13920000000.0,13541000000.0,21264000000.0,0.0,4015000000.0,24890549000.0,30618549000.0,20.943396226415093,1.0279890702311498,0.22517091817981327,1.041305456399796,0.029228687225789095,20.943396226415093,0.05014448410674826,9.077516046681255,21.09368559322034,4.230927927927929,0.2847457627118644,0.0,0.003374774899501011,0.10078659119311917,0.9922457720995496,0.010843196353745498,39.69784529505582,0.0,0.6774193548387097,1.019607306747162,0.5009324496833274,0.0013310990761491765,0.0,0.6573033707865169,0.49097472924187724,0.6938641919530362,0.17348999625271508,-0.17025250444719603,Insurance Brokers,Financial Services,AON
2015Q2,2015,Q2,2015-07-31,2015-06-30,178000000.0,2805000000.0,277000000.0,0.62,0.0,1.0,29203000000.0,6398000000.0,15655000000.0,14839000000.0,22747000000.0,0.0,4405000000.0,28358960000.000004,34052960000.000004,22.488576449912127,1.054990228452052,0.20754716981132076,0.9473272897780557,0.019273387802354137,22.488576449912127,0.02782119412316349,10.110146167557934,39.83,4.432472647702407,0.47752808988764045,0.0,0.002997289040218682,0.09605177550251687,1.0205539456836714,0.006095264185186453,190.32859060402686,0.0,-0.45614035087719296,0.1375619101048738,0.44505084343708373,0.15252635981365914,0.0,-0.4573170731707317,-0.37188208616780044,-0.15451479709088828,0.16185222899556365,-0.0829327574261268,Insurance Brokers,Financial Services,AON
2015Q1,2015,Q1,2015-05-01,2015-03-31,328000000.0,2847000000.0,441000000.0,1.14,0.0,1.0,28389000000.0,6365000000.0,14999000000.0,14116000000.0,21958000000.0,0.0,4612000000.0,27317304000.0,32615304000.0,22.396199859254047,1.0625531311986398,0.1999365951600972,0.8917517674783975,0.02924748423324471,22.396199859254047,0.051531814611154754,9.595119072708114,20.821115853658537,4.291799528672428,0.21646341463414634,0.0,0.002599085180587367,0.10028532177956251,1.027557381694531,0.011553770826728663,369.15275675675673,0.0,-0.26923076923076933,0.7888810696692471,0.45160397903003563,0.14385626456279008,0.0,-0.28540305010893247,-0.30551181102362207,0.6029400287405603,0.1655653307344129,-0.114239256190136,Insurance Brokers,Financial Services,AON
2014Q4,2014,Q4,2015-02-24,2014-12-31,459000000.0,3299000000.0,635000000.0,1.56,0.0,1.0,29772000000.0,6571000000.0,15823000000.0,15014000000.0,23141000000.0,0.0,4605000000.0,27204356250.0,32412356250.0,22.90544662309368,1.0538830424936725,0.18749160284831384,0.849490184142444,0.04137184688684682,22.90544662309368,0.0698523816770659,8.24624317975144,14.8171875,4.1400633465225996,0.1568627450980392,0.0,0.002646634948400957,0.11080881365040979,1.0345011322765418,0.015417170495767836,39.889085410557186,0.0,0.5,1.2294949494949496,0.5305305793861735,0.1748675819504642,0.0,0.4854368932038835,0.5227817745803357,0.9093461718411554,0.2696449156776879,-0.06269836049454641,Insurance Brokers,Financial Services,AON
2014Q3,2014,Q3,2014-10-31,2014-09-30,309000000.0,2880000000.0,417000000.0,1.04,0.0,1.0,28827000000.0,7215000000.0,14755000000.0,13856000000.0,21555000000.0,0.0,4718000000.0,25625941000.0,30743941000.0,24.68354430379747,1.0648816397228638,0.1907933534533597,0.7623007623007623,0.026096985302006222,24.68354430379747,0.04282744282744283,8.897896180555556,20.732961974110033,3.5517589743589744,0.23624595469255663,0.0,0.002848675878868214,0.09990633780830471,1.032188221709007,0.010719117494016026,52.72827366255144,0.0,0.02970297029702973,1.516983532158741,0.5691815377292537,0.1773691547093257,0.0,0.01644736842105263,-0.06292134831460675,0.7917509853927577,0.21430898710180227,0.006149655523387694,Insurance Brokers,Financial Services,AON
2014Q2,2014,Q2,2014-07-25,2014-06-30,304000000.0,2919000000.0,445000000.0,1.01,0.0,1.0,31776000000.0,7700000000.0,17711000000.0,16040000000.0,24017000000.0,0.0,4982000000.0,26891865000.0,32427865000.0,25.79564489112228,1.1041770573566085,0.18737411883182276,0.7732467532467533,0.02647450153009827,25.79564489112228,0.039480519480519484,9.21269784172662,22.115020559210524,3.49245,0.24671052631578946,0.0,0.0027889475125656028,0.09186178247734139,1.030423940149626,0.009566968781470292,94.68966549295774,0.0,-0.047169811320754755,0.9215574696749972,0.46076561860845144,0.2362739812827063,0.0,-0.06461538461538462,-0.0511727078891258,0.34003350000649235,0.18095956313763775,0.04274143871696347,Insurance Brokers,Financial Services,AON
2014Q1,2014,Q1,2014-04-25,2014-03-31,325000000.0,2947000000.0,469000000.0,1.06,0.0,1.0,30077000000.0,7946000000.0,16173000000.0,15581000000.0,22071000000.0,0.0,5403000000.0,25599065441.04,30007065441.04,26.16067690214838,1.0379949939028303,0.1577949928516807,0.5972816511452304,0.029522817122424595,26.16067690214838,0.040901082305562546,8.686483013586699,19.6915888008,3.221629177075258,0.16307692307692306,0.0,0.0020703880820208097,0.09798184659374273,1.0093062062768756,0.0108055989626625,-387.8646278945455,0.0,-0.0701754385964911,0.08643214198799708,0.4942584320073602,0.33936258658036816,0.0,-0.08450704225352113,-0.08932038834951456,0.48611111137208657,0.20152126860069802,0.06116956946704537,Insurance Brokers,Financial Services,AON
2013Q4,2013,Q4,2014-02-18,2013-12-31,355000000.0,3209000000.0,515000000.0,1.14,0.0,1.0,30251000000.0,8145000000.0,16330000000.0,15411000000.0,22056000000.0,0.0,5731000000.0,25673232778.87,29585232778.87,26.61464786633211,1.059632729868276,0.14508611285577336,0.5388581952117864,0.03064184247713018,26.61464786633211,0.04358502148557397,8.00038416293861,18.079741393570423,3.152023668369552,0.14929577464788732,0.0,0.0020644069430796777,0.10607913787973951,1.0363376808772955,0.011735149251264421,43.22093060415825,0.0,0.39024390243902435,55.96466662331425,0.5640596650537111,0.4249612784177437,0.0,0.38671875,0.41483516483516486,0.7157287160493465,0.23156756535505996,0.10208920492889996,Insurance Brokers,Financial Services,AON
2013Q3,2013,Q3,2013-10-25,2013-09-30,256000000.0,2794000000.0,364000000.0,0.82,0.0,1.0,29305000000.0,7534000000.0,15574000000.0,15191000000.0,21715000000.0,0.0,5507000000.0,22959807233.399998,27148807233.399998,24.426640620229172,1.0252122967546573,0.15553659785019622,0.604990708786833,0.022512953100825683,24.426640620229172,0.03397929386779931,8.217540169434502,22.421686751367186,3.0474923325457923,0.2109375,0.0,0.00235193612259276,0.09534209179320935,0.9933513264432888,0.008735710629585395,42.12808666678899,0.0,0.07894736842105256,0.9302325559477879,0.39966008765043837,0.11759180899491344,0.0,0.06224066390041494,-0.04712041884816754,0.5961538462854734,0.392868011476073,0.16786955824016758,Insurance Brokers,Financial Services,AON
2013Q2,2013,Q2,2013-07-26,2013-06-30,241000000.0,2897000000.0,382000000.0,0.76,0.0,1.0,30062000000.0,7559000000.0,16393000000.0,15195000000.0,22444000000.0,0.0,5805000000.0,20503432000.0,24676432000.0,24.096270321963658,1.0788417242513986,0.14766149956756036,0.5872469903426379,0.023460050359270408,24.096270321963658,0.031882524143405214,7.07747048671039,21.269120331950205,2.712452969969573,0.22821576763485477,0.0,0.002682477743238303,0.0963675071518861,1.0521224086870682,0.00801676535160668,75.65842066420664,0.0,-0.07317073170731701,-0.8040386346262656,0.36446678700619894,0.0788260453985278,0.0,-0.07662835249042145,-0.06829268292682927,0.3968180360070922,0.35352570973993064,0.2349197282946382,Insurance Brokers,Financial Services,AON
2013Q1,2013,Q1,2013-05-01,2013-03-31,261000000.0,2915000000.0,410000000.0,0.82,0.0,1.0,30029000000.0,7579000000.0,16257000000.0,15261000000.0,22396000000.0,0.0,5844000000.0,19447682931.3,23611682931.3,23.811417619047184,1.0652643994495774,0.15225282227180392,0.6032458107929806,0.024939797404400426,23.811417619047184,0.03443726085235519,6.671589341783876,18.628048784770115,2.5659959006861066,0.19157088122605365,0.0,0.0025710003693821897,0.09707282959805522,1.0397745888211782,0.008691598121815578,-3241.28048855,0.0,-0.11827956989247322,0.1434862382692398,0.46147202830412754,0.12192668260854683,0.0,-0.14426229508196722,-0.11062906724511931,0.2709999997078162,0.3270786443711857,0.21613663848484238,Insurance Brokers,Financial Services,AON
2012Q4,2012,Q4,2013-02-22,2012-12-31,305000000.0,3115000000.0,461000000.0,0.93,0.0,1.0,30486000000.0,7762000000.0,16382000000.0,15350000000.0,22681000000.0,0.0,5933000000.0,17853736865.52,21727736865.52,24.176721279768234,1.0672312703583062,0.1366200879092042,0.5365885081164649,0.028917971449381453,24.176721279768234,0.0392939963926823,5.731536714452648,14.634210545508196,2.300146465539809,0.11147540983606558,0.0,0.0019043632297316114,0.10217804894049727,1.0392182410423452,0.010004592271862494,36.88788608578513,0.0,0.5000000000000001,0.39516908029587383,0.47036268051612534,0.18143759348168187,0.0,0.4950980392156863,0.35988200589970504,0.32376262452654414,0.2913210029485051,0.24007388010560626,Insurance Brokers,Financial Services,AON
2012Q3,2012,Q3,2012-10-31,2012-09-30,204000000.0,2737000000.0,339000000.0,0.62,0.0,1.0,29509000000.0,8305000000.0,15702000000.0,13954000000.0,21148000000.0,0.0,6179000000.0,17534129028.82,21646129028.82,25.24068627945896,1.1252687401461947,0.1491748280185706,0.5300421432871764,0.02044680241191274,25.24068627945896,0.02456351595424443,6.406331395257581,21.487903221593136,2.111273814427453,0.30392156862745096,0.0,0.003535961204465508,0.09275136399064692,0.284291242654436,0.006913145142160019,33.334846062395435,0.0,-0.1506849315068493,-0.022892156671155246,0.5290704214928803,0.44521471751488073,0.0,-0.17073170731707318,-0.13959390862944163,0.4761904779561158,0.324786326370873,0.20394401644167165,Insurance Brokers,Financial Services,AON
2012Q2,2012,Q2,2012-08-08,2012-06-30,246000000.0,2821000000.0,394000000.0,0.73,0.0,1.0,30807000000.0,8152000000.0,17056000000.0,15200000000.0,22597000000.0,0.0,6302000000.0,15551189168.960001,19755189168.96,24.522276454663125,1.1221052631578947,0.14574609666634206,0.5507850834151129,0.022641932940936263,24.522276454663125,0.03017664376840039,5.5126512474158105,15.804054033495934,1.9076532346614328,0.23577235772357724,0.0,0.003729618318563531,0.09157009770506704,0.2550657894736842,0.007985198169247249,68.8105715440708,0.0,0.028169014084507067,-0.08733333214612468,0.34610758372717537,0.3582698036265504,0.0,0.03361344537815126,-0.01990049751243781,0.3962264145679075,0.267624073613337,0.17524692523407556,Insurance Brokers,Financial Services,AON
2012Q1,2012,Q1,2012-05-08,2012-03-31,238000000.0,2841000000.0,402000000.0,0.71,0.0,1.0,30271000000.0,8358000000.0,16207000000.0,14252000000.0,21855000000.0,0.0,8770000000.0,16217055577.36,20348055577.36,25.284705848356698,1.1371737300028066,0.14713752436325195,0.5329026082794927,0.022580438497867786,25.284705848356698,0.02847571189279732,5.708220900161915,17.03472224512605,1.9403033713041398,0.21008403361344538,0.0,0.003083173746398394,0.09385220177727858,0.28045186640471514,0.007862310462158502,-188.57041369023256,0.0,-0.13414634146341461,0.01408450567877863,0.45589302719091507,0.4420934894500016,0.0,-0.1407942238267148,-0.07586206896551724,-0.26894285812579105,0.32364625585662316,0.2945150139902411,Insurance Brokers,Financial Services,AON
2011Q4,2011,Q4,2012-02-24,2011-12-31,277000000.0,2994000000.0,435000000.0,0.82,0.0,1.0,29552000000.0,8078000000.0,15505000000.0,13760000000.0,21432000000.0,0.0,8594000000.0,15470000020.8,19690000020.8,24.43764702596619,1.1268168604651163,0.1520032485110991,0.5560782371874227,0.025233691328560067,24.43764702596619,0.03429066600643724,5.167000674949899,13.962093881588448,1.915077992176281,0.21299638989169675,0.0,0.0038138332204700888,0.10131293990254467,0.3081395348837209,0.009373308067135896,-31.896907259381443,0.0,0.3898305084745763,0.12733164863310875,0.4445739999072594,0.4050007872345451,0.0,0.398989898989899,0.2756598240469208,40.7064369214031,0.3510185067411773,0.3084035874731051,Insurance Brokers,Financial Services,AON
2011Q3,2011,Q3,2011-11-04,2011-09-30,198000000.0,2723000000.0,341000000.0,0.59,0.0,1.0,28745000000.0,8233000000.0,14500000000.0,12765000000.0,20466000000.0,0.0,8377000000.0,14088203375.599998,18371203375.6,24.53267679245725,1.1359185272228751,0.15926248043137936,0.556054901008138,0.01896058930520967,24.53267679245725,0.024049556662213045,5.17378015997062,17.788135575252525,1.711187097728653,0.3282828282828283,0.0,0.0046137891587068125,0.09472951817707427,0.2857030943987466,0.006888154461645504,70.441016878,0.0,-0.21333333333333337,0.7352941200547092,0.5462443018953321,0.4237570304529891,0.0,-0.23255813953488372,-0.21428571428571427,0.37209302335176453,0.2536967873013555,0.12244328077041135,Insurance Brokers,Financial Services,AON
2011Q2,2011,Q2,2011-08-04,2011-06-30,258000000.0,2811000000.0,434000000.0,0.75,0.0,1.0,30496000000.0,8398000000.0,15931000000.0,13987000000.0,22031000000.0,0.0,8233000000.0,17414999989.2,21645999989.2,24.73829458898499,1.1389862014727963,0.14857686253934943,0.5395332221957609,0.025271324506570852,24.73829458898499,0.030721600381043105,6.195304158377802,16.87499998953488,2.073708024434389,0.2131782945736434,0.0,0.0031581969586051413,0.09217602308499476,0.25738185457925217,0.0084601259181532,32.490671621641795,0.0,0.056338028169014134,0.26666666876480444,0.5714157031357342,0.4757946527638976,0.0,0.04878048780487805,0.09595959595959595,-0.8061429831101404,0.22344295505558073,0.10757043163697312,Insurance Brokers,Financial Services,AON
2011Q1,2011,Q1,2011-05-05,2011-03-31,246000000.0,2759000000.0,396000000.0,0.71,0.0,1.0,29802000000.0,8423000000.0,15211000000.0,13259000000.0,21315000000.0,0.0,8039000000.0,18094666684.32,22323666684.32,24.65268290277787,1.1472207557131004,0.16478759814777533,0.5830464205152558,0.021105967173551433,24.65268290277787,0.02920574617119791,6.558414891018485,18.38888890682927,2.1482448871328508,0.2073170731707317,0.0,0.0028185100554625987,0.09257767935037917,0.29572365940116146,0.008254479565129856,34.40050700441065,0.0,0.059701492537313314,0.1863193799593666,0.5704644433248445,0.5075392589398389,0.0,0.06493506493506493,-0.061611374407582936,0.004036696268158493,0.2886283836093274,0.1615647244954235,Insurance Brokers,Financial Services,AON
2010Q4,2010,Q4,2011-02-25,2010-12-31,231000000.0,2909000000.0,422000000.0,0.67,0.0,1.0,28982000000.0,8251000000.0,14519000000.0,12949000000.0,20676000000.0,0.0,7861000000.0,15720083348.67,19880083348.67,24.149268269122665,1.1212448837748088,0.15547581257332138,0.5461156223488062,0.022237028907876287,24.149268269122665,0.027996606471942794,5.403947524465452,17.013077217175322,1.9052337109041328,0.3116883116883117,0.0,0.004580128387556646,0.1003726450900559,0.2959301876592787,0.00797046442619557,-308.2369284052941,0.0,0.3137254901960785,-0.02029188400459318,0.2299101711612845,0.4781472653129401,0.0,0.6041666666666666,0.6045627376425855,-0.007083776154276671,0.2902794044265736,0.18009605430208805,Insurance Brokers,Financial Services,AON
2010Q3,2010,Q3,2010-11-04,2010-09-30,144000000.0,1801000000.0,263000000.0,0.51,0.0,1.0,23358000000.0,5792000000.0,14612000000.0,11819000000.0,17514000000.0,0.0,0.0,10830461541.47,14251461541.47,20.91555554974568,1.2363144090024536,0.16080143847932185,0.6484806629834254,0.01946692420482743,20.91555554974568,0.024861878453038673,6.013582199594669,18.80288462060764,1.8699001280162293,0.2847222222222222,0.0,0.0037856189085765535,0.07710420412706567,0.3837042050934935,0.0061649113793989215,-75.73749329699301,0.0,-0.0555555555555556,0.39388568846526845,0.05394281756196228,0.2835338617914581,0.0,-0.058823529411764705,-0.018656716417910446,-0.18049019630607294,0.19548940631298656,0.19756920912613285,Insurance Brokers,Financial Services,AON
2010Q2,2010,Q2,2010-08-06,2010-06-30,153000000.0,1898000000.0,268000000.0,0.54,0.0,1.0,23956000000.0,5428000000.0,15497000000.0,14138000000.0,18478000000.0,0.0,7605000000.0,10326109084.16,12037109084.16,19.51241831340681,1.096123921346725,0.08227583903823676,0.3631171702284451,0.02731428039677493,19.51241831340681,0.028187177597641857,5.440521119157007,16.872727261699342,1.9023782395283715,0.2679738562091503,0.0,0.0039705178074181885,0.0792285857405243,0.19295515631631066,0.0063867089664384705,27.90840293016216,0.0,-0.1428571428571428,-0.06289027465066774,0.05530888568954136,0.20295792018112108,0.0,-0.1404494382022472,-0.018315018315018316,-0.3216666662233115,0.08229970158094668,0.08077766107193408,Insurance Brokers,Financial Services,AON
2010Q1,2010,Q1,2010-05-04,2010-03-31,178000000.0,1904000000.0,273000000.0,0.63,0.0,1.0,22959000000.0,5402000000.0,14268000000.0,12776000000.0,17502000000.0,0.0,7500000000.0,11783689000.0,13458689000.0,19.579557810801013,1.1167814652473387,0.09133673069384556,0.38818955942243616,0.027414181539994805,19.579557810801013,0.03295075897815624,6.188912289915966,16.550125,2.1813567197334325,0.2303370786516854,0.0,0.0034793857848760264,0.08293044122130755,0.21266437069505323,0.007752950912496189,27.340345707656613,0.0,-0.09999999999999994,0.03537981290322573,0.03602188529011775,0.22169643466004352,0.0,-0.10101010101010101,0.35148514851485146,-0.09132212630622442,0.16900922170632365,0.11670481810652157,Insurance Brokers,Financial Services,AON
2009Q4,2009,Q4,2010-02-26,2009-12-31,198000000.0,2073000000.0,202000000.0,0.7,0.0,1.0,22958000000.0,5379000000.0,13989000000.0,12640000000.0,17527000000.0,0.0,7335000000.0,10578006000.0,12369006000.0,19.496194273287422,1.1067246835443039,0.08746406481400819,0.3733035880275144,0.020320846316924226,19.496194273287422,0.03680981595092025,5.102752532561505,13.356068181818184,1.9665376464026774,0.20707070707070707,0.0,0.0038759667937416555,0.09029532189215088,0.21289556962025316,0.008624444638034672,75.55718571428571,0.0,0.7073170731707317,1.8437398107204706,-0.07245360754175134,0.22626875435829802,0.0,0.65,-0.03349282296650718,-0.034549789762652,0.19834001293721648,0.12090039900080994,Insurance Brokers,Financial Services,AON
2009Q3,2009,Q3,2009-11-03,2009-09-30,120000000.0,1794000000.0,209000000.0,0.41,0.0,1.0,21641000000.0,5990000000.0,12926000000.0,11217000000.0,15511000000.0,0.0,7189000000.0,11625714011.625713,13055714011.625713,20.964999979035,1.1523580279932246,0.09287925696594428,0.335559265442404,0.01922682584269663,20.964999979035,0.02003338898163606,6.480331110159261,24.220237524220238,1.940853758201288,0.3416666666666667,0.0,0.003526665111407351,0.08289820248602191,0.2697691004724971,0.005545030266623539,227.9551766985434,0.0,-0.21153846153846162,0.0962036239857636,-0.14702824667763043,0.3713429271711796,0.0,-0.19463087248322147,-0.07929515418502203,0.2352941168779135,0.19655903851859996,0.21670645099662197,Insurance Brokers,Financial Services,AON
2009Q2,2009,Q2,2009-08-07,2009-06-30,149000000.0,1882000000.0,227000000.0,0.52,0.0,1.0,24438000000.0,5866000000.0,15881000000.0,14859000000.0,18430000000.0,0.0,7132000000.0,10646471399.117926,12039471399.117926,20.865637618902078,1.0687798640554547,0.07897536623291596,0.3290146607569042,0.021214175767793008,20.865637618902078,0.025400613706102967,5.6569986180222775,17.863207045499877,1.8149456868595166,0.28187919463087246,0.0,0.003944969034855977,0.07701121204681234,0.21825156470825763,0.00609706195269662,-21.816539752290833,0.0,-0.46391752577319584,-0.018518518006398258,-0.1338144718251758,0.41715752475165946,0.0,-0.46785714285714286,-0.4073107049608355,-0.1166666642691925,0.27041489657365053,0.2447663404491927,Insurance Brokers,Financial Services,AON
2009Q1,2009,Q1,2009-05-08,2009-03-31,280000000.0,1846000000.0,383000000.0,0.97,0.0,1.0,23108000000.0,5553000000.0,14909000000.0,13111000000.0,17446000000.0,0.0,7034000000.0,11605126000.0,13056126000.0,19.532184312346114,1.1371367553962322,0.08447290981478275,0.35152169998199173,0.034964057003785624,19.532184312346114,0.05042319466954799,6.286633802816901,10.361719642857143,2.08988402665226,0.14642857142857144,0.0,0.0035329215727601753,0.07988575385148,0.25650217374723516,0.012117015752120477,21.814146616541354,0.0,47.67949951876805,0.8473240570234425,-0.1754462712990033,0.3382438939396986,0.0,47.666666666666664,0.49609375,0.6227450791060419,0.2627979135450257,0.19441501680909054,Insurance Brokers,Financial Services,AON
2008Q4,2008,Q4,2009-03-02,2008-12-31,-6000000.0,1906000000.0,256000000.0,-0.02078,0.0,1.0,22940000000.0,5310000000.0,14526000000.0,12803000000.0,17630000000.0,0.0,6816000000.0,12986824000.0,14381824000.0,18.677453394301793,1.1345778333203156,0.08618134263295553,0.37231638418079094,0.02520702838194168,18.677453394301793,-0.0011299435028248588,6.813653725078699,-541.1176666666667,2.4457295668549905,-6.833333333333333,0.0,0.0031570459413325386,0.08308631211857018,0.2728266812465828,-0.00026155187445510024,24.8314034416826,0.0,-1.05195,-1.0356060192396808,-0.19693847140075152,0.32406420812032444,0.0,-1.0512820512820513,0.06224066390041494,-1.0305817073262649,-0.03154751129618089,0.14322414866278999,Insurance Brokers,Financial Services,AON
2008Q3,2008,Q3,2008-11-07,2008-09-30,117000000.0,1761000000.0,241000000.0,0.4,0.0,1.0,20718000000.0,5947000000.0,13686000000.0,10638000000.0,14771000000.0,0.0,6868000000.0,12233302041.986979,13719302041.986979,21.85649574704457,1.2865200225606317,0.09479679505743797,0.33025054649403063,0.02221909105774215,21.85649574704457,0.019673785101731966,6.946792755245303,26.139534277749952,2.0570543201592364,0.3504273504273504,0.0,0.0033515072103411114,0.08499855198378221,0.40721940214326,0.005647263249348393,99.45774017875593,0.0,-0.8921832884097035,0.19444444682473638,-0.13487424648918506,0.5733629598809455,0.0,-0.8967343336275375,-0.054901960784313725,0.15263624378859303,0.04882839016386253,0.3412769421644079,Insurance Brokers,Financial Services,AON
2008Q2,2008,Q2,2008-08-08,2008-06-30,1133000000.0,1956000000.0,255000000.0,3.71,0.0,1.0,24075000000.0,6455000000.0,16631000000.0,13259000000.0,17620000000.0,0.0,6807000000.0,13276659711.0,14832659711.0,22.335640138408305,1.254317821856852,0.08398753894080997,0.31324554608830363,0.022494495777747387,22.335640138408305,0.17552285050348568,6.787658338957055,2.929536564651368,2.056802433927188,0.03795233892321271,0.0,0.0032387664469831646,0.08124610591900311,0.3804208462176635,0.047061266874350985,-47.93017946209386,0.0,4.455882352941176,7.522641783950324,-0.10938761982475168,0.6417642309412118,0.0,4.197247706422019,-0.10526315789473684,5.679744058677836,0.04684681378858833,0.3770120533113154,Insurance Brokers,Financial Services,AON
2008Q1,2008,Q1,2008-05-09,2008-03-31,218000000.0,1905000000.0,285000000.0,0.68,0.0,1.0,26507000000.0,6452000000.0,19019000000.0,15743000000.0,20055000000.0,0.0,5767000000.0,12220800304.0,13847800304.0,21.223684210526315,1.2080924855491328,0.07843211227222997,0.3222256664600124,0.02356658206867975,21.223684210526315,0.0337879727216367,6.415118269816273,14.014679247706423,1.8941104004959703,0.21100917431192662,0.0,0.0037640742713833317,0.07186780850341419,0.2272120942641174,0.008224242652884144,25.09404579876797,0.0,0.04615384615384619,0.48414055128981986,-0.16610833366033265,0.6404465153530323,0.0,0.05314009661835749,2.904109589041096,0.1508382854605262,-0.05924814677083853,0.32428421422505505,Insurance Brokers,Financial Services,AON
2007Q4,2007,Q4,2008-02-28,2007-12-31,207000000.0,2006000000.0,73000000.0,0.65,0.0,1.0,24948000000.0,6221000000.0,17973000000.0,14553000000.0,18727000000.0,0.0,5607000000.0,14497759696.0,16058759696.0,20.463815789473685,1.2350030921459494,0.08597883597883597,0.34479987140331136,0.0060533189601558925,20.463815789473685,0.0332743931843755,7.227198253240279,17.509371613526568,2.3304548619193053,0.21256038647342995,0.0,0.003034951669956277,0.08040724707391374,0.9200852057994915,0.008297258297258298,48.97891789189189,0.0,0.015625000000000014,0.20340682161073334,-0.08633975688299202,0.65277930088592,0.0,0.014705882352941176,-0.7884057971014493,1.6981937375730998,-0.18539816491396752,0.28713006989051854,Insurance Brokers,Financial Services,AON
2007Q3,2007,Q3,2007-11-08,2007-09-30,204000000.0,1749000000.0,345000000.0,0.64,0.0,1.0,23823000000.0,5615000000.0,12713000000.0,13943000000.0,18208000000.0,0.0,5452000000.0,14618605321.500002,16305605321.500002,17.465007776049767,0.9117836907408735,0.08428829282626034,0.357613535173642,0.02638345483840796,17.465007776049767,0.03633125556544969,8.358264906518011,17.914957501838238,2.60349159777382,0.21568627450980393,0.0,0.0030098630500194116,0.07341644629139907,0.9117836907408735,0.008563153255257524,270.71491336111114,0.0,-0.14666666666666664,0.36862702245334367,-0.3300859072548255,0.06843803475978663,0.0,-0.15,-0.13533834586466165,0.6561174518012389,-0.2609854329149836,0.14240471789296527,Insurance Brokers,Financial Services,AON
2007Q2,2007,Q2,2007-08-09,2007-06-30,240000000.0,1866000000.0,399000000.0,0.75,0.0,1.0,24791000000.0,5344000000.0,13860000000.0,15007000000.0,19447000000.0,0.0,5303000000.0,12612560296.0,14392560296.0,18.054054054054053,0.9235690011328047,0.08817716106651607,0.40905688622754494,0.03450823042350172,18.054054054054053,0.04491017964071856,6.759142709539121,13.138083641666665,2.360134785928144,0.18333333333333332,0.0,0.003488585899086195,0.07526925093784034,0.9235690011328047,0.009680932596506797,-1051.0466913333332,0.0,0.1363636363636363,0.0,-0.1917074533483341,0.08964570688524187,0.0,0.1267605633802817,0.2829581993569132,0.5015014997656617,-0.18431658731934678,0.2261996983882334,Insurance Brokers,Financial Services,AON
2007Q1,2007,Q1,2007-05-10,2007-03-31,213000000.0,1771000000.0,311000000.0,0.66,0.0,1.0,24591000000.0,5260000000.0,13637000000.0,14891000000.0,19331000000.0,0.0,5141000000.0,11387999700.000002,13109999700.000002,17.533333333333335,0.9157880599019542,0.0842991338294498,0.394106463878327,0.029123446305694346,17.533333333333335,0.040494296577946766,6.430265217391305,13.366196830985917,2.1650189543726235,0.20657276995305165,0.0,0.003863716294267201,0.07201821804725306,0.9157880599019542,0.008661705502012932,14.581305633802819,0.0,-0.0434782608695651,0.20279605449999996,-0.23366185939974454,0.09781846794486809,0.0,-0.04484304932735426,0.11870503597122302,0.3317425102941176,-0.2503450216713129,0.20129299921214736,Insurance Brokers,Financial Services,AON
