Quarters,Year,Quarter,FillingDate,Date,NetIncome,Revenue,OperatingIncome,EPSDiluted,GrossProfit,GrossProfitRatio,TotalAssets,CommonStockEquity,CurrentAssets,CurrentLiability,TotalLiability,Inventory,RetainedEarnings,MarketCap,EnterpriseValue,bookValuePerShare,currentRatio,debtToAssets,debtToEquity,roic,shareholdersEquityPerShare,roe,priceToSalesRatio,peRatio,pbRatio,payoutRatio,inventoryTurnover,dividendYield,assetTurnover,quickRatio,returnOnAssets,priceToFreeCashFlowsRatio,grossProfitMargin,epsdilutedGrowth,fiveYNetIncomeGrowthPerShare,fiveYRevenueGrowthPerShare,fiveYShareholdersEquityGrowthPerShare,grossProfitGrowth,netIncomeGrowth,operatingIncomeGrowth,threeYNetIncomeGrowthPerShare,threeYRevenueGrowthPerShare,threeYShareholdersEquityGrowthPerShare,Industry,Sector,Symbol
2023Q1,2023,Q1,2023-05-05,2023-03-31,94661000.0,181672000.0,93325000.0,0.46,139273000.0,0.7666178608,16588224000.0,3021506000.0,774544000.0,3650876000.0,13430767000.0,0.0,107697000.0,2081030584.26,14300101584.26,16.68264954998014,0.21215291891589855,0.7833035652279593,4.300377030527161,0.00540302571753967,16.68264954998014,0.031329078942752386,11.454877935289973,5.496008346256643,0.6887395173996014,0.9563600638066363,0.0,0.04350248414642682,0.010951865612617722,0.24313315489214096,0.0057065180696860614,-36.647540446596814,0.7666178607600511,-0.06122448979591831,0.15119219863260352,-0.13104693839438974,0.44372426041779756,-0.29273215137931957,-0.03891607610615875,40.882639986731945,2.0084267470983446,1.720559013996907,0.7174770179217699,REIT—Mortgage,Real Estate,ABR
2022Q4,2022,Q4,2023-02-17,2022-12-31,98494000.0,196959000.0,-2339990.533,0.49,196916911.0,0.9997863058,17038985000.0,2936996000.0,14789031.0,3841814000.0,13967106000.0,0.0,97049000.0,2300917467.96,15267122467.96,16.836317590454946,0.003849491672423496,0.7923336982807367,4.596724680592006,-0.00013682084046472438,16.836317590454946,0.033535626197652296,11.68221542534233,5.840247801795033,0.7834254687306349,0.8883079172335371,0.0,0.03802526653751365,0.011559315299590908,0.16295184358222445,0.005780508639452409,7.974261957351244,0.9997863057793754,0.36111111111111116,0.4696014086719187,-0.017953250246541964,0.4963492392938242,0.4660152464850501,0.3482724634506927,0.8593456790828788,0.5327323418637929,0.19302978646866512,0.4441620776386377,REIT—Mortgage,Real Estate,ABR
2022Q3,2022,Q3,2022-11-04,2022-09-30,73052000.0,134360000.0,-16636463.904858,0.36,134321189.0,0.9997111417,17762129000.0,2820839000.0,15181077.0,706528000.0,14808123000.0,0.0,79531000.0,1957616859.5,12018989859.5,16.57098953892617,0.021486872424022828,0.5883880248814768,3.7049345957000734,-0.0012594723286743997,16.57098953892617,0.025897259645091406,14.569937924233402,6.699395155163446,0.6939839031933407,1.1381892350654328,0.0,0.04247358189448613,0.007564408523325104,0.6074528199873183,0.004112795262324691,42.04684177799734,0.9997111417088419,-0.1219512195121951,0.4434037494792842,-0.26663283994387305,0.4996105907962046,-0.07147037089010723,-0.09949089653982225,-0.0006405644173572841,0.1309621568628689,-0.21499189734486887,0.5230730521522093,REIT—Mortgage,Real Estate,ABR
2022Q2,2022,Q2,2022-07-29,2022-06-30,81123000.0,144699000.0,-16625814.0,0.41,144660100.0,0.9997311661,17579590000.0,2779477000.0,15174293.0,436736000.0,14666594000.0,0.0,83271000.0,2137509684.87,11889131684.869999,17.047381692783375,0.03474477258572685,0.5741665761260644,3.6314792315244917,-0.0012175635946576387,17.047381692783375,0.029186426079438686,14.772110967387473,6.587249253818276,0.769033053653619,0.9738298632940103,0.0,0.036958896869187595,0.00823107933689011,0.9384623708601993,0.004614612741252782,-29.572629840481458,0.9997311660757849,-0.046511627906976785,1.0399304969717507,-0.14481781232420365,0.43166717526472487,0.4320371818604789,0.014938257703712045,-1.1199043264411253,0.4529854077481224,-0.04912673444795428,0.5078508414372112,REIT—Mortgage,Real Estate,ABR
2022Q1,2022,Q1,2022-05-06,2022-03-31,79929000.0,143042000.0,138659000.0,0.43,101017000.0,0.7062051705,16308906000.0,2638785000.0,14329097000.0,585748000.0,13536858000.0,0.0,75828000.0,2617349260.2799997,11638595260.279999,17.199719113980255,24.462903842608085,0.5746590237260549,3.5516572968241067,0.010471747890540225,17.199719113980255,0.03029007668301889,18.297767510801023,8.186481941097725,0.9918766630399976,0.9020380587771647,0.0,0.02754657205828425,0.008770790634270624,24.554656610009765,0.004900941853487904,3.12770277796632,0.7062051705093609,-0.4342105263157895,0.5318315319208186,-0.2058906952858161,0.4827669296647713,-0.44647005961774505,-0.36753022725834017,-0.2906996373160364,0.8079099539142645,0.06910462266932059,0.6107777388749924,REIT—Mortgage,Real Estate,ABR
2021Q4,2021,Q4,2022-02-18,2021-12-31,126376000.0,182496000.0,195487000.0,0.76,182496000.0,1.0,14941983000.0,2418122000.0,12385628000.0,722879000.0,12523861000.0,0.0,62532000.0,2709512116.56,10602933116.56,16.34980510670066,17.133749908352573,0.555348041822829,3.4315890596090686,0.016549241461678642,16.34980510670066,0.05226204467764654,14.846967147553919,5.360021120624169,1.1205026531167575,0.5195448502880293,0.0,0.024232406859785324,0.012213639916468918,17.250391835978082,0.008457779666862156,12.471919854913025,1.0,0.49019607843137253,0.9587473858345327,0.0285518621671168,0.4313453408781578,0.0,0.6261049705984534,0.0,0.7102077185673581,-0.10426463970159465,0.4295177869386838,REIT—Mortgage,Real Estate,ABR
2021Q3,2021,Q3,2021-10-29,2021-09-30,77717000.0,139498000.0,0.0,0.51,0.0,0.0,12169584000.0,2008873000.0,0.0,652958000.0,10034177000.0,0.0,10674000.0,2642828279.0,9133631279.0,14.085068252745149,0.0,0.5646481424508841,3.420591047816363,0.0,14.085068252745149,0.03868686572023219,18.945277201106826,8.501448457223002,1.3155775795682456,0.695948119459063,0.0,0.020465574865297556,0.011462840471786053,0.602479791962117,0.006386167349680975,-3.6303433995024608,0.0,0.0,1.1917433610065953,0.05733779406522668,0.26851400117671714,0.0,0.028819168652369605,0.0,0.3758805513243757,-0.12413299892299808,0.32143772013195043,REIT—Mortgage,Real Estate,ABR
2021Q2,2021,Q2,2021-07-30,2021-06-30,75540000.0,139941000.0,0.0,0.51,0.0,0.0,9060800000.0,1832858000.0,0.0,465450000.0,7104033000.0,0.0,-12084000.0,2410372350.54,7393256350.54,13.550408322881227,0.0,0.5737398463711814,2.8363037398423665,0.0,13.550408322881227,0.04121432211333338,17.224204132741654,7.9771391002779986,1.3150895216868954,0.7691024622716441,0.0,0.024103329922028106,0.015444662722938372,0.48714577290793853,0.008337012184354583,10.192237127586251,0.0,-0.07272727272727278,1.3662330200567276,0.6143121498917857,0.2308148936366574,0.0,0.05847240321156837,0.0,0.9250630030512293,-0.00554519652841077,0.15588753004235326,REIT—Mortgage,Real Estate,ABR
2021Q1,2021,Q1,2021-05-07,2021-03-31,71367000.0,128988000.0,0.0,0.55,0.0,0.0,8130859000.0,1528431000.0,0.0,549734000.0,6460167000.0,0.0,-35498000.0,1991242939.5,6169094939.5,12.204464065094053,0.0,0.5458316273840194,2.903683581398179,0.0,12.204464065094053,0.046692981233696515,15.43742781886687,6.975363051200135,1.3028019841916318,0.6896604873400871,0.0,0.024717727316767718,0.015864006496730542,0.5092153659769998,0.008777301389680968,4.054741370217272,0.0,-0.19117647058823528,8.621447378143356,1.7527923254343618,0.10977916587964538,0.0,-0.27550606054453536,0.0,0.2551785257086413,-0.10774510537853846,0.056180003265396926,REIT—Mortgage,Real Estate,ABR
2020Q4,2020,Q4,2021-02-19,2020-12-31,98506000.0,165908000.0,0.0,0.68,0.0,0.0,7660986000.0,1344371000.0,0.0,2234883000.0,6178301000.0,0.0,-63442000.0,1775838042.8999999,7260974042.9,10.734751885858476,0.0,0.7603021334329549,4.332631394161284,0.0,10.734751885858476,0.07327292838063303,10.70375173529908,4.5069286208454304,1.3209434322073297,0.42037033277160785,0.0,0.023318004795289657,0.021656220230659603,0.15749236089763982,0.012858136015390187,-7.145194430183152,0.0,-0.055555555555555455,4.8099361003961,1.8659935001351446,-0.030319047547168163,0.0,0.17429814627168147,0.0,1.0473004862894393,0.1522660894757818,-0.045935209281222265,REIT—Mortgage,Real Estate,ABR
2020Q3,2020,Q3,2020-10-30,2020-09-30,83885000.0,118875000.0,0.0,0.72,0.0,0.0,6689218000.0,1193037000.0,0.0,1449940000.0,5365982000.0,0.0,-120539000.0,1304901135.6200001,6149134135.62,10.486721190182912,0.0,0.7529186520756238,4.221526239337087,0.0,10.486721190182912,0.07031215293406659,10.977086314363829,3.8889585015795434,1.0937641796691973,0.8455146927341003,0.0,0.05435354301098129,0.017771135579674635,0.1489840958936232,0.012540329826296586,-5.672718614534563,0.0,0.7999999999999998,1.1806227025918334,1.52917874783339,-0.055217079309230234,0.0,0.8244198438417538,0.0,1.4800229090896346,-0.029137652555846393,-0.05099221005577029,REIT—Mortgage,Real Estate,ABR
2020Q2,2020,Q2,2020-07-31,2020-06-30,45979000.0,108499000.0,0.0,0.4,0.0,0.0,6390124000.0,1105906000.0,0.0,1235613000.0,5132348000.0,0.0,-167165000.0,1023289085.28,5457540085.28,9.98600648340143,0.0,0.7540437399962817,4.357000504563679,0.0,9.98600648340143,0.041575866303284366,9.431322733665748,5.563893762804759,0.9252948128321937,0.04108397311816264,0.0,0.0018460081585675446,0.0169791697312916,0.31773540744553513,0.007195322031309565,1.334202234620264,0.0,1.7407407407407407,0.7078781720601022,0.6690272136657439,-0.08517996632081024,0.0,1.8007209780223608,0.0,0.7021973819868822,-0.05594372983305011,-0.16135873813873047,REIT—Mortgage,Real Estate,ABR
2020Q1,2020,Q1,2020-05-08,2020-03-31,-57422000.0,40849000.0,0.0,-0.54,0.0,0.0,6934650000.0,1076178000.0,0.0,351068000.0,5708600000.0,0.0,-177589000.0,542882818.8000001,5749612818.8,9.713463048353889,0.0,0.7828888264007556,5.044760253415327,0.0,9.713463048353889,-0.05335734423115879,13.289990423266177,-2.3635663108216365,0.5044544850387204,-0.6119779875309115,0.0,0.06473035944971776,0.005890564051538289,0.6726645550149829,-0.008280446742085036,-2.327621578236543,0.0,-2.588235294117647,-2.550188234678782,-0.13174005015283094,-0.10884096676663103,-1.0,-2.5340760332344847,0.0,-2.523903881386511,-0.6859702632261176,-0.1626141284532351,REIT—Mortgage,Real Estate,ABR
2019Q4,2019,Q4,2020-02-14,2019-12-31,37431000.0,96164000.0,0.0,0.34,96164000.0,1.0,6239160000.0,1184610000.0,6128460000.0,353464000.0,4883133000.0,0.0,-60920000.0,1458129588.3,5793480588.3,11.658191176148428,17.338286218681393,0.7428945563184788,3.912712200639873,0.0,11.658191176148428,0.031597741028692984,15.16294651116842,9.738783283241164,1.230894208473675,0.8698939381795837,0.0,0.022330662693678775,0.01541297225908616,0.8779904035488763,0.005999365299174889,-5.139905770776346,1.0,-0.02857142857142844,1.6837657958255001,1.304327490535184,0.1004805257973961,0.0,0.044013053300978995,0.0,-0.15556415338722915,-0.21112758308104107,0.020617525049769003,REIT—Mortgage,Real Estate,ABR
2019Q3,2019,Q3,2019-11-01,2019-09-30,35853000.0,95003000.0,0.0,0.35,0.0,0.0,5395634000.0,1028014000.0,135285000.0,346916000.0,4197238000.0,0.0,-65790000.0,1238722459.29,5044860459.29,10.87997027818869,0.38996471768381974,0.7304837577938015,3.8340168519105773,0.0,10.87997027818869,0.03487598417920378,13.038772031304275,8.637509129570747,1.2049665270025505,0.8178674030067219,0.0,0.023671969277772764,0.01760738404421056,0.40440913650566707,0.006644816901961845,9.18599662800614,0.0,0.12903225806451607,-0.7066405837450966,0.9455773508011757,0.028128329873836164,0.0,0.16390728476821192,0.0,0.5262348949046561,0.0869393219307734,-0.020140024697499495,REIT—Mortgage,Real Estate,ABR
2019Q2,2019,Q2,2019-08-02,2019-06-30,30804000.0,83959000.0,0.0,0.31,0.0,0.0,5601730000.0,1017019000.0,198917000.0,321592000.0,4415752000.0,0.0,-72321000.0,1097462260.6,5076587260.6,11.305748038403207,0.6185383964775243,0.745848514655294,4.108125806892496,0.0,11.305748038403207,0.030288519683506404,13.071407003418335,8.906816165108427,1.0790971069370385,0.9264056616023894,0.0,0.026002716470995887,0.014988048335067916,0.6713568745491182,0.005499015482716947,-3.171058897329284,0.0,0.19230769230769226,0.2889496742676591,1.0031411987734709,0.19244987738017905,0.0,0.2553590349661749,0.0,0.45088943366518464,0.45631885656014054,0.026927214132192394,REIT—Mortgage,Real Estate,ABR
2019Q1,2019,Q1,2019-05-10,2019-03-31,24538000.0,74260000.0,0.0,0.26,0.0,0.0,4597725000.0,909243000.0,124505000.0,312653000.0,3520342000.0,0.0,-74589000.0,1112935045.46,4288124045.46,10.67789720386437,0.3982210309832306,0.7176797220364419,3.629056258887888,0.0,10.67789720386437,0.026987285027214945,14.987005729329384,11.338893200953622,1.2240237708291404,1.0185834216317549,0.0,0.02245773470963837,0.016151466214269012,0.4045379382254448,0.005336987314378307,4.146723768336258,0.0,-0.4468085106382978,0.9043271857668991,0.8047374967219608,0.12592210128288578,0.0,-0.37255804438989465,0.0,3.8653604891083897,1.3308374036611728,-0.029034967119477766,REIT—Mortgage,Real Estate,ABR
2018Q4,2018,Q4,2019-02-15,2018-12-31,39108000.0,107826000.0,0.0,0.47,0.0,0.0,4612175000.0,895238000.0,160063000.0,323406000.0,3546609000.0,0.0,-74133000.0,788215484.3100001,3943021484.31,11.437286934158275,0.4949289747252679,0.7187214275260587,3.7027795960403824,0.0,11.437286934158275,0.04368447273239072,7.310068854543432,5.038710010164161,0.8804535601817618,0.5709062084483993,0.0,0.02832601039238013,0.023378557838763706,0.49890849273049975,0.008479296644207993,4.9949967637087225,0.0,0.3055555555555555,4.159626296212454,2.2375173267605684,0.2894842439909221,0.0,0.3201012658227848,0.0,2.6905059609659894,1.98018346376227,0.0331416511266667,REIT—Mortgage,Real Estate,ABR
2018Q3,2018,Q3,2018-11-02,2018-09-30,29625000.0,83532000.0,0.0,0.36,0.0,0.0,4534260000.0,797313000.0,92598000.0,304072000.0,3567788000.0,0.0,-78316000.0,852749434.8000001,4116558434.8,10.658896774445566,0.304526559499066,0.7402325848098698,4.209647904900585,0.0,10.658896774445566,0.03715604787580285,10.2086557822152,7.196197762025316,1.0695290742782322,0.7025485232067511,0.0,0.02440693496898229,0.018422410713104232,0.6251907442974033,0.006533590927736831,-3.9820379025818475,0.0,0.43999999999999995,2.386647215499439,1.2244805812135515,0.0590273499732487,0.0,0.554710049855681,0.0,0.17125695205084865,1.7029591113733762,-0.039705219270118025,REIT—Mortgage,Real Estate,ABR
2018Q2,2018,Q2,2018-08-03,2018-06-30,19055000.0,68334000.0,0.0,0.25,0.0,0.0,4204320000.0,769999000.0,106968000.0,289000000.0,3260808000.0,0.0,-87128000.0,685074284.51,3645542284.51,11.722947060761804,0.37013148788927336,0.729591467823572,3.9836882905042734,0.0,11.722947060761804,0.024746785385435566,10.025379525711944,8.98811708882183,0.889708018464959,0.9265809498819207,0.0,0.025772387607029316,0.016253282338166457,0.4052941176470588,0.004532243026220649,-313.67870169871793,0.0,-0.40476190476190477,2.0149739972963587,0.964419956664965,0.278614923176147,0.0,-0.3213306264914343,0.0,0.19338158713905684,0.7723420399622836,0.07394150432120837,REIT—Mortgage,Real Estate,ABR
2018Q1,2018,Q1,2018-05-04,2018-03-31,28077000.0,71387000.0,0.0,0.42,0.0,0.0,3748768000.0,714606000.0,102548000.0,283800000.0,2860898000.0,0.0,-88528000.0,545449403.52,3126963403.52,11.555287950312874,0.36133897110641294,0.7159850916354387,3.75600260843038,0.0,11.555287950312874,0.039290182282264635,7.6407385591214085,4.856727958115183,0.7632869070788658,0.5290807422445418,0.0,0.027234423402307948,0.019042789524451768,0.37444326990838617,0.007489660603163493,26.22731180074049,0.0,0.4999999999999998,1.1373983667100032,0.7233291668949523,0.07965211033470436,0.0,0.1817098238862205,0.0,0.35794116807262394,1.7183889871848141,0.060136759389754504,REIT—Mortgage,Real Estate,ABR
2017Q4,2017,Q4,2018-02-23,2017-12-31,23759640.0,71100607.0,0.0,0.28,0.0,0.0,3625945000.0,695825000.0,104374000.0,299000000.0,2761389000.0,0.0,-101926000.0,534317783.04,2961179783.04,11.251596317448293,0.34907692307692306,0.6980900151546701,3.6377479969819997,0.0,11.251596317448293,0.03414599935328567,7.5149538883683515,5.622115729026198,0.7678910401897029,0.5730865029941531,0.0,0.025483578185494637,0.019608848727710983,0.3513779264214047,0.006552675233628751,7.448645688625356,0.0,0.07692307692307698,49.55231567540534,1.348575058519845,0.6569534977537477,0.0,0.2976752691023862,0.0,1.7990546341180613,1.7993894737467773,0.062099809858864985,REIT—Mortgage,Real Estate,ABR
2017Q3,2017,Q3,2017-11-03,2017-09-30,18309388.0,66279326.0,0.0,0.26,0.0,0.0,3058177862.0,680501908.0,89458482.0,299900000.0,2212434653.0,0.0,-112069714.0,504978927.1999999,2428672471.2,11.050195057723588,0.2982943714571524,0.656745628158628,2.951417060538205,0.0,11.050195057723588,0.026905711482589995,7.61895085052615,6.895082009294904,0.7420683487635423,0.7099851180170522,0.0,0.025742446466189887,0.021672815967824176,0.3403527675891964,0.0059870252242379225,6.313336846778972,0.0,0.2380952380952382,3.0043193701191777,0.5937644938072888,0.45744056775723396,0.0,0.32505159261906397,0.0,-0.7701416542229652,1.0825775517468474,0.044214119982767704,REIT—Mortgage,Real Estate,ABR
2017Q2,2017,Q2,2017-08-04,2017-06-30,13817868.0,58792143.0,0.0,0.21,0.0,0.0,2935445368.0,674579943.0,85861822.0,284400000.0,2097463770.0,0.0,-117379709.0,472480465.56,2282778977.56,11.907363657779749,0.3019051406469761,0.6442149874819268,2.803311780350398,0.0,11.907363657779749,0.020483662675396207,8.036455918267855,8.548360455462449,0.7004069279895563,0.9360329683276755,0.0,0.02737463438762533,0.02002835537016201,0.32169700070323487,0.004707247544318801,2.013334173471698,0.0,-0.3,-0.6081141126266224,0.4076724620370559,0.41319453497157776,0.0,-0.21050246301816056,0.0,-0.08191721687930652,1.2272837770583491,0.255904013198412,REIT—Mortgage,Real Estate,ABR
2017Q1,2017,Q1,2017-05-05,2017-03-31,17502104.0,60419924.0,0.0,0.3,0.0,0.0,2914427834.0,596936316.0,110150734.0,279200000.0,2154761951.0,0.0,-118263597.0,431244487.28000003,2291041861.28,11.599745563430405,0.39452268624641834,0.6741085104528274,3.291206370496648,0.0,11.599745563430405,0.02931988476975155,7.137454977268757,6.159894937202979,0.7224296390102694,0.6074297124505716,0.0,0.02465260035451136,0.020731315867607104,0.5271522958452722,0.006005331062179253,5.888119564120934,0.0,-0.25000000000000006,0.9760178510867492,0.6798407186500679,0.5700391912405189,0.0,-0.21945912254740058,0.0,1.2475396301187245,1.4297073324742815,0.22312564447593508,REIT—Mortgage,Real Estate,ABR
2016Q4,2016,Q4,2017-03-03,2016-12-31,22423046.0,61664553.0,0.0,0.4,0.0,0.0,2970786246.0,587140735.0,144048893.0,284500000.0,2223748318.0,0.0,-125134403.0,383453660.7,2268964995.7,11.422683708649753,0.5063229982425308,0.6813538899762362,3.4474814032448284,0.0,11.422683708649753,0.03819024070949532,6.218380610007827,4.27521823640731,0.6530864541360769,0.4511576616308061,0.0,0.026382142190356197,0.020756980776731385,0.5114714411247803,0.007547849001317882,-1.1063742747853669,0.0,0.904761904761905,1.379680151990074,1.798678355296569,0.6140254732632462,0.0,0.7550085695711583,0.0,3.504936563295594,1.8194579737069487,0.28783781950991644,REIT—Mortgage,Real Estate,ABR
2016Q3,2016,Q3,2016-11-09,2016-09-30,12776602.0,47538258.0,0.0,0.21,0.0,0.0,2650220728.0,570619035.0,76828972.0,288000000.0,1924789186.0,0.0,-137441120.0,381317265.14,2069077254.1399999,11.10359699591755,0.2667672638888889,0.6638594077889198,3.083272472675224,0.0,11.10359699591755,0.022390774257995093,8.021271312465846,7.461241751523605,0.6682519189707717,0.7916342702073681,0.0,0.026524883409846434,0.017937471206737915,0.2684805,0.004820957690434304,2.9045743820430263,0.0,0.049999999999999906,3.569382217375057,0.5615530693659383,0.4317765397973086,0.0,0.053577186147992915,0.0,1.125988891264404,0.8426931738915472,0.10321106870548025,REIT—Mortgage,Real Estate,ABR
2016Q2,2016,Q2,2016-08-05,2016-06-30,12126878.0,32929641.0,0.0,0.2,0.0,0.0,1916746481.0,565673215.0,160618624.0,47100000.0,1351073266.0,0.0,-140103326.0,369432301.95000005,1482834261.95,11.009298305486197,3.4101618683651806,0.6644486772896285,2.251440637860147,0.0,11.009298305486197,0.02143795689530748,11.218837823042167,7.615981251522445,0.6530843111424323,0.7914998402721624,0.0,0.025981545060721506,0.017179966848208342,3.426760212314225,0.006326803320214365,26.674698361822852,0.0,9.0,1.5798659906730292,0.4707331882462392,0.3654177142288867,0.0,3.0111049883472707,0.0,1.4528500989380806,0.21012956637406155,0.20077767425981724,REIT—Mortgage,Real Estate,ABR
2016Q1,2016,Q1,2016-05-06,2016-03-31,3023326.0,19098700.0,0.0,0.02,0.0,0.0,1872420460.0,561354511.0,174134526.0,47000000.0,1311065949.0,0.0,-142631782.0,345576132.63,1424883133.63,10.99720056054613,3.704989914893617,0.6539341954210434,2.181223706243629,0.0,10.99720056054613,0.005385769492818772,18.0942227811317,28.575824491801413,0.6156112151203502,3.1545083130300866,0.0,0.02759770163355335,0.010200006039241849,3.1059541063829785,0.0016146619119938477,90.05018315637788,0.0,-0.8571428571428571,4.5340939760255585,-0.10272978065176136,0.26136176132666505,0.0,-0.5625124445494031,0.0,-0.7211628952132958,-0.4414221261811597,0.027507998417827625,REIT—Mortgage,Real Estate,ABR
2015Q4,2015,Q4,2016-02-26,2015-12-31,6910656.0,23595005.0,0.0,0.14,0.0,0.0,1827391944.0,565090775.0,199399920.0,54500000.0,1262301169.0,0.0,-136118001.0,364973315.85,1352881881.85,11.070395740686312,3.658714128440367,0.6438778811865004,2.0821738825943497,0.0,11.070395740686312,0.012229284755179377,15.46824490395319,13.203280406737074,0.6458667031858731,1.379998512442234,0.0,0.026129841787993827,0.012911846896048263,3.647944623853211,0.003781704315097933,487.81550384333167,0.0,-0.5333333333333333,1.0821358837110922,-0.9513256274044678,0.35182274879630954,0.0,-0.5989681868043578,0.0,18.10882491219807,-0.05576080392596552,0.6302692015001428,REIT—Mortgage,Real Estate,ABR
2015Q3,2015,Q3,2015-11-06,2015-09-30,17232189.0,21054633.0,0.0,0.3,0.0,0.0,1847430495.0,565664011.0,133911405.0,54000000.0,1281766484.0,0.0,-133491962.0,324121601.76,1387801113.76,11.099609191194563,2.4798408333333333,0.6383419263629726,2.0847929478759077,0.0,11.099609191194563,0.030463647438938802,15.394312584788345,4.702269713963792,0.5729931469159703,0.5534074051764405,0.0,0.02942235552402757,0.01139671184219572,2.1654531296296295,0.009327652134485309,20.158087192811784,0.0,0.42857142857142855,7.118196127960285,0.02474710100369444,0.2054104612269065,0.0,0.3911432647107024,0.0,3.5541137223800487,-0.3882101298469325,0.4639579335019076,REIT—Mortgage,Real Estate,ABR
2015Q2,2015,Q2,2015-07-31,2015-06-30,12387070.0,29910817.0,0.0,0.21,0.0,0.0,1833045973.0,556222440.0,142128239.0,50400000.0,1276823533.0,0.0,-141187730.0,344460180.47999996,1406061576.48,10.915815259576329,2.820004742063492,0.6501010184974777,2.1424253469529204,0.0,10.915815259576329,0.02226999327822876,11.516241113708126,6.952010856481799,0.619284940176092,0.769835239487627,0.0,0.027683905253465656,0.01631754873613309,2.6465534126984127,0.006757642842818106,19.97009881210846,0.0,-0.3,-0.9520216100133742,23.667744552217368,0.15332366040799783,0.0,-0.266989523992066,0.0,-0.6094176139508066,-0.20377450814078002,0.29551518815954186,REIT—Mortgage,Real Estate,ABR
2015Q1,2015,Q1,2015-05-01,2015-03-31,16898899.0,21463285.0,0.0,0.3,0.0,0.0,1901690415.0,550926202.0,107992981.0,47600000.0,1350764213.0,0.0,-144038797.0,352801133.5,1521984558.5,10.899808772751577,2.2687601050420168,0.6702552097576828,2.313591009781016,0.0,10.899808772751577,0.0306736164274866,16.437424816378293,5.219291705039482,0.6403782071341744,0.5002914095172709,0.0,0.02396356813292381,0.011286424346835655,2.2689910924369747,0.008886251340757797,155.30084974999195,0.0,1.1428571428571426,-0.6781676734980041,0.023194551283854146,1.7246936482241275,0.0,1.4357979833738028,0.0,0.9425133061883288,-0.3924400880259605,0.47530192422482026,REIT—Mortgage,Real Estate,ABR
2014Q4,2014,Q4,2015-02-13,2014-12-31,6937726.0,20758628.0,0.0,0.14,0.0,0.0,1880422590.0,535455471.0,67299187.0,51900000.0,1344967119.0,0.0,-152483322.0,342186772.75,1554431328.75,10.593727833303575,1.2967088053949904,0.6714779474118102,2.358108879981917,0.0,10.593727833303575,0.012956681509002642,16.484074609844157,12.330653183406204,0.6390573843814549,1.2186085181225088,0.0,0.02470689305742605,0.011039341959830423,1.0203076878612716,0.003689450465493504,57.27362532127695,0.0,-0.888888888888889,1.0260661453934146,0.7541389235131616,1.781438432780028,0.0,-0.893740734398152,0.0,1.119464794985654,-0.04188958930971411,0.49689398882874286,REIT—Mortgage,Real Estate,ABR
2014Q3,2014,Q3,2014-11-07,2014-09-30,65290551.0,26086372.0,0.0,1.26,0.0,0.0,1917155437.0,534166402.0,101833862.0,55200000.0,1382989035.0,0.0,-150966676.0,340217055.92,1565847888.92,10.58230763811731,1.8448163405797102,0.6773081467154924,2.430899792907604,0.0,10.58230763811731,0.12222886118547006,13.041946036804198,1.3027040310932587,0.6369121207290008,0.12948481626384192,0.0,0.024849239192722715,0.01360681116228136,1.3773838224637682,0.034055950675636326,30.011634961078574,0.0,4.478260869565218,1.744028870880517,0.31119721276188383,0.21592349361194618,0.0,3.8890219357907383,0.0,14.367495915310561,-0.1276042385687782,0.3645577931858451,REIT—Mortgage,Real Estate,ABR
2014Q2,2014,Q2,2014-08-01,2014-06-30,13354522.0,23421402.0,0.0,0.23,0.0,0.0,1902972869.0,476591319.0,50619211.0,133900000.0,1426381550.0,0.0,-207803092.0,349358860.90000004,1578695676.9,9.48110964902107,0.3780374234503361,0.6711344007080534,2.6797604259342376,0.0,9.48110964902107,0.02802090904219764,14.916223243168792,6.540085465058203,0.7330365597783791,0.6312808500371634,0.0,0.024131215616749795,0.01230779607084351,0.38071188200149364,0.007017715395499945,39.20263414596925,0.0,0.9166666666666669,1.138607228380667,1.7855224877063505,-0.11041406585173356,0.0,0.7887857935722226,0.0,1.652718609271774,0.06924887587718634,0.17588557472992178,REIT—Mortgage,Real Estate,ABR
2014Q1,2014,Q1,2014-05-01,2014-03-31,7465691.0,23840388.0,0.0,0.12,0.0,0.0,1900310225.0,467890296.0,46925061.0,136600000.0,1432419929.0,0.0,-212748410.0,341407251.36,1324788226.3600001,9.483690915826129,0.3435216764275256,0.5346943533916942,2.171631161591776,0.0,9.483690915826129,0.01595607146338423,14.320540897237075,11.432540248451216,0.7296737168492163,1.0450682997729213,0.0,0.022852932879779242,0.01254552424460064,0.2617987628111274,0.003928669593934327,74.65764627853534,0.0,0.24999999999999992,1.894415941894459,-0.8234736762515852,-0.1620950149406297,0.0,0.5626851919297973,0.0,13.13904205916395,0.1588338981413321,0.08776456440929715,REIT—Mortgage,Real Estate,ABR
2013Q4,2013,Q4,2014-02-14,2013-12-31,4777476.0,20992422.0,0.0,0.096,0.0,0.0,1877472482.0,437596282.0,109182880.0,140800000.0,1439876200.0,0.0,-212231319.0,328579811.28000003,1390649758.28,8.8696600888741,0.775446590909091,0.5978566981734329,2.5650572117977912,0.0,8.8696600888741,0.010917542484970198,15.652305926395726,17.194215694647134,0.7508743213682058,1.6330129130946969,0.0,0.023743637716535728,0.011181214212864292,0.6946254403409091,0.0025446317034222184,90968.94,0.0,0.2,1.0224934928021867,-0.5865208001027364,-0.20640516904658712,0.0,-0.05862764462428857,0.0,1.0587490161191537,-0.9551945068774805,0.0830875935323492,REIT—Mortgage,Real Estate,ABR
2013Q3,2013,Q3,2013-11-08,2013-09-30,5075012.0,21785771.0,0.0,0.08,0.0,0.0,1976560005.0,436787642.0,78945892.0,219400000.0,1538808285.0,0.0,-209207115.0,294235422.90000004,1448519580.9,10.064798397052552,0.35982630811303556,0.6166990710712069,2.7906987327265087,0.0,10.064798397052552,0.011618945940782822,13.505853104762739,14.494321535594398,0.6736349534815823,1.4129901564764773,0.0,0.024371443551299207,0.01102206406326632,0.3074684229717411,0.0025675982450125514,31.247791481467207,0.0,0.14285714285714277,0.13455033242480402,-0.5218498147087441,-0.4519537377048183,0.0,0.22334164078772892,0.0,3.1159510550989817,0.24516686587585998,0.09303067062681437,REIT—Mortgage,Real Estate,ABR
2013Q2,2013,Q2,2013-08-02,2013-06-30,4148483.0,22833182.0,0.0,0.07,0.0,0.0,1933342583.0,395288632.0,53223599.0,217900000.0,1536118513.0,0.0,-207260372.0,275928947.2,1499959042.2,9.168473516358924,0.24425699403396053,0.6593462432415683,3.2248389298481013,0.0,9.168473516358924,0.010494819896566112,12.084559532701135,16.62830408127501,0.6980442260732659,1.5056566460559198,0.0,0.022636954416647738,0.01181021004801403,0.24437302432308397,0.002145756802999047,24.5338455707095,0.0,-0.631578947368421,-0.8284752687063012,-0.5284168923692372,-0.5914573657858657,0.0,-0.42169871697023253,0.0,-0.9810092799334388,21.25577099876811,-0.03129384431783847,REIT—Mortgage,Real Estate,ABR
2013Q1,2013,Q1,2013-05-03,2013-03-31,7173567.0,22621470.0,0.0,0.19,0.0,0.0,1856950128.0,361453763.0,81517303.0,220900000.0,1493561108.0,0.0,-205076703.0,264434172.75,1466779001.75,10.702788277541183,0.3690235536441829,0.6894689182519608,3.5421111275026345,0.0,10.702788277541183,0.01984643053778361,11.689522066868333,9.215574788316607,0.7315850596083018,0.57972344859956,0.0,0.015726730614093826,0.01218205575847323,0.37110085559076506,0.003863090823944842,142.50110620780487,0.0,25.327784891165173,-0.6560592335572119,-0.42901206335295233,-0.4015019319534865,0.0,27.843263894865643,0.0,-0.7955320953826922,0.6139927608659124,1.675443197774783,REIT—Mortgage,Real Estate,ABR
2012Q4,2012,Q4,2013-02-15,2012-12-31,-267239.0,16532510.0,0.0,-0.00781,0.0,0.0,1701881280.0,229329349.0,32741625.0,231800000.0,1470620158.0,0.0,-207558257.0,202293830.75,1340118270.75,6.790532343063062,0.141249460742019,0.6857195873263263,5.088809322002654,0.0,6.790532343063062,-0.0011653065827174176,12.236123295857677,-189.24430074764535,0.8821105176119434,-12.876376576772103,0.0,0.017010256750007193,0.009714255744090445,0.14135340379637618,-0.0001570256416475772,23.21606214313397,0.0,-1.1115714285714284,-1.0106083064465188,-0.6668606897918824,-0.6465813713810945,0.0,-1.1297069545689062,0.0,0.9984972793976542,1.090849947570775,0.7828896433090168,REIT—Mortgage,Real Estate,ABR
2012Q3,2012,Q3,2012-11-02,2012-09-30,2060329.0,18738956.0,0.0,0.07,0.0,0.0,1666978182.0,210392352.0,44401373.0,236600000.0,1454654049.0,0.0,-203849948.0,168715288.0,1320673310.0,7.581918125641347,0.18766429839391377,0.21076850842670478,1.6699585401279224,0.0,7.581918125641347,0.00979279417913442,9.003451846516956,20.471886771481643,0.8019078944466574,1.2963463602172274,0.0,0.015830811965303348,0.01124127250274953,0.1892019484361792,0.0012359663865114702,39.30283690917138,0.0,-0.8870967741935485,-0.9270900429501021,-0.5953513246511306,-0.6261810244699114,0.0,-0.8674690200410163,0.0,1.042709192165624,0.7133459126622476,-0.12882589593192775,REIT—Mortgage,Real Estate,ABR
2012Q2,2012,Q2,2012-08-03,2012-06-30,15546018.0,18414309.0,0.0,0.62,0.0,0.0,1690969525.0,210459835.0,68146362.0,231000000.0,1478576929.0,0.0,-203130388.0,133631652.64999999,1261674992.65,8.425848928165598,0.2950058961038961,0.7051133284025328,5.665333482752184,0.0,8.425848928165598,0.07386691147030501,7.256946358942928,2.148969154834376,0.6349508572502681,0.12044904360717966,0.0,0.014012421180664042,0.010889793534274368,0.27917046753246755,0.00919355302988089,17.593941724919627,0.0,2.6470588235294112,-0.6465439252079699,-0.7871217434628951,-0.6339868476487315,0.0,2.7354252267058805,0.0,1.3247192973579207,3.407381130779164,-0.20942622042892634,REIT—Mortgage,Real Estate,ABR
2012Q1,2012,Q1,2012-05-04,2012-03-31,4161780.0,16900198.0,0.0,0.17,0.0,0.0,1753500765.0,178647618.0,99171634.0,212500000.0,1572920385.0,0.0,-216857715.0,135167122.35,1393376635.35,7.38818854213774,0.4666900423529412,0.7480263511604456,7.342190137682104,0.0,7.38818854213774,0.023296028497844287,7.997960873002789,8.1195499491804,0.7566130680231068,0.01412664773246063,0.0,0.0004349578431341074,0.009637975835157391,0.25221208,0.0023734121382034297,-310.3722671641791,0.0,1.148964695367198,-0.8235750151330531,-0.6504104793505581,-0.5830109305934451,0.0,1.1498018601896818,0.0,2.0173163537526726,-0.7446738262595959,-0.34723726606430977,REIT—Mortgage,Real Estate,ABR
2011Q4,2011,Q4,2012-03-02,2011-12-31,-27781898.0,10364964.0,0.0,-1.14121,0.0,0.0,1776714330.0,171126405.0,121597259.0,167200000.0,1603653797.0,0.0,-221015880.0,85114180.8,1414507270.8,7.077139672123826,0.7272563337320574,0.7793203136938733,8.091267791197975,0.0,7.077139672123826,-0.16234723098402026,8.211719867044401,-0.7659140207051368,0.4973760817332661,-0.002076855944111522,0.0,0.0006779011377149976,0.005833781956382375,0.33428689593301436,-0.015636671315641382,19.776252097536673,0.0,-10.412099999999999,-2.3703501183758173,-0.7044465830873661,-0.5893137712085001,0.0,-10.375631851067201,0.0,0.7331128381884813,-0.5834508010161198,-0.36678729450096287,REIT—Mortgage,Real Estate,ABR
2011Q3,2011,Q3,2011-11-04,2011-09-30,-2442229.0,14951551.0,0.0,-0.1,0.0,0.0,1749448086.0,195736016.0,107014589.0,166500000.0,1551777935.0,0.0,-193230327.0,95405650.19999999,1423269523.2,7.755118684574512,0.6427302642642643,0.7929450202616644,7.0871788255872135,0.0,7.755118684574512,-0.012477156988829282,6.380986842100862,-9.766247370742056,0.4874200065459593,-0.024009214533117083,0.0,0.000614596723329076,0.008546438799556353,0.3599327807807808,-0.0013959996981585197,15.928827767812182,0.0,0.7560975609756097,-1.153539796242768,-0.4402180391502714,-0.5385759682994464,0.0,0.7641437467979625,0.0,-1.9387631731100212,-0.4357642402195554,-0.5777199263145464,REIT—Mortgage,Real Estate,ABR
2011Q2,2011,Q2,2011-08-05,2011-06-30,-10354735.0,11085894.0,0.0,-0.41,0.0,0.0,1763634233.0,205124578.0,88082999.0,160700000.0,1556574584.0,0.0,-190784443.0,119060978.39999999,1476166078.4,8.06295259740617,0.5481207156191662,0.7935325249495767,6.822688629736023,0.0,8.06295259740617,-0.050480225728971394,10.739862603773767,-2.8745539697539337,0.5804325330531576,-0.005534762598946279,0.0,0.0004813583826554545,0.006285823779425357,0.2762331860609832,-0.00587124858785841,45.369491344581235,0.0,-42.0,-1.716400504165922,-0.5662148231337181,-0.5368403901846913,0.0,-39.76014883080229,0.0,-1.725554629675311,-0.6119781166922296,-0.6407188298236822,REIT—Mortgage,Real Estate,ABR
2011Q1,2011,Q1,2011-05-06,2011-03-31,267149.0,10408680.0,0.0,0.01,0.0,0.0,1766684286.0,217626942.0,0.0,158700000.0,1547122455.0,0.0,-180426093.0,141781155.28,1464255223.28,8.718514305507075,0.0,0.7865687423678144,6.385324465019593,,8.718514305507075,0.0012275548125838206,13.621434733318731,132.6798483992079,0.6514871457413577,0.45758733890076325,0.0,0.0008622020307182815,0.0058916469017600125,0.4366348141146818,0.00015121490699668793,-10.65444698775733,0.0,1.0062672348959638,-0.9880898608217307,-0.6820555089576905,-0.4977694760167015,0.0,1.0064931002500515,0.0,-0.9826704338689416,-0.6445427244200884,-0.5124621890324228,REIT—Mortgage,Real Estate,ABR
2010Q4,2010,Q4,2011-03-04,2010-12-31,-41143520.0,237047192.0,0.0,-1.5956,0.0,0.0,1731207928.0,204415381.0,0.0,183500000.0,1524792685.0,0.0,-180689667.0,148770367.16,319099749.15999997,8.189236163205285,0.0,0.1448144627489252,1.2264436500499931,0.0,8.189236163205285,-0.20127409101372856,0.6275980993691754,-0.9039720420129342,0.7277846042319096,-8.88353743189693e-05,0.0,2.456806466081454e-05,0.13692589328299332,0.552913416893733,-0.023765787652977984,26.10991288994972,0.0,-25.59333333333333,-4.014362101802624,8.877362112443233,-0.5134767106148388,0.0,-28.219984077394376,0.0,-3.2096999436547025,5.462603988046982,-0.5737847243754037,REIT—Mortgage,Real Estate,ABR
2010Q3,2010,Q3,2010-11-05,2010-09-30,-1408061.0,10271536.0,0.0,-0.06,0.0,0.0,1798000000.0,234600000.0,0.0,183800000.0,1563400000.0,0.0,-139500000.0,128406146.4,1481706146.4,9.20815734409424,0.0,0.7672969966629588,5.880647911338448,0.0,9.20815734409424,-0.00600196504688832,12.501163058767453,-22.798399075040074,0.5473407774936061,-0.03619161385763827,0.0,0.00039686573757344686,0.005712756395995551,0.18607181719260066,-0.0007831262513904338,20.987552133346302,0.0,-1.011881188118812,-1.1109232143813539,-0.5319623750937484,-0.455988007639146,0.0,-1.0109077606819206,0.0,-1.0542709368831198,-0.7584184816850698,-0.54600090796971,REIT—Mortgage,Real Estate,ABR
2010Q2,2010,Q2,2010-08-06,2010-06-30,129087999.0,606264.0,0.0,5.05,0.0,0.0,1821517810.0,241135000.0,0.0,178200000.0,1578443771.0,0.0,-138130776.0,130699113.3,1508944659.3,9.464659084263275,0.0,0.768792567007621,5.807408103344599,0.0,9.464659084263275,0.5353349741845854,215.5811878983413,0.2531201860600535,0.5420163530802248,0.00044853123798130914,0.0,0.0004430022403220084,0.0003328345167264656,0.2506832603815937,0.07086837048274593,-90.92808027049026,0.0,3.8557692307692304,2.7214425542986413,-0.9893740723302727,-0.4397142565649439,0.0,3.894555705354933,0.0,1.8774145421373332,-0.9931287153489615,-0.5888616403053094,REIT—Mortgage,Real Estate,ABR
2010Q1,2010,Q1,2010-05-07,2010-03-31,26373793.0,10536147.0,0.0,1.04,0.0,0.0,1946563701.0,101559276.0,0.0,186800000.0,1843064999.0,0.0,-267215160.0,82255208.4,1687983534.4,4.0003795582140915,0.0,0.8537209694942318,16.36307696797681,,4.0003795582140915,0.25968866694165876,7.806953376789448,0.7797059035080771,0.8099231467542167,0.0022078735508388953,0.0,0.0007079186975836535,0.005412690576006996,0.3436927141327623,0.013548897981839024,7.815343478986277,0.0,1.1975001044471707,0.7805950144067111,-0.5452772870605914,-0.7530529767236244,0.0,1.197282432979006,0.0,0.0648646901727372,-0.7924181885778059,-0.774218735791759,REIT—Mortgage,Real Estate,ABR
2009Q4,2009,Q4,2010-03-09,2009-12-31,-133685461.0,5943996.0,0.0,-5.26582,0.0,0.0,2060774772.0,96693606.0,0.0,184800000.0,1962140802.0,0.0,-293585378.0,50520945.9,1762558482.9,3.8087227487955646,0.0,0.8621329395816186,18.374139568235773,,3.8087227487955646,-1.3825677470338629,8.499491907464272,-0.09447726312586827,0.5224848673034285,-0.0008765575487674011,0.0,0.0023194933885828132,0.002884350138968025,0.4321673701298701,-0.0648714565106293,5.502552823027949,0.0,-2.026333333333333,-11.240228094129249,-0.7150144786948308,-0.7588614914241315,0.0,-2.0290149790997893,0.0,-7.280506514465061,-0.8385687690619469,-0.7789799191929984,REIT—Mortgage,Real Estate,ABR
2009Q3,2009,Q3,2009-11-06,2009-09-30,-44134962.0,10006170.0,0.0,-1.74,0.0,0.0,2191883597.0,220949249.0,0.0,172200000.0,1968936188.0,0.0,-159892614.0,72100244.39999999,1840260111.4,8.703103191700137,0.0,0.8191237497544903,8.125956160185908,,8.703103191700137,-0.19975158186665753,7.20557859800503,-0.4084077629884444,0.3263203868142589,-8.199848455743545e-05,0.0,5.019400461283319e-05,0.004565100999749851,0.15832778164924508,-0.020135632229926304,9.169111466513652,0.0,0.09374999999999997,-4.621788735947082,-0.44330633522281554,-0.44039601323556965,0.0,0.09106891808276027,0.0,-3.7585523619316876,-0.6275530444864917,-0.48217156611568185,REIT—Mortgage,Real Estate,ABR
2009Q2,2009,Q2,2009-08-07,2009-06-30,-48556995.0,4237557.0,0.0,-1.92,0.0,0.0,2302770048.0,270002356.0,0.0,172000000.0,2030828226.0,0.0,-115754033.0,44333737.0,1871216549.0,10.65789069394263,0.0,0.8061596426496511,6.8754965938149075,,10.65789069394263,-0.17983915295909492,10.462098090951933,-0.22825618121549737,0.16419759314989088,0.0,0.0,0.0,0.0018401998079141248,0.17161318023255814,-0.02108634122724181,1.82536358029317,0.0,-10.294117647058822,-5.914630696725097,-0.7128857109798409,-0.34061382766303583,0.0,-10.415135346840826,0.0,-4.373618722658191,-0.8334875001786901,-0.3877795465585804,REIT—Mortgage,Real Estate,ABR
2009Q1,2009,Q1,2009-05-11,2009-03-31,-4253738.0,68824664.0,0.0,-0.17,0.0,0.0,2495754371.0,284570267.0,0.0,229600000.0,2209301930.0,0.0,-67197038.0,18102535.2,1939366810.2,11.318336905650652,0.0,0.7755076647324441,6.801401511142413,,11.318336905650652,-0.014947935512883362,0.2630239531572577,-1.0639192634807315,0.06361358616569734,-0.02708394358091636,0.0,0.006364191464187845,0.027576697771112508,0.13001617595818815,-0.0017043896825053382,2.2396045189632057,0.0,0.9605112171372027,-1.8433200456851302,6.61748200880931,0.574709465329359,0.0,0.960700333625198,0.0,-1.1882770094810295,1.0871949640339675,-0.3480065438266408,REIT—Mortgage,Real Estate,ABR
2008Q4,2008,Q4,2009-03-09,2008-12-31,-108238527.0,25873140.0,0.0,-4.30502,0.0,0.0,2579236489.0,281005649.0,0.0,245100000.0,2298241821.0,0.0,-62939722.0,74170109.5,2065757505.5,11.176559804728345,0.0,0.7724842004590607,7.090318091790389,,11.176559804728345,-0.3851827441376454,2.8666837306952306,-0.17131171209489945,0.26394526147052655,-0.05580212672332468,0.0,0.08143361309180755,0.010031317450084353,0.0033947001223990207,-0.041965336432552305,3.918492388034674,0.0,-44.05019999999999,-9.371799493793471,0.2525784016540575,-0.2923877267849265,0.0,-43.01992130086502,0.0,-8.872979499677928,0.07033214804438223,-0.3359995325769065,REIT—Mortgage,Real Estate,ABR
2008Q3,2008,Q3,2008-11-10,2008-09-30,2575886.0,26237469.0,0.0,0.1,0.0,0.0,2768697205.0,458951142.0,0.0,163000000.0,2309923896.0,0.0,51338745.0,249907100.0,2222091127.0,18.36487006571642,0.0,0.7205716289224917,4.346965226638438,,18.36487006571642,0.005612549494429627,9.524817351856614,24.254479817818023,0.5445178737565926,6.056012960200879,0.0,0.062421591863536484,0.009476467470916525,0.14024925153374232,0.0009303603136335018,11.863082367517249,0.0,-0.8214285714285715,-0.7852630415785716,0.482894117539082,0.1808494371279595,0.0,-0.780364539376941,0.0,-0.7931267694368664,0.21883240965703396,0.08498466963167806,REIT—Mortgage,Real Estate,ABR
2008Q2,2008,Q2,2008-08-08,2008-06-30,11728006.0,23478471.0,0.0,0.56,0.0,0.0,2902069766.0,469178986.0,0.0,151600000.0,2432890780.0,0.0,64362458.0,187530255.51000002,2223867349.51,22.44190140398748,0.0,0.717602469933178,4.438673713319292,,22.44190140398748,0.024996869744716144,7.987328285134071,3.9974880535958115,0.39969875272717353,1.1047816653572653,0.0,0.06909224308772445,0.008090250370638402,0.3047185883905013,0.004041255705635576,-74.43339742569472,0.0,-0.09677419354838701,0.43840325071446595,0.9276423281528146,0.38844353837754814,0.0,-0.07688327364981654,0.0,-0.5879726890726797,-0.498522722633041,0.3285082220378886,REIT—Mortgage,Real Estate,ABR
2008Q1,2008,Q1,2008-05-08,2008-03-31,12704792.0,24132924.0,0.0,0.62,0.0,0.0,2822290232.0,367879894.0,0.0,249200000.0,2386880349.0,0.0,65591339.0,310222442.4,2317318132.4,17.882744905885634,0.0,0.715750997929259,5.491077612412273,,17.882744905885634,0.03453516271807994,12.854739127343208,6.104437648408569,0.8432709899606529,1.0058727447092404,0.0,0.04119432463084753,0.00855083000549463,0.05201187800963082,0.004501589473665442,23.995535575332948,0.0,-0.015873015873015886,2.0783945319079877,2.264467246183925,1.4880093165727917,0.0,-0.17206217696536955,0.0,0.05853846676336355,0.2853496891637152,0.10391790535264178,REIT—Mortgage,Real Estate,ABR
2007Q4,2007,Q4,2008-03-05,2007-12-31,15345104.0,30229361.0,0.0,0.63,0.0,0.0,2901493534.0,395263085.0,0.0,238000000.0,2433376191.0,0.0,65665951.0,331411375.8,2332416172.8,19.21384950645982,0.0,0.6973044448631882,5.11867769791859,0.0,19.21384950645982,0.03882250729283257,10.963227962377372,5.39930155898585,0.8384576965997217,0.8295343583204128,0.0,0.038409336339986916,0.010418551909824797,0.09335941596638656,0.005288691434319771,13.653396965152611,0.0,-0.3823529411764706,0.45058043028338857,0.7886269918344314,0.21647053870068833,0.0,-0.26012637601940464,0.0,0.45058043028338857,0.7886269918344314,0.21647053870068833,REIT—Mortgage,Real Estate,ABR
2007Q3,2007,Q3,2007-11-09,2007-09-30,20740169.0,33988330.0,0.0,1.02,0.0,0.0,2931272757.0,413077142.0,0.0,227100000.0,2441832729.0,0.0,63050138.0,408752845.2,1948871206.2,20.282325462183717,0.0,0.5303238162629982,3.7632771144717565,,20.282325462183717,0.0502089486229669,12.02627034632181,4.927067436142878,0.989531503052764,0.6117195091322544,0.0,0.031038722174012646,0.01159507586553809,0.06343194187582563,0.007075482467631722,-39.4833655879194,0.0,-0.41714285714285715,1.1215712827946769,1.3571282281565027,0.3041405966915242,0.0,-0.3454267542925011,0.0,1.1215712827946769,1.3571282281565027,0.3041405966915242,REIT—Mortgage,Real Estate,ABR
2007Q2,2007,Q2,2007-08-07,2007-06-30,31685024.0,62315265.0,0.0,1.75,0.0,0.0,2921308320.0,414231249.0,0.0,256500000.0,2429478592.0,0.0,54997135.0,464423178.44,2035586352.44,23.02061790413253,0.0,0.5412334422817787,3.816973639282342,0.0,23.02061790413253,0.076491148546835,7.452799541813711,3.6643745199624904,1.1211688629507524,0.34229824159198996,0.0,0.023353115226571724,0.021331286592850975,0.03877810526315789,0.010846175935308329,3.9337310063488555,0.0,0.8041237113402062,3.5150601175923715,4.944346409018809,0.4242477766510526,0.0,0.8901107108320113,0.0,3.5150601175923715,4.944346409018809,0.4242477766510526,REIT—Mortgage,Real Estate,ABR
2007Q1,2007,Q1,2007-05-07,2007-03-31,16763581.0,34354304.0,0.0,0.97,0.0,0.0,2500892065.0,304453048.0,0.0,117400000.0,2129601561.0,0.0,34157839.0,523060199.92,2022534064.92,17.717942949085852,0.0,0.602817043205741,4.951766355776474,0.0,17.717942949085852,0.055061301274934187,15.225463450518456,7.800543927935207,1.7180323972975957,0.6167077905371173,0.0,0.019764897045466644,0.013736819945486131,0.06905021294718909,0.006703040580841701,18.87896403303547,0.0,0.40579710144927544,3.8628218648846553,4.563503537613131,1.46508057682589,0.0,0.16355966814260028,0.0,3.8628218648846553,4.563503537613131,1.46508057682589,REIT—Mortgage,Real Estate,ABR
