Quarters,Year,Quarter,FillingDate,Date,NetIncome,Revenue,OperatingIncome,EPSDiluted,GrossProfit,GrossProfitRatio,TotalAssets,CommonStockEquity,CurrentAssets,CurrentLiability,TotalLiability,Inventory,RetainedEarnings,MarketCap,EnterpriseValue,bookValuePerShare,currentRatio,debtToAssets,debtToEquity,roic,shareholdersEquityPerShare,roe,priceToSalesRatio,peRatio,pbRatio,payoutRatio,inventoryTurnover,dividendYield,assetTurnover,quickRatio,returnOnAssets,priceToFreeCashFlowsRatio,grossProfitMargin,epsdilutedGrowth,fiveYNetIncomeGrowthPerShare,fiveYRevenueGrowthPerShare,fiveYShareholdersEquityGrowthPerShare,grossProfitGrowth,netIncomeGrowth,operatingIncomeGrowth,threeYNetIncomeGrowthPerShare,threeYRevenueGrowthPerShare,threeYShareholdersEquityGrowthPerShare,Industry,Sector,Symbol
2023Q1,2023,Q1,2023-05-15,2023-03-31,-241275.0,4402099.0,-219945.0,-0.0143,1610773.0,0.3659102169,17797093.0,11126064.0,11414327.0,5927092.0,6671029.0,8150255.0,-34339865.0,524830.0,4195127.0,0.6571803898405197,1.9257887341718334,0.2324129564305811,0.37176444428146377,-0.01375131823461086,0.6571803898405197,-0.021685566432118313,0.11922267082135136,-0.5438089317169205,0.047171218860506285,0.0,0.34248327199578416,0.0,0.2473493283425557,0.4738121156209487,-0.013556989335280767,-0.31044393666311954,0.3659102169215186,0.857,0.45117037239910995,220.85431165130146,7.0993093849578806,0.9951977208682996,0.6910576705152944,0.7066903328963704,0.6916535644259314,33.88845692341723,13.015830639281413,Footwear & Accessories,Consumer Cyclical,AREBW
2022Q4,2022,Q4,2023-04-14,2022-12-31,-780971.0,3854253.0,-749873.0,-0.1,807325.0,0.2094634161,16560561.0,11353119.0,9908675.0,4222609.0,5207442.0,7421696.0,-34112810.0,261415.00000000003,2484633.0,1.5200319989289062,2.3465764886116616,0.15579013295503696,0.2272478602576085,-0.048088368075500564,1.5200319989289062,-0.06878911425133481,0.06782507531290759,-0.08368268476038163,0.023025831051361308,0.0,0.4105433582836053,0.0,0.2327368619939868,0.46659375755605126,-0.047158486961884925,-0.2878893000308357,0.20946341612758684,0.7619047619047619,-3.909747920392643,557.3804040528595,14.247704119532484,-0.1746020873035996,0.6906504029616274,0.5764018108217728,-1.0531992352911745,70.795626223253,18.30000559076518,Footwear & Accessories,Consumer Cyclical,AREBW
2022Q3,2022,Q3,2022-11-14,2022-09-30,-2524558.0,4102761.0,-1770246.0,-0.42,978104.0,0.2384014082,15021967.0,12033975.0,10316264.0,2987992.0,2987992.0,6306341.0,-33347388.0,361902.89999999997,-215683.1000000001,1.99511664592906,3.4525741702119683,0.04047352786755556,0.0505229568783382,-0.1646231732851872,1.99511664592906,-0.20978587706888205,0.08820959836558843,-0.03583824376385886,0.030073429602438098,0.0,0.4954785984455963,0.0,0.27311742862968613,1.215487859405246,-0.1680577516912399,-0.17884907907546785,0.23840140822241412,-0.23529411764705868,-20.310594209379058,1585.9950234255712,26.94538951460175,9.018683164665875,-0.5582796790060818,-0.11751534476239055,-2.12886940650516,127.50659971606467,38.574355250269505,Footwear & Accessories,Consumer Cyclical,AREBW
2022Q2,2022,Q2,2022-08-15,2022-06-30,-1620093.0,338706.0,-1584091.0,-0.34,97628.0,0.2882381771,4381796.0,3173844.0,4363850.0,1207952.0,1207952.0,826494.0,-31199986.0,725373.0,-1175180.0,0.669446108415946,3.6126021563770747,0.13908041360209375,0.19201384819165657,-0.42341451591079593,0.669446108415946,-0.5104513643392681,2.141600680235957,-0.11193385194553646,0.2285471497653949,0.0,0.2916875379615581,0.0,0.0772984410958429,2.30387465727115,-0.36973263931045625,-0.7404931292052418,0.28823817706211285,0.75,-2.0876185118661943,93.44628533007723,7.9465548574196045,0.701992643085023,0.6230060608768375,-0.6516845380345249,-9.721238788359095,35.674963445173205,10.160021431939494,Footwear & Accessories,Consumer Cyclical,AREBW
2022Q1,2022,Q1,2022-05-13,2022-03-31,-4297398.0,154080.0,-959076.0,-1.36,57361.0,0.3722806334,5573010.0,4775936.0,5573010.0,797074.0,797074.0,643495.0,-29597894.0,1109466.9000000001,-1784318.0999999996,1.5070798359103819,6.991835137013627,0.11033463065740058,0.12874879395368782,-0.29089635405239045,1.5070798359103819,-0.8998022586567325,7.200589953271029,-0.06454294552191815,0.23230355264392152,0.0,0.15030264415418923,0.0,0.02764753696835283,4.605439394585697,-0.7711089698385613,-0.37940324364399397,0.3722806334371755,0.035460992907801296,-543.7975896543024,0.0,284.07639137299145,0.32528533801580334,-1.4280566271840316,-0.4804759376119145,-52.99820275503595,19.977557011348626,36.15540879743443,Footwear & Accessories,Consumer Cyclical,AREBW
2021Q4,2021,Q4,2022-03-31,2021-12-31,-1769892.0,138469.0,-647816.0,-1.41,43282.0,0.3125753779,968599.0,-4170377.0,967699.0,5138976.0,5138976.0,685854.0,-26969657.0,704480.0000000001,4793585.0,-3.315085055643879,0.18830580255677395,4.239847449770235,-0.9847339940729579,14.897858365802612,-3.315085055643879,0.42439616370414474,5.087636944009129,-0.09950889658804041,-0.16892477586558724,0.0,0.13878609733266847,0.0,0.14295802494117793,0.02303046365657283,-1.827270108682747,4.779602830527909,0.31257537788241413,-140.0,-823.1356152428262,0.0,-1168.424670397869,1.8329624296373872,-0.24047996187218773,0.3227960577208542,-75.21836580337514,67.26332226760114,-105.09814094031285,Footwear & Accessories,Consumer Cyclical,AREBW
2021Q3,2021,Q3,2021-11-15,2021-09-30,-1426780.0,295490.0,-956604.0,-0.01,15278.0,0.05170394937222918,1327371.0,-3337021.0,1325572.0,4664392.0,4664392.0,687830.0,-25760803.0,60690560.00000001,64396827.00000001,-0.030791143795674318,0.2841896650195781,2.956670742392293,-1.1760786042401292,-1.6280459785764614,-0.030791143795674318,0.42756098927756225,205.3895563301635,-10.634183265815334,-18.187047669163608,0.0,0.4073855458470843,0.0,0.22261296954656987,0.08523404550903955,-1.0748916467212257,-99.82082089490869,0.05170394937222918,0.6666666666666666,-18.73974195661663,0.0,-26.30518220130741,-0.5633734388842845,0.43732191765965545,0.2794790216742891,-0.0353660813398953,2.0146146362228565,-0.6249049584856773,Footwear & Accessories,Consumer Cyclical,AREBW
2021Q2,2021,Q2,2021-08-16,2021-06-30,-2535695.0,203577.0,-1327656.0,-0.03,34991.0,0.17188090992597396,1239806.0,-4140925.0,1237061.0,5137841.0,5380731.0,761875.0,-24334023.0,52825360.00000001,57242488.00000001,-0.04389781726049761,0.24077448095415954,3.7784096866767864,-1.1312677722972524,-2.4424747502621558,-0.04389781726049761,0.6123498976677916,259.4858947720028,-5.208173695968956,-12.756898519050697,0.0,0.22127776866283838,0.0,0.16420068946270627,0.07904000921787965,-2.045235302942557,-333.27041247649936,0.17188090992597396,-1.9999999999999996,-5.799175864522381,0.0,-94.2781448281673,-0.5687842750631585,-1.7335640324919281,-2.499698178261981,-0.5379537101701581,0.9105256938303088,-2.9348905501884044,Footwear & Accessories,Consumer Cyclical,AREBW
2021Q1,2021,Q1,2021-06-24,2021-03-31,-927615.0,349290.0,-379363.0,-0.01,81145.0,0.2323141229350969,1104225.0,-5684586.0,1100572.0,6468421.0,6788811.0,797553.0,-21798328.0,41835920.00000001,47828369.00000001,-0.07609174508412866,0.1701453878775052,5.453275374131178,-1.0592931481729717,-1.125515862302222,-0.07609174508412866,0.16318074878276095,119.77417046007618,-11.275130307293436,-7.359536824669378,0.0,0.33620963120946196,0.0,0.3163214018882021,0.04002955280740075,-0.8400597704272227,-182.8996620572973,0.2323141229350969,0.8978295231531687,-1.9435103766926318,0.0,-9.108277697931452,0.2888341804320203,0.32753209865892813,0.36472347537184213,0.5218230388652642,2.9892373965784262,0.2937904081068592,Footwear & Accessories,Consumer Cyclical,AREBW
2020Q4,2020,Q4,2021-05-17,2020-12-31,-1379419.0,356465.0,-597162.0,-0.0978756320672896,62960.0,0.17662323089223345,1121363.0,-5012437.0,1109256.0,5835910.0,6133800.0,681709.0,-20870713.0,34221040.0,39753773.0,-0.08202452993830696,0.19007421293337287,4.988243771196303,-1.1159505845160747,-1.0274727070948648,-0.08202452993830696,0.27519926933745004,96.00112212980237,-6.202074931547268,-6.827225958151694,0.0,0.43054294427681017,0.0,0.31788546616929575,0.04073794832339772,-1.2301270864118041,-44.873049320827306,0.17662323089223345,-3.8937816033644794,-3.9252456142750694,0.0,-14.211021108621193,0.24122703256840944,-0.0465326591228942,-0.051186092197632746,-0.059931437810363614,5.311958380141475,0.285122481676619,Footwear & Accessories,Consumer Cyclical,AREBW
2020Q3,2020,Q3,2020-11-16,2020-09-30,-1318085.0,279308.0,-568084.0,-0.02,50724.0,0.18160596903776477,1401831.0,-4408477.0,1374521.0,5534918.0,5810308.0,823943.0,-19491294.0,36033760.0,41048149.0,-0.06851205980169707,0.24833628971558386,3.6953598543619024,-1.1750702113224136,-0.7360574661858814,-0.06851205980169707,0.2989887437316788,129.01084107866583,-6.834490947093702,-8.17374344926831,0.0,0.2774269579327696,0.0,0.19924513011910852,0.0800087733910421,-0.9402595605319043,589.8374555990245,0.18160596903776477,0.0,-4.690092969605294,0.0,-12.60866339031723,-0.3110679506159425,-0.18597028247306546,0.18274347550247372,-0.042972560128462955,9.127493650184896,0.10903852081542713,Footwear & Accessories,Consumer Cyclical,AREBW
2020Q2,2020,Q2,2020-08-14,2020-06-30,-1111398.0,269662.0,-695111.0,-0.02,73627.0,0.2730343912008366,1738715.0,-3579854.0,1695898.0,5065679.0,5318569.0,870562.0,-18173209.0,34166720.0,38508890.0,-0.058674588605520224,0.3347819709855283,2.6824752762816217,-1.3028631893926401,-0.6411244726555655,-0.058674588605520224,0.3104590298933979,126.70201956523351,-7.685527596774513,-9.544165767654214,0.0,0.2251821237315665,0.0,0.15509269776817938,0.1253441049067657,-0.6392065404623529,-239.98539018051557,0.2730343912008366,0.6,0.0,0.0,0.0,-0.36463268352879247,0.4883490318481894,0.23745233466876708,0.8354082756371726,4.84300739937639,0.39115898447866027,Footwear & Accessories,Consumer Cyclical,AREBW
2020Q1,2020,Q1,2020-06-26,2020-03-31,-2172180.0,350268.0,-911564.0,-0.05,115881.0,0.3308352461543732,2038928.0,-2570456.0,1980604.0,4378994.0,4609384.0,891839.0,-17061811.0,26318880.000000004,30287267.000000004,-0.05469288054810843,0.45229657770711723,2.01034367079171,-1.5946376829636453,-0.5963820502587521,-0.05469288054810843,0.8450562857329594,75.13926479153106,-3.029085987349115,-10.238992614539988,0.0,0.2628131310696213,0.0,0.1717902741048237,0.0986221949607604,-1.065353950703507,-23.27578110283434,0.3308352461543732,0.7793956700225938,0.0,0.0,0.0,1.1417798724701969,-0.2716817827360671,0.0667691800532974,-17.568134488049765,0.0,-9.273021302816545,Footwear & Accessories,Consumer Cyclical,AREBW
2019Q4,2019,Q4,2020-05-15,2019-12-31,-1708116.0,241077.0,-976783.0,-0.22665012969201873,54105.0,0.22443036872036734,1874663.0,-2947016.0,1800832.0,4613789.0,4821679.0,805845.0,-14889631.0,18782960.0,22788857.0,-0.08786309293103962,0.3903152051383364,2.207091621267396,-1.4039805009541855,-0.8204558111171681,-0.08786309293103962,0.5796086617785584,77.91270009167195,-2.7490755897140478,-6.373552094729042,0.0,0.2320235280978352,0.0,0.12859751325971655,0.07814531613821092,-0.9111589656380907,-40.05382317253909,0.22443036872036734,-0.7434625360924517,-10.111641480613464,0.0,-15.29375215253291,0.22698203918722787,0.5903006672272866,0.7391661824458563,-28.831418975369033,0.0,-29.994459196782707,Footwear & Accessories,Consumer Cyclical,AREBW
2019Q3,2019,Q3,2019-12-23,2019-09-30,-4169194.0,164970.0,-3744848.0,-0.13,44096.0,0.2672970843183609,2070870.0,-1654900.0,1981532.0,3540380.0,3725770.0,769247.0,-13181515.0,17453520.0,20539341.0,-0.05309782783071839,0.5596947220354878,1.579175419026786,-1.9761115475255302,-2.3182645182178416,-0.05309782783071839,2.5193026768989064,105.79814511729406,-1.0465763886257151,-10.546570789775817,0.0,0.15713288449613713,0.0,0.07966217097162062,0.12031900530451534,-2.0132572300530693,-23.913091729657076,0.2672970843183609,-3.3333333333333335,-36.158194386512804,0.0,-9.546909081360969,1.736162819558203,-3.315314877051853,-4.052848599987047,-199.57402007913745,0.0,-46.08645684071983,Footwear & Accessories,Consumer Cyclical,AREBW
2019Q2,2019,Q2,2019-09-30,2019-06-30,-966139.0,59047.0,-741136.0,-0.03,16116.0,0.27293511948109134,928220.0,-2215306.0,823375.0,2980636.0,3143526.0,652576.0,-9012321.0,16974720.0,19716986.0,-0.0730834652942729,0.2762413793566205,2.9825030703927946,-1.2496779225985033,-1.3399359624525187,-0.0730834652942729,0.4361198859209518,287.47811065761175,-4.392411443901965,-7.662471911329631,0.0,0.06578697347128917,0.0,0.06361315205446985,0.012505720255676976,-1.0408513068022667,-34.66018168564585,0.27293511948109134,0.0,0.0,0.0,0.0,-0.6136734106817529,-0.27354298511909075,-0.37897568908222845,-6.690482738049347,0.0,-157.62421927566103,Footwear & Accessories,Consumer Cyclical,AREBW
2019Q1,2019,Q1,2019-06-18,2019-03-31,-758623.0,70015.0,-537454.0,-0.03,41716.0,0.5958151824609013,1201147.0,-1294989.0,1080795.0,2355746.0,2496136.0,718467.0,-8046182.0,16916480.0,19007581.0,-0.04286907441737288,0.45879097322037266,1.807925258107459,-1.6769130857482186,-0.6131155208505639,-0.04286907441737288,0.5858142424375805,241.6122259515818,-5.574732113315838,-13.063029879018279,0.0,0.039388030347949174,0.0,0.05829011769583573,0.034164549149186714,-0.6315821460653859,-34.58759208409069,0.5958151824609013,0.5825456710882329,0.0,0.0,0.0,0.6457963467076971,-0.4754752944151083,-0.2578143283749754,-4.9533736121249055,0.0,-4.694868850556553,Footwear & Accessories,Consumer Cyclical,AREBW
2018Q4,2018,Q4,2019-04-05,2018-12-31,-514155.0,44913.0,-427292.0,-0.07186414877575932,25347.0,0.5643577583327767,1042355.0,-870311.0,906496.0,1794776.0,1912666.0,520154.0,-7287559.0,15598240.000000002,17171653.0,-0.031245458461980326,0.5050747279883395,1.5283123312115354,-1.8304307310834862,-0.5912169501046721,-0.031245458461980326,0.5907715747589081,347.29900028944854,-7.584405480837491,-17.92260467809783,0.0,0.037617705525671244,0.0,0.043088007444680554,0.011317846906800625,-0.49326285190745955,-31.990155764517688,0.5643577583327767,-6.186414877575932,-3.027572422543458,0.0,-4.79430724651757,0.6380379992245057,-0.3630290417931418,-0.3072190558354825,-3.027572422543458,0.0,-4.79430724651757,Footwear & Accessories,Consumer Cyclical,AREBW
2018Q3,2018,Q3,2018-11-19,2018-09-30,-377215.0,26831.0,-326871.0,-0.01,15474.0,0.5767209571018598,976705.0,-562156.0,825339.0,1393190.0,1538861.0,440369.0,-6773404.0,16612960.000000002,17836464.0,-0.018949504483246813,0.5924095062410727,1.2618712917411092,-2.19240922448573,-0.4876342642320086,-0.018949504483246813,0.6710148072776951,619.1703626402297,-11.010272656177513,-29.552223937839322,0.0,0.025789735426426475,0.0,0.027470935441100436,0.007169876326990576,-0.3862118039735642,-53.482882732066635,0.5767209571018598,0.5,-2.5320550274538003,0.0,-2.7639713164692408,-0.13803475935828877,0.21898098878209774,0.21551399312163852,-2.5320550274538003,0.0,-2.7639713164692408,Footwear & Accessories,Consumer Cyclical,AREBW
2018Q2,2018,Q2,2018-09-28,2018-06-30,-482978.0,31214.0,-416669.0,-0.02,17952.0,0.5751265457807394,906286.0,-308275.0,739413.0,1078890.0,1214561.0,444402.0,-6396189.0,15474480.000000002,16386088.000000002,-0.011156045308146057,0.6853460501070545,1.0422239778612932,-3.0639948098288867,-0.6548536960259509,-0.011156045308146057,1.5667115400210851,495.75446914845907,-8.00993005892608,-50.19699943232504,0.0,0.029842349944419692,0.0,0.03444166631725526,0.03423518616355699,-0.5329200715888803,-44.5329281348206,0.5751265457807394,0.3333333333333333,0.0,0.0,0.0,0.07426246185147507,0.23013850168245512,0.2296261920697548,0.0,0.0,0.0,Footwear & Accessories,Consumer Cyclical,AREBW
2018Q1,2018,Q1,2018-06-28,2018-03-31,-627357.0,28316.0,-540866.0,-0.03,16711.0,0.5901610396948721,918104.0,-2603160.0,735724.0,1361263.0,3521264.0,472305.0,-5913212.0,13529600.000000002,16723414.000000002,-0.10774668874172186,0.540471606148114,3.501023849149987,-1.2347700487100293,-0.885005825141047,-0.10774668874172186,0.2409982482828562,477.8075999434949,-5.391507546739736,-5.197375497472303,0.0,0.024570986968166758,0.0,0.030841821841534292,0.015052197848615587,-0.683318011902791,-46.57429559889155,0.5901610396948721,0.8010593855319253,0.0,0.0,0.0,0.8428539920599912,-0.5094993816258668,0.8936016939816753,0.0,0.0,0.0,Footwear & Accessories,Consumer Cyclical,AREBW
2017Q4,2017,Q4,2018-05-17,2017-12-31,-415606.0,18035.0,-5083408.0,-0.15079877017678708,9068.0,0.502800110895481,935514.0,-2239137.0,737627.0,1039651.0,3174651.0,479233.0,-5285855.0,10928400.000000002,13746834.000000002,-0.11473927747886241,0.7094948208581534,3.088389911855942,-1.2903328380532322,-7.819484844522724,-0.11473927747886241,0.1856099023864998,605.9550873301914,-6.573774199602509,-4.8806303499964505,0.0,0.01871114885661046,0.0,0.019278172213350094,0.06809785206766501,-0.4442541747103731,-26.47390134181527,0.502800110895481,-6.539938508839355,-3.646758685118144,0.0,-20.277800348647077,0.3237956204379562,0.10766482519629587,-15.78349430141018,-3.646758685118144,0.0,-20.277800348647077,Footwear & Accessories,Consumer Cyclical,AREBW
2017Q3,2017,Q3,2017-11-20,2017-09-30,-465751.0,10164.0,343857.0,-0.02,6850.0,0.6739472648563558,826587.0,-1823530.0,620034.0,975118.0,2650117.0,515371.0,-4870249.0,13279840.000000002,15272591.000000002,-0.0768967698406005,0.6358553528906246,2.43419385981149,-1.1033945150340274,1.8237590364001846,-0.0768967698406005,0.25541175631878826,1306.5564738292012,-7.128186520265121,-7.282490554035305,0.0,0.006430319129326252,0.0,0.01229634630111531,0.019815037769787863,-0.5634627691942893,-40.18944953711971,0.6739472648563558,0.8181818181818181,-4.455649733397056,0.0,-14.274132168735477,-0.18539659888215007,0.735409791549379,1.1936330186989883,-4.455649733397056,0.0,-14.274132168735477,Footwear & Accessories,Consumer Cyclical,AREBW
2017Q2,2017,Q2,2017-08-21,2017-06-30,-1760273.0,12031.0,-1775818.0,-0.11,8409.0,0.6989443936497381,791101.0,-1532780.0,569041.0,818881.0,2323881.0,339512.0,-4404499.0,8906800.0,10739270.0,-0.09637095253065074,0.6949007242810616,2.322486003683474,-1.198685395164342,-5.831129470251953,-0.09637095253065074,1.148418559741124,740.3208378355914,-1.2649742397912145,-5.810879578282598,0.0,0.010668253257616814,0.0,0.015207919089977134,0.005923937666156621,-2.225092624077077,-10.989415032159597,0.6989443936497381,-43.19208827704422,0.0,0.0,0.0,0.0,-46.1455392773924,-163.87029987930555,0.0,0.0,0.0,Footwear & Accessories,Consumer Cyclical,AREBW
2017Q1,2017,Q1,2017-05-15,2017-03-31,-37337.0,0.0,-10771.0,-0.0024891333333333333,0.0,0.0,1290219.0,-79859.0,142532.0,65077.0,1370078.0,0.0,-169709.0,8400000.0,9570801.0,-0.0053239333333333335,2.1902054489297296,1.0114561946460252,-16.341301543971248,-0.008791641125388832,-0.0053239333333333335,0.46753653313965865,0.0,-56.24447598896538,-105.18538924855058,0.0,0.0,0.0,0.0,2.0621571369300984,-0.028938498037929996,-1080.9419637112342,0.0,-1.5105567509413664,0.0,0.0,0.0,0.0,-0.45807786933260436,-0.24549028677150786,0.0,0.0,0.0,Footwear & Accessories,Consumer Cyclical,AREBW
2016Q4,2016,Q4,2017-03-13,2016-12-31,-25607.0,0.0,-8648.0,-0.0009914666666666666,0.0,0.0,595990.0,-42522.0,11303.0,38512.0,638512.0,0.0,-132372.0,8400000.0,8999530.0,-0.0028348,0.2934929372663066,1.0067283008104162,-14.110342881332016,-0.015512719784457863,-0.0028348,0.6022059169371149,0.0,-82.00882571171945,-197.54480033864823,0.0,0.0,0.0,0.0,0.012203988367262152,-0.042965485998087215,-638.8804380894433,0.0,-2.3853749417792267,0.6275188421379473,0.0,0.47430113075745367,0.0,-1.5596761295481807,-0.023310850786889124,0.6275188421379473,0.0,0.47430113075745367,Footwear & Accessories,Consumer Cyclical,AREBW
2016Q3,2016,Q3,2016-11-21,2016-09-30,-10004.0,0.0,-8451.0,0.0007156666666666666,0.0,0.0,429638.0,-16915.0,30576.0,21553.0,446553.0,0.0,-106765.0,8400000.0,8797757.0,-0.0011276666666666666,1.418642416368951,0.9892048654914137,-25.12562814070352,-0.0207089209355894,-0.0011276666666666666,0.5914277268696423,0.0,-209.9160335865654,-496.6006503103755,0.0,0.0,0.0,0.0,1.2640003711780263,-0.02328471876323789,15.081141929703925,0.0,-0.9284333333333333,0.8147407407407408,0.0,0.7760097108806003,0.0,-1.11907114036445,0.5749635366896344,0.8147407407407408,0.0,0.7760097108806003,Footwear & Accessories,Consumer Cyclical,AREBW
2016Q2,2016,Q2,2016-08-22,2016-06-30,84017.0,0.0,-19883.0,0.01,0.0,0.0,13089.0,-6911.0,6588.0,20000.0,20000.0,0.0,-96761.0,8400000.0,8399870.0,-0.00046073333333333333,0.3294,0.0,0.0,2.877007668933584,-0.00046073333333333333,-12.156996093184778,0.0,24.994941499934537,-1215.453624656345,0.0,0.0,0.0,0.0,0.0065,6.418901367560547,-240.10290124339002,0.0,3.3706045041485577,0.0,0.0,0.0,0.0,2.3278071908336626,0.6857684709600949,0.0,0.0,0.0,Footwear & Accessories,Consumer Cyclical,AREBW
2016Q1,2016,Q1,2016-05-05,2016-03-31,-63275.0,0.0,-63275.0,-0.0042183333333333335,0.0,0.0,23025.0,-112915.0,13525.0,135940.0,135940.0,0.0,-180775.0,8400000.0,8394939.0,-0.007527666666666667,0.09949242312785052,0.0,0.0,0.5603772749413275,-0.007527666666666667,0.5603772749413275,0.0,-33.18846305807981,-74.39224195191073,0.0,0.0,0.0,0.0,0.037229660144181255,-2.748099891422367,-499.88098071887646,0.0,0.6498171258454325,0.0,0.0,0.0,0.0,-0.49976297700876987,-0.5287509060159459,0.0,0.0,0.0,Footwear & Accessories,Consumer Cyclical,AREBW
2015Q4,2015,Q4,2016-03-01,2015-12-31,-42190.0,0.0,-41390.0,-0.01204608690107272,0.0,0.0,49730.0,-49640.0,37230.0,99370.0,99370.0,0.0,-117500.0,5155068.24,5135838.24,-0.005392440740997834,0.3746603602696991,0.0,0.0,0.8499194198227236,-0.005392440740997834,0.8499194198227236,0.0,-30.546742356008536,-103.84907816277196,0.0,0.0,0.0,0.0,0.1935191707758881,-0.8483812587975066,-685.0589023255815,0.0,-2.3461352502979773,0.0,0.0,0.0,0.0,-0.3021604938271605,-0.2774691358024691,0.0,0.0,0.0,Footwear & Accessories,Consumer Cyclical,AREBW
2015Q3,2015,Q3,2015-11-12,2015-09-30,-32400.0,0.0,-32400.0,-0.0036,0.0,0.0,27500.0,-45310.0,888.0,72810.0,72810.0,0.0,-75310.0,5040000.000000001,5040000.000000001,-0.005034444444444445,0.01219612690564483,0.0,0.0,0.7150739351136615,-0.005034444444444445,0.7150739351136615,0.0,-38.88888888888889,-111.2337232399029,0.0,0.0,0.0,0.0,0.0,-1.1781818181818182,1292.3076923076926,0.0,0.0,0.0,0.0,0.0,0.0,-0.2558139534883721,-0.2558139534883721,0.0,0.0,0.0,Footwear & Accessories,Consumer Cyclical,AREBW
2015Q2,2015,Q2,2015-06-30,2015-06-30,-25800.0,0.0,-25800.0,0.0,0.0,0.0,,,,,,,,0.0,,0.0,0.0,0.0,0.0,0.0,0.0,0.0,0.0,0.0,0.0,0.0,0.0,,0.0,0.0,0.0,0.0,0.0,0.0,0.0,0.0,0.0,0.0,-0.6538461538461539,-0.6538461538461539,0.0,0.0,0.0,Footwear & Accessories,Consumer Cyclical,AREBW
2015Q1,2015,Q1,2015-03-31,2015-03-31,-15600.0,0.0,-15600.0,0.0,0.0,0.0,,,,,,,,0.0,,0.0,0.0,0.0,0.0,0.0,0.0,0.0,0.0,0.0,0.0,0.0,0.0,,0.0,0.0,0.0,0.0,0.0,0.0,0.0,0.0,0.0,0.0,0.0,0.0,0.0,0.0,0.0,Footwear & Accessories,Consumer Cyclical,AREBW
