Year,Date,FillingDate,NetIncome,Revenue,OperatingIncome,EPSDiluted,GrossProfit,GrossProfitRatio,TotalAssets,CommonStockEquity,CurrentAssets,CurrentLiability,TotalLiability,Inventory,RetainedEarnings,EnterpriseValue,bookValuePerShare,currentRatio,debtToAssets,debtToEquity,roic,shareholdersEquityPerShare,roe,priceToSalesRatio,peRatio,pbRatio,payoutRatio,inventoryTurnover,dividendYield,assetTurnover,quickRatio,returnOnAssets,priceToFreeCashFlowsRatio,grossProfitMargin,epsdilutedGrowth,fiveYNetIncomeGrowthPerShare,fiveYRevenueGrowthPerShare,fiveYShareholdersEquityGrowthPerShare,grossProfitGrowth,netIncomeGrowth,operatingIncomeGrowth,threeYNetIncomeGrowthPerShare,threeYRevenueGrowthPerShare,threeYShareholdersEquityGrowthPerShare,Industry,Sector,Price,MarketCap,AvgVolume,Symbol
2022,2022-12-31,2023-02-28,-159085000.0,55333000.0,-166249000.0,-1.99,55333000.0,1.0,307402000.0,259560000.0,288859000.0,47842000.0,47842000.0,0.0,-581633000.0,333277999.99999994,3.246529080675422,6.037770160110363,0.017517778023565234,0.02074664817383264,-0.6014431352790824,3.246529080675422,-0.6129026044074588,7.253338875535394,-2.522858849042964,1.5462667591308368,0.0,0.0,0.0,0.18000208196433334,5.8332009531374105,-0.5175145249542944,-2.7433850318188338,1.0,-0.3445945945945946,-6.539764136296075,-0.5186510128576475,2.439767860306234,-0.2895277471045941,-0.3968793354758267,-0.37743071378267534,-2.4938845006179133,-0.6638079670375573,-0.5062503988220514,Biotechnology,Healthcare,3.265,268901795,326745,NGM
2021,2021-12-31,2022-03-01,-113886000.0,77882000.0,-120695000.0,-1.48,77882000.0,1.0,402387000.0,335647000.0,379280000.0,61355000.0,66740000.0,0.0,-418966000.0,1223842350.0,4.3542453136148405,6.181729280417244,0.02599984591947553,0.031169651449290476,-0.3203477199772718,4.3542453136148405,-0.33930289858094964,17.528765953622145,-11.987209577999053,4.0672949557124,0.0,0.0,0.0,0.19354999043209647,6.050004074647543,-0.2830260420938052,-18.223477233590966,1.0,-0.0724637681159421,-10.451132651294307,-0.3666717733664788,3.0303015782098592,-0.10857522204926288,-0.20404711056604571,-0.16239538489690175,-159.7804061100592,-0.5011647762450059,0.2500765754586325,Biotechnology,Healthcare,3.265,268901795,326745,NGM
2020,2020-12-31,2021-03-15,-94586000.0,87368000.0,-103833000.0,-1.38,87368000.0,1.0,329043000.0,280043000.0,308426000.0,42583000.0,49000000.0,0.0,-298631000.0,1927433125.0,4.089711573566995,7.242937322405655,0.0,0.0,-0.3421911392886914,4.089711573566995,-0.33775527329731503,23.74382067805146,-21.931893990654007,7.407612848741087,0.0,0.0,0.0,0.2655215275815015,7.0823802926050305,-0.2874578702479615,-24.298098096632504,1.0,-1.4210526315789473,-9.706383646876649,-0.20019893388097368,2.906954538430188,-0.1562234412423704,-2.30200733112236,-1.1044385893798134,-4.234097577772453,-0.11260972183324905,2.81370169039705,Biotechnology,Healthcare,3.265,268901795,326745,NGM
2019,2019-12-31,2020-03-17,-28645000.0,103544000.0,-49340000.0,-0.57,103544000.0,1.0,380403000.0,330719000.0,355248000.0,39718000.0,49684000.0,0.0,-196144000.0,684403218.7599999,6.575254082089607,8.944257011934136,0.0,0.0,-0.09986097337160177,6.575254082089607,-0.08661431608102346,8.981700714285713,-32.466441569558384,2.8120586321318095,0.0,0.0,0.0,0.2721955399931126,8.805000251775013,-0.07530171949222272,-20.82263212860757,1.0,-55.99999999999999,-3.414181668324632,0.2904463606912167,4.065915624518306,0.0,-57.10344827586207,-10.4371812702828,-3.414181668324632,0.2904463606912167,4.065915624518306,Biotechnology,Healthcare,3.265,268901795,326745,NGM
2018,2018-12-31,2018-12-31,-493000.0,108665000.0,-4314000.0,-0.01,0.0,0.0,246085000.0,186877000.0,214557000.0,41486000.0,59208000.0,0.0,-147193000.0,731749889.9,3.483182869831266,5.171792893988333,0.0,0.0,-0.0230847027724118,3.483182869831266,-0.002638098856467088,7.25783729719781,-1599.7421701825558,4.220277989800778,0.0,0.0,0.0,0.44157506552613934,5.069228173359687,-0.002003372818335128,-58.676652771371174,0.0,0.9621080073358897,0.9287778098815371,0.26961408592225655,2.6241417670473313,0.0,0.9651811568613603,0.7524246771879484,0.9287778098815371,0.26961408592225655,2.6241417670473313,Biotechnology,Healthcare,3.265,268901795,326745,NGM
2017,2017-12-31,2017-12-31,-14159000.0,77141000.0,-17425000.0,-0.263908,0.0,0.0,248941000.0,-120978000.0,175533000.0,36893000.0,369919000.0,0.0,-146700000.0,763079889.9,-2.2548975916054244,4.7578944515219685,0.0,0.0,0.13400248463012954,-2.2548975916054244,0.11703780852717023,10.223783589790123,-55.70117168585352,-6.51914306650796,0.0,0.0,0.0,0.30987663743617966,4.707803648388583,-0.056876930678353504,-33.08885629955947,0.0,-1.0454971748347142,-1.0455070788789367,-0.09870427274532932,-0.05141575846065598,0.0,-1.0455070788789367,-1.0840808515727784,-1.0455070788789367,-0.09870427274532932,-0.05141575846065598,Biotechnology,Healthcare,3.265,268901795,326745,NGM
2016,2016-12-31,2016-12-31,-6922000.0,85589000.0,-8361000.0,-0.129019,0.0,0.0,276994000.0,-115062000.0,234681000.0,37693000.0,392056000.0,0.0,-132541000.0,743209889.9,-2.144629822656213,6.226116255007561,0.0,0.0,0.07832269064790985,-2.144629822656213,0.06015887086961812,9.214652465854257,-113.93714098526436,-6.854329751785993,0.0,0.0,0.0,0.3089922525397662,6.180484440081713,-0.02498971096846863,-33.51063904397706,0.0,0.0,0.0,0.0,0.0,0.0,0.0,0.0,0.0,0.0,0.0,Biotechnology,Healthcare,3.265,268901795,326745,NGM
TTM,,,,,,,,,,,,,,,,205425795.0,2.694054238610867,6.398675566577843,0.015735771933687998,0.01843536983895643,-0.7755444957087378,2.694054238610867,-0.6494920942044321,7.340625545970736,-1.5579353682520103,1.2119280871210407,0.0,0.0,0.0,0.1415253615209572,6.127773527161438,-0.6639931694464084,-1.7601625635755478,1.0,,,,,,,,,,,Biotechnology,Healthcare,3.265,268901795,326745,NGM
