Quarters,Year,Quarter,FillingDate,Date,NetIncome,Revenue,OperatingIncome,EPSDiluted,GrossProfit,GrossProfitRatio,TotalAssets,CommonStockEquity,CurrentAssets,CurrentLiability,TotalLiability,Inventory,RetainedEarnings,MarketCap,EnterpriseValue,bookValuePerShare,currentRatio,debtToAssets,debtToEquity,roic,shareholdersEquityPerShare,roe,priceToSalesRatio,peRatio,pbRatio,payoutRatio,inventoryTurnover,dividendYield,assetTurnover,quickRatio,returnOnAssets,priceToFreeCashFlowsRatio,grossProfitMargin,epsdilutedGrowth,fiveYNetIncomeGrowthPerShare,fiveYRevenueGrowthPerShare,fiveYShareholdersEquityGrowthPerShare,grossProfitGrowth,netIncomeGrowth,operatingIncomeGrowth,threeYNetIncomeGrowthPerShare,threeYRevenueGrowthPerShare,threeYShareholdersEquityGrowthPerShare,Industry,Sector,Symbol
2024Q1,2024,Q1,2023-06-02,2023-04-29,244000000.0,9467000000.0,311000000.0,1.11,2150000000.0,0.2271046794,14688000000.0,2793000000.0,7762000000.0,7908000000.0,11895000000.0,5219000000.0,2454000000.0,16312428000.0,19205428000.0,12.759250799451804,0.9815376833586241,0.267088779956427,1.4045828857858933,0.025146200760375964,12.759250799451804,0.08736126029359112,1.7230831308756733,16.713553278688522,5.840468313641246,0.8278688524590164,1.401992718911669,0.012383196419319063,0.6445397603485838,0.23899848254931716,0.01661220043572985,-30.490519626168226,0.22710467941269674,-0.5022421524663677,0.5144428435885723,0.3417390849495936,0.05431703974417539,-0.2687074829931973,-0.5070707070707071,-0.47906197654941374,0.8108035891291792,0.3047154290916904,-0.0335148148098531,Specialty Retail,Consumer Cyclical,BBY
2023Q4,2023,Q4,2023-03-17,2023-01-28,495000000.0,14735000000.0,597000000.0,2.23,2940000000.0,0.1995249406,15803000000.0,2795000000.0,8802000000.0,8979000000.0,13008000000.0,5140000000.0,2430000000.0,18816262000.0,20920262000.0,12.652784065187868,0.9802873371199465,0.2517243561349111,1.4232558139534883,0.050308487135330086,12.652784065187868,0.1771019677996422,1.276977400746522,9.503162626262627,6.732115205724509,0.39191919191919194,2.294747081712062,0.010310230586712705,0.9324178953363286,0.3357834948212496,0.03132316648737581,11.081426383981155,0.1995249406175772,0.8278688524590164,0.7846633900278082,0.25871268552869064,0.015515531699325319,0.2607204116638079,0.7870036101083032,0.6356164383561644,-0.2188666863137683,0.139979624620665,-0.0554964007676662,Specialty Retail,Consumer Cyclical,BBY
2023Q3,2023,Q3,2022-12-06,2022-10-29,277000000.0,10587000000.0,365000000.0,1.22,2332000000.0,0.2202701426,17021000000.0,2993000000.0,9922000000.0,10170000000.0,14028000000.0,7294000000.0,2597000000.0,15412924999.999998,18492925000.0,13.272727272727273,0.9756145526057031,0.23570883026849188,1.340461075843635,0.028359478677203724,13.272727272727273,0.09254928165720014,1.4558349863039575,13.910582129963899,5.1496575342465745,0.7148014440433214,1.1317521250342748,0.012846361089799634,0.6219963574408084,0.19488692232055063,0.016274014452734856,44.54602601156069,0.22027014262775102,-0.09629629629629638,0.5372756032619284,0.5067002750206978,-0.04386495007882285,0.019676432006996064,-0.09477124183006536,-0.016172506738544475,0.10344702330051525,0.26556507410815405,0.11788218181818184,Specialty Retail,Consumer Cyclical,BBY
2023Q2,2023,Q2,2022-09-08,2022-07-30,306000000.0,10329000000.0,371000000.0,1.35,2287000000.0,0.2214154323,15419000000.0,2892000000.0,8344000000.0,8650000000.0,12527000000.0,6043000000.0,2522000000.0,17353546000.0,20562546000.0,12.830523513753327,0.9646242774566474,0.2625980932615604,1.4000691562932226,0.031903569340357894,12.830523513753327,0.10580912863070539,1.680079969019266,14.177733660130716,6.000534578146611,0.6470588235294118,1.3307959622703955,0.011409771812631263,0.6698878007652895,0.19421965317919074,0.019845644983461964,38.64932293986637,0.22141543227805208,-0.0939597315436241,0.9753208543662943,0.5587744085086617,-0.10242415446689977,-0.02804929876753081,-0.10263929618768329,-0.19696969696969696,0.5235771327164407,0.2835476955956004,0.04323678250335278,Specialty Retail,Consumer Cyclical,BBY
2023Q1,2023,Q1,2022-06-02,2022-04-30,341000000.0,10647000000.0,462000000.0,1.49,2353000000.0,0.221001221,15251000000.0,2767000000.0,8315000000.0,8635000000.0,12484000000.0,6258000000.0,2417000000.0,20396124000.0,23698124000.0,12.200176366843033,0.9629415170816444,0.25847485410792737,1.4246476328153235,0.03690228958068157,12.200176366843033,0.12323816407661728,1.9156686390532545,14.95317008797654,7.371204915070474,0.5835777126099707,1.3253435602428891,0.009756755744375744,0.6981181561864795,0.16722640416907933,0.02235918956134024,-12.755549718574109,0.221001221001221,-0.43346007604562736,1.4728226199857408,0.7020663956639565,-0.16152599852681354,-0.2897675822517356,-0.4570063694267516,-0.4246575342465753,0.5182789258260957,0.3741340333989645,-0.026604890945976276,Specialty Retail,Consumer Cyclical,BBY
2022Q4,2022,Q4,2022-03-18,2022-01-29,628000000.0,16365000000.0,803000000.0,2.63,3313000000.0,0.2024442408,17504000000.0,3020000000.0,10539000000.0,10674000000.0,14484000000.0,5965000000.0,2668000000.0,23101624000.0,24053624000.0,12.764158918005071,0.9873524451939292,0.22212065813528337,1.2874172185430464,0.06527441234337786,12.764158918005071,0.20794701986754968,1.411648273754965,9.196506369426752,7.649544370860927,0.2643312101910828,2.188097233864208,0.007185642013738947,0.9349291590493601,0.37268128161888703,0.035877513711151734,11.539272727272728,0.20244424075771464,0.31499999999999995,0.3699875083730109,0.6073384781662484,-0.15077277786982612,0.1823697359029265,0.25851703406813625,0.19850746268656716,-0.02857372873071455,0.25707876652459394,0.038584013594484066,Specialty Retail,Consumer Cyclical,BBY
2022Q3,2022,Q3,2021-12-03,2021-10-30,499000000.0,11910000000.0,670000000.0,2.0,2802000000.0,0.2352644836,20102000000.0,4278000000.0,13520000000.0,11946000000.0,15824000000.0,8553000000.0,3917000000.0,30119936000.0,30639936000.0,17.36201298701299,1.1317595847982589,0.19823898119590092,0.9315100514258999,0.04564032697547684,17.36201298701299,0.11664329125759701,2.52896188077246,15.090148296593187,7.0406582515194005,0.34468937875751504,1.0648895124517712,0.0057105035017338684,0.5924783603621531,0.37510463753557677,0.02482340065665108,-1075.712,0.23526448362720404,-0.31034482758620685,2.300805830767171,0.7086479060347143,0.2883990862458359,-0.0028469750889679717,-0.3201634877384196,-0.15934755332496864,1.0054224881616576,0.38254176089812153,0.5811421521705388,Specialty Retail,Consumer Cyclical,BBY
2022Q2,2022,Q2,2021-08-31,2021-07-31,734000000.0,11849000000.0,797000000.0,2.9,2810000000.0,0.2371508144,18579000000.0,4335000000.0,12040000000.0,10357000000.0,14244000000.0,6417000000.0,3975000000.0,28109970000.0,27869970000.0,17.32613908872902,1.1624987930868012,0.220679261531837,0.9457900807381776,0.0656123017906505,17.32613908872902,0.1693194925028835,2.372349565364166,9.57424046321526,6.484422145328719,0.23841961852861035,1.4086021505376345,0.006225549155691024,0.637763065827009,0.5042966109877378,0.0395069702352118,47.08537688442211,0.23715081441471855,0.25000000000000006,3.7531106427988914,0.780438628120122,0.28692415366155805,0.034990791896869246,0.23361344537815126,0.036410923276983094,2.3544639698077603,0.40877638011139245,0.5172607676570609,Specialty Retail,Consumer Cyclical,BBY
2022Q1,2022,Q1,2021-06-04,2021-05-01,595000000.0,11637000000.0,769000000.0,2.32,2715000000.0,0.2333075535,17705000000.0,4158000000.0,11268000000.0,9641000000.0,13547000000.0,5721000000.0,3762000000.0,29427937000.0,29140937000.0,16.428289213749505,1.1687584275490095,0.22541654899745833,0.9598364598364598,0.05528707312786762,16.428289213749505,0.14309764309764308,2.5288250408180803,12.364679411764705,7.077425925925926,0.29411764705882354,1.5595175668589407,0.00594673014285711,0.6572719570742728,0.5381184524426926,0.033606325896639366,-525.498875,0.23330755349316834,-0.25161290322580654,2.321986407844044,0.7622219758659565,0.20112842059858552,-0.23370025402201525,-0.2708333333333333,-0.25556631171345595,2.193990669543811,0.42642960737291236,0.35749547713614327,Specialty Retail,Consumer Cyclical,BBY
2021Q4,2021,Q4,2021-03-19,2021-01-30,816000000.0,16937000000.0,1033000000.0,3.1,3543000000.0,0.2091869871,19067000000.0,4587000000.0,12540000000.0,10521000000.0,14480000000.0,5612000000.0,4233000000.0,28227908000.0,26724908000.0,17.683114880493445,1.1919019104647848,0.20931452247338334,0.8700675822977981,0.07138736986042196,17.683114880493445,0.17789404839764553,1.6666415539942139,8.64825612745098,6.153893176367997,0.17401960784313725,2.386671418389166,0.005030482598993875,0.888288666282058,0.6230396350156829,0.04279645460743693,33.56469441141498,0.209186987069729,1.0945945945945947,1.228273694071593,0.6262137125686178,0.37046159866409906,0.26762075134168156,1.0869565217391304,0.8413547237076648,1.5053419980174028,0.23207941197474982,0.41925110848700164,Specialty Retail,Consumer Cyclical,BBY
2021Q3,2021,Q3,2020-11-30,2020-10-31,391000000.0,11853000000.0,561000000.0,1.48,2795000000.0,0.2358052814,21202000000.0,4086000000.0,14551000000.0,12945000000.0,17116000000.0,7459000000.0,3659000000.0,28980690000.0,28572690000.0,15.727482678983833,1.1240633449208188,0.2229978303933591,1.15712187958884,0.034024365274365274,15.727482678983833,0.09569260890846794,2.445008858516831,18.529852941176472,7.092679882525697,0.3631713554987212,1.214371899718461,0.004899814324641684,0.5590510329214226,0.5182696021629973,0.018441656447504954,-386.4092,0.23580528136336792,-0.10303030303030299,3.1501986143187066,0.7832452606656791,0.16586307084854357,0.23127753303964757,-0.09490740740740741,-0.01232394366197183,0.8834587919255558,0.4641637096214652,0.13296966986610417,Specialty Retail,Consumer Cyclical,BBY
2021Q2,2021,Q2,2020-08-31,2020-08-01,432000000.0,9910000000.0,568000000.0,1.65,2270000000.0,0.229061554,17412000000.0,3778000000.0,10683000000.0,10080000000.0,13634000000.0,4136000000.0,3413000000.0,25843605000.0,24731605000.0,14.558766859344894,1.0598214285714285,0.24081093498736503,1.1098464796188459,0.04030876180366333,14.558766859344894,0.11434621492853361,2.6078309788092837,14.955789930555556,6.840551879301218,0.33101851851851855,1.8471953578336557,0.005533283765945193,0.5691477142200781,0.616170634920635,0.024810475534114404,9.233156484458735,0.22906155398587286,1.7049180327868854,2.5487381925842385,0.5655268646950588,0.1011996741728635,0.15521628498727735,1.7169811320754718,1.480349344978166,1.4222363581049315,0.29901807382119294,0.018477341137976118,Specialty Retail,Consumer Cyclical,BBY
2021Q1,2021,Q1,2020-05-27,2020-05-02,159000000.0,8562000000.0,229000000.0,0.61,1965000000.0,0.2295024527,15605000000.0,3410000000.0,8996000000.0,8804000000.0,12195000000.0,3993000000.0,3126000000.0,18664758000.0,20048758000.0,13.201703445605885,1.0218082689686505,0.33982697853252164,1.5551319648093842,0.01455918198917508,13.201703445605885,0.046627565982404695,2.1799530483531884,29.347103773584905,5.473536070381232,0.8867924528301887,1.6521412471825696,0.007554343860231136,0.5486702979814162,0.530213539300318,0.01018904197372637,28.759257318952233,0.22950245269796776,-0.7852112676056339,0.6815853208365972,0.3649427463459689,-0.04431382616443846,-0.39258114374034003,-0.7865771812080536,-0.7631851085832472,0.0124051696444017,0.20183019439414424,-0.092694664285099,Specialty Retail,Consumer Cyclical,BBY
2020Q4,2020,Q4,2020-03-23,2020-02-01,745000000.0,15196000000.0,967000000.0,2.84,3235000000.0,0.2128849697,15591000000.0,3479000000.0,8857000000.0,8060000000.0,12112000000.0,5174000000.0,3158000000.0,21993993000.0,23833993000.0,13.39622641509434,1.0988833746898263,0.2609839009685075,1.1695889623455016,0.07200850570268703,13.39622641509434,0.21414199482609944,1.4473541063437747,7.380534563758389,6.321929577464789,0.17315436241610738,2.3117510630073443,0.00586523784016845,0.9746648707587711,0.41910669975186104,0.04778397793598871,14.951728755948334,0.21288496972887602,1.5818181818181816,0.941205318423585,0.5773718736659017,-0.05810716376754109,0.37018212621770435,1.5426621160409557,1.4481012658227848,0.48066232803152037,0.3597635878628684,-0.10871995416244284,Specialty Retail,Consumer Cyclical,BBY
2020Q3,2020,Q3,2019-12-06,2019-11-02,293000000.0,9764000000.0,395000000.0,1.1,2361000000.0,0.2418066366,16926000000.0,3125000000.0,10175000000.0,9726000000.0,13801000000.0,7569000000.0,2809000000.0,19192544000.0,22084544000.0,11.873100303951368,1.046164918774419,0.24205364527945172,1.31104,0.029556852792137444,11.873100303951368,0.09376,1.9656435886931585,16.375890784982936,6.14161408,0.447098976109215,0.9780684370458449,0.0068255672619533915,0.5768639962188349,0.23246966892864487,0.01731064634290441,172.9058018018018,0.2418066366243343,0.2500000000000001,2.6424203903076444,0.38462177821271415,-0.09022271472677307,0.03416557161629435,0.23109243697478993,0.26198083067092653,0.8144369065897911,0.3113644511120815,-0.11892177514446789,Specialty Retail,Consumer Cyclical,BBY
2020Q2,2020,Q2,2019-09-06,2019-08-03,238000000.0,9536000000.0,313000000.0,0.88,2283000000.0,0.239408557,14978000000.0,3285000000.0,8192000000.0,7576000000.0,11693000000.0,5208000000.0,2965000000.0,18304363000.0,21149363000.0,12.298764507675028,1.0813093980992607,0.2760048070503405,1.258447488584475,0.023576706742911544,12.298764507675028,0.07245053272450533,1.9195011535234898,19.22727205882353,5.572104414003045,0.5588235294117647,1.3926651305683564,0.007266027230775526,0.6366671117639204,0.33988912354804646,0.015889971958873015,42.469519721577726,0.23940855704697986,-0.10204081632653059,1.1318114912582122,0.40183263348138415,-0.05082668083718799,0.05255878284923928,-0.1018867924528302,-0.06287425149700598,0.44368431601677577,0.34222390198021263,-0.08649139753133853,Specialty Retail,Consumer Cyclical,BBY
2020Q1,2020,Q1,2019-06-07,2019-05-04,265000000.0,9142000000.0,334000000.0,0.98,2169000000.0,0.2372566178,14550000000.0,3354000000.0,8014000000.0,7171000000.0,11196000000.0,5195000000.0,3038000000.0,20078028000.0,22536028000.0,12.533632286995516,1.1175568261051456,0.27621993127147765,1.1982707215265356,0.026334032519599527,12.533632286995516,0.07901013714967203,2.196240210019689,18.941535849056603,5.986293381037567,0.5056603773584906,1.342252165543792,0.006673962203857869,0.6283161512027492,0.3338446520708409,0.018213058419243987,-105.12056544502617,0.23725661780791948,-0.6356877323420075,-0.25374259506045543,0.3135807187296041,-0.015113355235864715,-0.33932378921717943,-0.6394557823129252,-0.6584867075664622,0.3993707612874591,0.30938340231787337,-0.08362326975333284,Specialty Retail,Consumer Cyclical,BBY
2019Q4,2019,Q4,2019-03-28,2019-02-02,735000000.0,14801000000.0,978000000.0,2.69,3283000000.0,0.2218093372,12901000000.0,3306000000.0,8870000000.0,7513000000.0,9595000000.0,5409000000.0,2985000000.0,15728430000.0,15136430000.0,12.28996282527881,1.180620258219087,0.10758855902643207,0.41984271022383546,0.15754943268790733,12.28996282527881,0.22232304900181488,1.0626599554084184,5.349806122448979,4.757540834845735,0.16462585034013605,2.1294139397300795,0.007693075532650112,1.1472754050073637,0.3986423532543591,0.05697232772653283,14.28558583106267,0.22180933720694548,1.7171717171717171,2.2293857924051914,0.3261570269744415,0.06774062378174907,0.4126506024096386,1.6534296028880866,2.0372670807453415,0.935456457458615,0.37040798867648655,-0.04751384499380997,Specialty Retail,Consumer Cyclical,BBY
2019Q3,2019,Q3,2018-12-07,2018-11-03,277000000.0,9590000000.0,322000000.0,0.99,2324000000.0,0.2423357664,15000000000.0,3012000000.0,10901000000.0,9933000000.0,11988000000.0,8168000000.0,2685000000.0,19719427000.0,19817427000.0,10.98067808968283,1.097452934662237,0.0884,0.4402390438247012,0.06230632745155567,10.98067808968283,0.09196547144754316,2.056248905109489,17.79731678700361,6.546954515272244,0.44404332129963897,0.8895690499510284,0.006237503757081785,0.6393333333333333,0.22400080539615425,0.018466666666666666,-80.48745714285714,0.24233576642335766,0.15116279069767444,5.410634476985188,0.2801621310557811,0.005926362678587364,0.04262000897263347,0.13524590163934427,-0.03880597014925373,1.7847437112650386,0.36651606081837784,-0.18601295967447926,Specialty Retail,Consumer Cyclical,BBY
2019Q2,2019,Q2,2018-09-10,2018-08-04,244000000.0,9379000000.0,335000000.0,0.86,2229000000.0,0.237658599,11993000000.0,3186000000.0,8771000000.0,7229000000.0,8807000000.0,5016000000.0,2863000000.0,21226320000.0,20209320000.0,11.419354838709678,1.2133075114123668,0.07070791294922038,0.26616446955430006,0.061588955881089764,11.419354838709678,0.07658505963590709,2.263175178590468,21.74827868852459,6.662372881355932,0.5122950819672131,1.4254385964912282,0.005888915271229304,0.7820395230551155,0.44888642965832065,0.020345201367464354,29.896225352112676,0.23765859899776096,0.19444444444444448,0.11916350014822011,0.23043573438162399,0.07916390535723887,0.04894117647058824,0.17307692307692307,0.2641509433962264,0.8642888364367516,0.3780867746642726,-0.1362599628704233,Specialty Retail,Consumer Cyclical,BBY
2019Q1,2019,Q1,2018-06-08,2018-05-05,208000000.0,9109000000.0,265000000.0,0.72,2125000000.0,0.2332857613,12082000000.0,3420000000.0,8930000000.0,7055000000.0,8662000000.0,4964000000.0,3082000000.0,21539772000.0,21033772000.0,12.101910828025478,1.265768958185684,0.11107432544280749,0.39239766081871347,0.0450387879401945,12.101910828025478,0.0608187134502924,2.364669228235811,25.88914903846154,6.298178947368421,0.6153846153846154,1.4069298952457696,0.005942495584447226,0.7539314682999504,0.49510985116938344,0.01721569276609833,936.5118260869565,0.23328576133494347,-0.41463414634146345,4.080391077560221,0.16491813000511543,0.406909386385678,-0.37883659748611515,-0.42857142857142855,-0.6961009174311926,1.0106541143424568,0.3272788137130808,-0.12392905180850902,Specialty Retail,Consumer Cyclical,BBY
2018Q4,2018,Q4,2018-04-02,2018-02-03,364000000.0,15363000000.0,872000000.0,1.23,3421000000.0,0.2226778624,13049000000.0,3612000000.0,9829000000.0,7817000000.0,9437000000.0,5209000000.0,3270000000.0,20652476000.0,20906476000.0,12.459468782338737,1.2573877446590764,0.10383937466472527,0.3751384274640089,0.07319972759502522,12.459468782338737,0.10077519379844961,1.344299681051878,14.184392857142855,5.7177397563676635,0.27197802197802196,2.292570550969476,0.004793614092566916,1.1773315962909034,0.5349878470001279,0.027894857843512914,27.94651691474966,0.22267786239666731,0.5769230769230769,1.744567394155482,0.4738245929170505,0.3782346062397572,0.500438596491228,0.5230125523012552,1.4914285714285713,-0.1503494992958172,0.428580022353213,-0.12397088361213922,Specialty Retail,Consumer Cyclical,BBY
2018Q3,2018,Q3,2017-12-01,2017-10-28,239000000.0,9320000000.0,350000000.0,0.78,2280000000.0,0.2446351931,14785000000.0,4152000000.0,11405000000.0,9152000000.0,10633000000.0,6663000000.0,3818000000.0,16510320000.0,16736320000.0,13.881644934804413,1.2461756993006994,0.0898884004058167,0.32008670520231214,0.04443846952417228,13.881644934804413,0.0575626204238921,1.7714935622317596,17.270209205020922,3.9764739884393068,0.42677824267782427,1.0565811196157886,0.006177954152312008,0.6303686168413933,0.4710445804195804,0.0161650321271559,51.91924528301887,0.2446351931330472,0.16417910447761191,27.944433299899696,-0.02285858785320906,0.33472787910352086,0.058987459359033906,0.14354066985645933,0.09034267912772585,1.6145070726197284,0.16302425399866974,0.06368218246334535,Specialty Retail,Consumer Cyclical,BBY
2018Q2,2018,Q2,2017-09-05,2017-07-29,209000000.0,8940000000.0,321000000.0,0.67,2153000000.0,0.2408277405,13444000000.0,4347000000.0,10078000000.0,7105000000.0,9097000000.0,5167000000.0,3996000000.0,17528324000.0,17517324000.0,14.294639921078593,1.4184377199155525,0.10071407319250224,0.3114791810443984,0.03796108209651957,14.294639921078593,0.04807913503565678,1.9606626398210292,20.966894736842107,4.032280653324132,0.49282296650717705,1.3135281594735824,0.005876203566296469,0.6649806605177031,0.6270232230823364,0.015545968461767331,57.2821045751634,0.24082774049217,0.11666666666666678,18.36967006467171,-0.05731682492176464,0.37537616537945373,0.06478733926805143,0.11170212765957446,0.07,0.6442793241228326,0.1543165171907197,0.10320762802314462,Specialty Retail,Consumer Cyclical,BBY
2018Q1,2018,Q1,2017-06-05,2017-04-29,188000000.0,8528000000.0,300000000.0,0.6,2022000000.0,0.2371013133,12955000000.0,4499000000.0,9656000000.0,6470000000.0,8456000000.0,4637000000.0,4202000000.0,16019652000.0,15715652000.0,14.55045278137128,1.4924265842349305,0.10397529911231185,0.29939986663703044,0.033039802417295046,14.55045278137128,0.041787063791953766,1.8784770168855536,21.302728723404257,3.560713936430318,0.5585106382978723,1.403062324778952,0.006554449497404811,0.6582786568892319,0.7125193199381762,0.014511771516788884,177.99613333333335,0.2371013133208255,-0.6858638743455497,3.544679219970294,-0.0032079484300912425,0.6915649838425459,-0.3326732673267327,-0.6902800658978583,-0.659477866061294,-0.5418082631547931,0.06049680307500451,0.14336740471576173,Specialty Retail,Consumer Cyclical,BBY
2017Q4,2017,Q4,2017-03-24,2017-01-28,607000000.0,13482000000.0,881000000.0,1.91,3030000000.0,0.2247441032,13856000000.0,4709000000.0,10516000000.0,7122000000.0,9147000000.0,4864000000.0,4399000000.0,13619151000.0,12744151000.0,15.030322374720715,1.4765515304689694,0.09851327944572748,0.28987046081970697,0.10084992235887212,15.030322374720715,0.12890210235718835,1.0101728971962616,5.609205518945634,2.892153535782544,0.14497528830313014,2.148848684210526,0.006461489412959736,0.9730080831408776,0.7396798652064027,0.043807736720554276,13.444374136229023,0.22474410324877614,2.1311475409836063,3.19615202802345,0.2683575937073961,0.4007016112825242,0.3753971856559237,2.1288659793814433,1.8237179487179487,1.2898823380745974,0.037170367245153234,0.3058205314515262,Specialty Retail,Consumer Cyclical,BBY
2017Q3,2017,Q3,2016-12-02,2016-10-29,194000000.0,8945000000.0,312000000.0,0.61,2203000000.0,0.2462828396,14542000000.0,4261000000.0,11021000000.0,8166000000.0,10281000000.0,6331000000.0,3953000000.0,12262236000.0,12288236000.0,13.475648323845668,1.3496203771736468,0.0940035758492642,0.32081670969256043,0.03501290539782292,13.475648323845668,0.04552921849331143,1.370848071548351,15.801850515463919,2.87778361886881,0.4587628865979381,1.0649186542410363,0.007258056361009526,0.6151148397744465,0.5255939260347784,0.013340668408747078,-197.778,0.24628283957518166,0.0,0.4330441854161019,-0.1589739644768107,-0.15110495585161351,0.06838021338506305,-0.020202020202020204,0.07958477508650519,2.8948157518682502,0.03583517742536777,0.2344875054554503,Specialty Retail,Consumer Cyclical,BBY
2017Q2,2017,Q2,2016-09-02,2016-07-30,198000000.0,8533000000.0,289000000.0,0.61,2062000000.0,0.2416500645,13254000000.0,4319000000.0,9694000000.0,6800000000.0,8935000000.0,4908000000.0,3991000000.0,10778880000.0,10301880000.0,13.463216957605985,1.4255882352941176,0.10442130677531311,0.32044454734892336,0.03305686436805881,13.463216957605985,0.0458439453577217,1.2631993437243643,13.60969696969697,2.4956888168557536,0.45454545454545453,1.3184596577017116,0.008349661560384752,0.6438056435792968,0.6436764705882353,0.014938886373924853,16.20884210526316,0.2416500644556428,-0.12857142857142853,0.29683207236146925,-0.1282087424867812,-0.17743216912540408,-0.0386946386946387,-0.13537117903930132,-0.22311827956989247,-0.21016068850430308,-0.026414742713109684,0.27231511725959945,Specialty Retail,Consumer Cyclical,BBY
2017Q1,2017,Q1,2016-06-09,2016-04-30,229000000.0,8443000000.0,372000000.0,0.7,2145000000.0,0.2540566149,12901000000.0,4426000000.0,9282000000.0,6334000000.0,8475000000.0,4719000000.0,4078000000.0,10381088000.0,9914088000.0,13.677379480840544,1.4654246921376697,0.10681342531586699,0.3113420695887935,0.04023661842407535,13.677379480840544,0.0517397198373249,1.2295496861305224,11.333065502183405,2.3454785359240846,1.039301310043668,1.3346047891502437,0.022926305990277708,0.6544453918300907,0.6570887275023681,0.01775056197194016,29.916680115273774,0.2540566149472936,-0.5,1.0173621209917836,-0.07537260775146151,-0.16082924122141487,-0.27312775330396477,-0.5219206680584552,-0.5175097276264592,3.9617039783912467,-0.0570576615421919,0.5900657215380468,Specialty Retail,Consumer Cyclical,BBY
2016Q4,2016,Q4,2016-03-23,2016-01-30,479000000.0,13623000000.0,771000000.0,1.4,2951000000.0,0.2166189532,13519000000.0,4378000000.0,9886000000.0,6925000000.0,9141000000.0,5051000000.0,4130000000.0,9476649000.0,9234649000.0,12.903035661656352,1.4275812274368231,0.1282639248465123,0.3960712654179991,0.08022840314136126,12.903035661656352,0.10941068981269986,0.6956359832635983,4.946058977035491,2.1646068981269986,0.162839248434238,2.112848940803801,0.008230757517768148,1.007692876692063,0.6415884476534296,0.03543161476440565,13.480297297297298,0.21661895324084268,2.8888888888888893,-0.1592507932886131,-0.042428950670788085,-0.2422740190814651,0.3972537878787879,2.832,2.3521739130434782,1.8371484920793453,0.1166238015094491,0.42730084124039236,Specialty Retail,Consumer Cyclical,BBY
2016Q3,2016,Q3,2015-12-04,2015-10-31,125000000.0,8819000000.0,230000000.0,0.36,2112000000.0,0.2394829346,15175000000.0,4650000000.0,11735000000.0,8395000000.0,10525000000.0,6651000000.0,4135000000.0,12074841000.0,12016841000.0,13.489991296779808,1.3978558665872542,0.10800658978583196,0.3524731182795699,0.02214911347557439,13.489991296779808,0.026881720430107527,1.3691848282118153,24.149682000000002,2.59674,0.64,1.008419786498271,0.006625346039753235,0.581153212520593,0.5250744490768314,0.008237232289950576,-268.3298,0.23948293457308084,-0.21739130434782614,-0.33639617165263597,-0.1455314319956921,-0.19626773534114605,0.00667302192564347,-0.23780487804878048,-0.2013888888888889,13.228024369016536,-0.19770150164339756,0.29707016403597114,Specialty Retail,Consumer Cyclical,BBY
2016Q2,2016,Q2,2015-09-04,2015-08-01,164000000.0,8528000000.0,288000000.0,0.46,2098000000.0,0.2460131332,13566000000.0,4622000000.0,10245000000.0,6838000000.0,8944000000.0,4995000000.0,4092000000.0,11288584000.0,11097584000.0,13.220823798627002,1.498245100906698,0.11860533687159074,0.34811769796624836,0.027868248888385398,13.220823798627002,0.035482475118996104,1.3237082551594748,17.20820731707317,2.442359151882302,0.4878048780487805,1.2872872872872874,0.0070868055727804306,0.6286303995282323,0.6610119918104709,0.012089046144773699,75.76230872483221,0.24601313320825516,3.5999999999999996,-0.23631506873997726,-0.11043737789202049,-0.1744472001310382,0.033497536945812804,0.2713178294573643,0.09090909090909091,12.221014492753623,-0.2177952931185872,0.27205764116519254,Specialty Retail,Consumer Cyclical,BBY
2016Q1,2016,Q1,2015-06-08,2015-05-02,129000000.0,8558000000.0,264000000.0,0.1,2030000000.0,0.2372049544,13719000000.0,4868000000.0,10396000000.0,6721000000.0,8851000000.0,4930000000.0,4009000000.0,12397432000.0,11831432000.0,13.813847900113508,1.5467936319000148,0.11713681755229972,0.3301150369761709,0.020114285714285713,13.813847900113508,0.026499589153656532,1.4486365973358262,24.02603100775194,2.546719802793755,2.0232558139534884,1.3241379310344827,0.021052747052776738,0.6238063998833734,0.7043594703169171,0.009403017712661273,-92.51814925373134,0.23720495442860481,-0.9315068493150684,-0.007383471861154776,-0.05377352842109207,-0.08826000747209363,-0.28621659634317864,-0.7514450867052023,-0.68,2.5320343044520115,-0.12232598157259751,0.6059308772765704,Specialty Retail,Consumer Cyclical,BBY
2015Q4,2015,Q4,2015-03-31,2015-01-31,519000000.0,13028000000.0,825000000.0,1.46,2844000000.0,0.2182990482,15256000000.0,4995000000.0,11729000000.0,7777000000.0,10256000000.0,5174000000.0,4141000000.0,12362240000.000002,11551240000.000002,14.222665148063781,1.5081651022245082,0.10625327739905611,0.3245245245245245,0.08230667214752715,14.222665148063781,0.1039039039039039,0.9488977586736261,5.954836223506744,2.4749229229229233,0.12716763005780346,1.9683030537301893,0.005338838268792711,0.8539590980597798,0.6645235952166645,0.03401940220241217,12.060721951219515,0.21829904820386858,3.8666666666666667,-0.20267609896456235,-0.05809756938677128,-0.054147759219745684,0.33646616541353386,3.850467289719626,3.3421052631578947,2.2006321905366053,0.09337975470835581,0.32543464424494173,Specialty Retail,Consumer Cyclical,BBY
2015Q3,2015,Q3,2014-12-05,2014-11-01,107000000.0,9380000000.0,190000000.0,0.3,2128000000.0,0.2268656716,15762000000.0,4569000000.0,12063000000.0,8626000000.0,11189000000.0,6900000000.0,3689000000.0,11952414000.0,11658414000.0,13.050556983718938,1.3984465569209368,0.10373049105443471,0.35784635587655944,0.018618852939452552,13.050556983718938,0.02341869117968921,1.2742445628997867,27.92620093457944,2.615980302035456,0.6261682242990654,1.0510144927536231,0.005605562190198565,0.5951021443979191,0.487363783909112,0.006788478619464535,99.60345,0.22686567164179106,-0.26829268292682923,-0.4384272838345747,-0.07060153709528476,-0.015484297719448594,0.035523114355231145,-0.2671232876712329,-0.20168067226890757,-0.286142734728853,-0.20347082300809796,-0.17788347687500844,Specialty Retail,Consumer Cyclical,BBY
2015Q2,2015,Q2,2014-09-10,2014-08-02,146000000.0,8896000000.0,238000000.0,0.41,2055000000.0,0.2310026978,14349000000.0,4526000000.0,10611000000.0,7251000000.0,9819000000.0,5583000000.0,3649000000.0,10189081000.0,9683081000.0,12.95734325794446,1.4633843607778239,0.11394522266360026,0.361246133451171,0.025066637811322116,12.95734325794446,0.03225806451612903,1.14535532823741,17.447056506849314,2.2512330976579764,0.4041095890410959,1.2253268851871753,0.005790512412257788,0.61997351731828,0.5633705695766101,0.01017492508188724,318.40878125,0.2310026978417266,-0.6893939393939394,0.10182390096648991,-0.03761069589732909,0.017100163387461002,0.017326732673267328,-0.6832971800433839,0.20812182741116753,-0.1217721965318854,-0.1652790529881983,-0.2083397473912363,Specialty Retail,Consumer Cyclical,BBY
2015Q1,2015,Q1,2014-06-09,2014-05-03,461000000.0,9035000000.0,197000000.0,1.32,2020000000.0,0.2235749862,13911000000.0,4421000000.0,10118000000.0,6880000000.0,9487000000.0,5255000000.0,3562000000.0,9084510000.0,8163510000.0,12.725964306275188,1.470639534883721,0.11846739989936021,0.3727663424564578,0.08313377638637154,12.725964306275188,0.10427505089346302,1.0054798007747647,4.926523861171366,2.0548541054060165,0.1279826464208243,1.334919124643197,0.006494571528899193,0.6494860182589318,0.5722383720930233,0.033139242326216664,46.11426395939086,0.22357498616491422,0.5903614457831327,2.6011152877961776,0.06966888822165244,0.05888183967243642,-0.2988545643873655,0.5733788395904437,-0.5790598290598291,2.7829273764773617,-0.0783270921412552,-0.2192029812402452,Specialty Retail,Consumer Cyclical,BBY
2014Q4,2014,Q4,2014-03-28,2014-02-01,293000000.0,14368000000.0,468000000.0,0.83,2881000000.0,0.2005150334,14013000000.0,3986000000.0,10485000000.0,7436000000.0,10024000000.0,5376000000.0,3159000000.0,8151902000.0,7130902000.0,11.510251227259602,1.4100322754168908,0.1182473417540855,0.4157049673858505,0.056562858501916675,11.510251227259602,0.07350727546412443,0.5673651169265034,6.955547781569965,2.0451334671349723,0.20136518771331058,2.13671875,0.007237574740226269,1.025333618782559,0.5660301237224314,0.020909155783914935,12.638607751937984,0.20051503340757237,4.533333333333333,-0.3836922656048148,0.16997171872356048,0.029303534257632213,0.32764976958525344,4.425925925925926,4.142857142857143,-0.4961167275029021,-0.01047689750591752,-0.32406476812957474,Specialty Retail,Consumer Cyclical,BBY
2014Q3,2014,Q3,2013-12-09,2013-11-02,54000000.0,9362000000.0,91000000.0,0.15,2170000000.0,0.2317880795,15068000000.0,3742000000.0,11234000000.0,8665000000.0,11324000000.0,6978000000.0,2926000000.0,14716404000.0,14215404000.0,10.915985997666278,1.2964800923254471,0.11076453411202548,0.446018172100481,0.00936676109846562,10.915985997666278,0.014430785676109033,1.5719295022431103,68.1315,3.93276429716729,1.0740740740740742,1.0306678131269704,0.003941180195922863,0.6213166976373772,0.3800346220427005,0.0035837536501194586,79.98045652173913,0.23178807947019867,-0.8051948051948051,0.25081904676420425,-0.019438435391405787,-0.011576618763946087,-0.12110166059133252,-0.7969924812030075,-0.7796610169491526,-0.7117342137668106,-0.08789285879017403,-0.3496267007241892,Specialty Retail,Consumer Cyclical,BBY
2014Q2,2014,Q2,2013-09-09,2013-08-03,266000000.0,9300000000.0,413000000.0,0.77,2469000000.0,0.265483871,13284000000.0,3602000000.0,9414000000.0,7028000000.0,9679000000.0,5437000000.0,2930000000.0,10654520000.0,10422520000.0,10.581668625146886,1.3394991462720547,0.12631737428485396,0.46585230427540253,0.04566026645768025,10.581668625146886,0.07384786229872294,1.145647311827957,10.013646616541354,2.9579455857856747,0.21804511278195488,1.2563913923119367,0.0054436990122502,0.7000903342366757,0.44080819578827546,0.020024089129780185,-103.44194174757281,0.26548387096774195,1.7499999999999998,0.5942019290060616,0.14875025942219616,-0.08234308913656745,0.13778801843317973,4.283950617283951,1.3735632183908046,0.27213699492028837,-0.003690765386643787,-0.33924494465444927,Specialty Retail,Consumer Cyclical,BBY
2014Q1,2014,Q1,2013-06-07,2013-05-04,-81000000.0,9380000000.0,174000000.0,0.28,2170000000.0,0.2313432836,14331000000.0,2916000000.0,10006000000.0,8561000000.0,10783000000.0,5461000000.0,2723000000.0,8990280000.0,9768280000.0,8.601769911504425,1.1687886929097069,0.11764705882352941,0.5781893004115226,0.025120108588880356,8.601769911504425,-0.027777777777777776,0.9584520255863539,-27.747777777777777,3.0830864197530863,-0.7160493827160493,1.3202710126350485,0.006451411969371366,0.6545251552578327,0.21551220651793015,-0.005652082897215826,-50.22502793296089,0.23134328358208955,1.165680473372781,-1.5491570672863004,0.2662158215782203,-0.23634696987636586,-0.1631315079059005,0.8581436077057794,1.4285714285714286,-1.647907507850414,0.07810696421700651,-0.4322669764752968,Specialty Retail,Consumer Cyclical,BBY
2013Q4,2013,Q4,2013-03-27,2013-02-02,-571000000.0,12175000000.0,-406000000.0,-1.69,2593000000.0,0.2129774127,16787000000.0,3061000000.0,12047000000.0,10810000000.0,13726000000.0,6571000000.0,2861000000.0,5454846000.0,5377846000.0,9.040165386887182,1.114431082331175,0.1041877643414547,0.5713819013394316,-0.11367139999215471,9.040165386887182,-0.18654034629206143,0.4480366324435318,-2.3882863397548157,1.782047043449853,-0.10157618213660245,1.4582255364480292,0.010632747468947795,0.725263596830881,0.41905642923219244,-0.03401441591707869,4.887854838709678,0.21297741273100615,-141.01680672268907,-1.9413387874566919,0.10244902048600962,-0.17057893841093072,0.0027068832173240526,-56.1,-7.655737704918033,-1.9098526970907164,-0.08701279524942505,-0.39880039365368947,Specialty Retail,Consumer Cyclical,BBY
2013Q3,2013,Q3,2012-12-05,2012-11-03,-10000000.0,10753000000.0,61000000.0,-0.0119,2586000000.0,0.2404910258,17556000000.0,3507000000.0,11846000000.0,11148000000.0,13428000000.0,8156000000.0,3328000000.0,4953468000.0,6656468000.0,10.400355871886122,1.0626121277359168,0.11460469355206197,0.5737097234103222,0.007368484628857886,10.400355871886122,-0.00285143997718848,0.4606591648842184,-123.8367,1.4124516680923864,-5.7,1.0013487003433055,0.011507089578452916,0.6124971519708362,0.22954790096878364,-0.0005696058327637275,-47.17588571428571,0.24049102576025294,0.19594594594594592,-1.0544603650288236,0.34487918589168226,0.16247437361418018,0.00858034321372855,-1.8333333333333333,-0.5080645161290323,-1.0544912495231527,0.1061991033749031,-0.2154117500156084,Specialty Retail,Consumer Cyclical,BBY
2013Q2,2013,Q2,2012-09-06,2012-08-04,12000000.0,10547000000.0,124000000.0,-0.0148,2564000000.0,0.243102304,15849000000.0,3515000000.0,10184000000.0,9448000000.0,11738000000.0,6299000000.0,3395000000.0,5965848000.0,7511848000.0,10.393258426966293,1.077900084674005,0.14045050160893433,0.6332859174964438,-0.01199945808898953,10.393258426966293,0.0034139402560455193,0.5656440694036219,124.2885,1.697254054054054,0.0,1.2673440228607715,0.0,0.6654678528613792,0.2979466553767993,0.0007571455612341472,-7.687948453608247,0.24310230397269367,0.0,-0.936969840331165,0.5828073667314354,0.3651718625896867,0.0,0.0,0.0,-0.9064668498154788,0.17844669244383118,-0.18417034775132657,Specialty Retail,Consumer Cyclical,BBY
2012Q4,2012,Q4,2012-05-01,2012-03-03,158000000.0,11610000000.0,389000000.0,0.46,2907000000.0,0.2503875969,16011000000.0,3672000000.0,10316000000.0,9001000000.0,11704000000.0,6065000000.0,3520000000.0,8318882000.0,9146882000.0,10.730566919929865,1.1460948783468503,0.1266004621822497,0.5520152505446623,0.047344625596875904,10.730566919929865,0.04302832244008715,0.7165273040482343,13.162787974683543,2.2654907407407405,0.0,1.434954657873042,0.0,0.7251264755480608,0.3382957449172314,0.00986821560177378,16.12186434108527,0.2503875968992248,0.09523809523809533,-0.7102611810250993,0.2593612134449777,-0.17145695190091612,-0.008188331627430911,0.025974025974025976,0.23492063492063492,-0.6636746747054661,-0.04328242824010904,-0.0404196887454491,Specialty Retail,Consumer Cyclical,BBY
2012Q3,2012,Q3,2012-01-03,2011-11-26,154000000.0,12099000000.0,315000000.0,0.42,2931000000.0,0.2422514257,22748000000.0,5710000000.0,15909000000.0,13566000000.0,16372000000.0,9220000000.0,5663000000.0,9219111000.0,10223111000.0,15.874339727550737,1.1727111897390534,0.14928784948127308,0.5947460595446585,0.022383431738608024,15.874339727550737,0.026970227670753064,0.761972972972973,14.966089285714284,1.6145553415061296,0.37012987012987014,0.9943600867678959,0.006182808732859383,0.5318709337084578,0.4130915524104379,0.006769825918762089,10.417074576271187,0.24225142573766428,-0.0869565217391305,0.3728848114169214,0.9094878920206427,0.36300560673900467,0.02054317548746518,-0.12994350282485875,0.0975609756097561,2.399553046342037,0.20769169960474296,0.43739361261089893,Specialty Retail,Consumer Cyclical,BBY
2012Q2,2012,Q2,2011-09-30,2011-08-27,177000000.0,11347000000.0,287000000.0,0.46,2872000000.0,0.253106548,18829000000.0,6087000000.0,11501000000.0,9147000000.0,12019000000.0,6403000000.0,5839000000.0,9219401000.0,9711401000.0,16.367303038451197,1.25735213731278,0.13447341866270116,0.4159684573681617,0.02057051830807487,16.367303038451197,0.029078363725973385,0.8124967832907376,13.021752824858757,1.5146050599638572,0.3163841807909605,1.323598313290645,0.0060741473334330505,0.60263423442562,0.4444080026238111,0.009400393010781242,1843.8802,0.2531065479862519,0.3529411764705882,-0.0026070589335609635,0.9342692347316094,0.4517924299840774,0.03757225433526012,0.3014705882352941,0.01773049645390071,-0.02904672021383367,0.28288315263471503,0.41939511408790786,Specialty Retail,Consumer Cyclical,BBY
2012Q1,2012,Q1,2011-07-01,2011-05-28,136000000.0,10940000000.0,282000000.0,0.34,2768000000.0,0.2530164534,18673000000.0,6319000000.0,11293000000.0,8736000000.0,11620000000.0,6356000000.0,6045000000.0,12247443000.0,12219443000.0,16.298684549909723,1.2926968864468864,0.11674610400042842,0.34499129609115364,0.020690423431609265,16.298684549909723,0.0215223927836683,1.1195103290676416,22.513681985294117,1.9381932267763888,0.4338235294117647,1.2857142857142858,0.004817332074948216,0.5858726503507738,0.45444139194139194,0.007283243185347828,10.915724598930481,0.2530164533820841,-0.7926829268292682,-0.2735417507148227,0.9649798186014753,0.46022232074066405,-0.2979964494040071,-0.7910906298003072,-0.7194029850746269,-0.1937785219522668,0.291296924361835,0.446974282225477,Specialty Retail,Consumer Cyclical,BBY
2011Q4,2011,Q4,2011-04-25,2011-02-26,651000000.0,16256000000.0,1005000000.0,1.64,3943000000.0,0.2425565945,17849000000.0,6602000000.0,10473000000.0,8663000000.0,10557000000.0,5897000000.0,6372000000.0,12549848999.999998,13155848999.999998,17.028630384317772,1.2089345492323675,0.09574766093338562,0.25886095122690095,0.08295391649620984,17.028630384317772,0.09860648288397456,0.7720133489173228,4.819450460829493,1.9009162375037865,0.09062980030721966,2.0880108529760895,0.004701251783985608,0.9107513025939828,0.40090038093039365,0.036472631519973105,29.185695348837204,0.24255659448818898,2.094339622641509,0.26352177277365957,0.9002105832628843,0.5697306989234149,0.32182366744887697,2.0,1.6103896103896105,-0.06269272671976721,0.2855660340690113,0.5623502542614477,Specialty Retail,Consumer Cyclical,BBY
2011Q3,2011,Q3,2011-01-05,2010-11-27,217000000.0,11890000000.0,385000000.0,0.53,2983000000.0,0.250883095,22352000000.0,6665000000.0,14829000000.0,13420000000.0,15687000000.0,10064000000.0,5824000000.0,17770225000.0,18669225000.0,16.78418534374213,1.1049925484351715,0.0816034359341446,0.2736684171042761,0.029181432397769453,16.78418534374213,0.03255813953488372,1.4945521446593777,20.472609447004608,2.6662003000750185,0.2764976958525346,0.8850357710651828,0.0033764344570763735,0.5319434502505369,0.27719821162444114,0.009708303507516105,64.85483576642336,0.25088309503784695,-0.11666666666666659,0.9446914039832263,1.0047110467041471,0.6974286289768863,0.02227553118574366,-0.14566929133858267,-0.06326034063260341,0.003524455813419289,0.26276681403511476,0.8760113196542525,Specialty Retail,Consumer Cyclical,BBY
2011Q2,2011,Q2,2010-10-07,2010-08-28,254000000.0,11339000000.0,411000000.0,0.6,2918000000.0,0.2573419173,17362000000.0,6622000000.0,9959000000.0,8471000000.0,10740000000.0,6346000000.0,6000000000.0,13174110000.0,13834110000.0,16.014510278113665,1.175658127729902,0.08656836769957378,0.22697070371488975,0.0322586753197175,16.014510278113665,0.03835699184536394,1.1618405503130786,12.966643700787403,1.989445786771368,0.23228346456692914,1.3269776236999684,0.004478480899278965,0.653092961640364,0.30279778066344,0.014629650961870752,-49.526729323308274,0.2573419172766558,0.6666666666666666,0.6049396691450769,1.0098015463629222,0.6310029957722231,0.044754744002864305,0.6387096774193548,0.31309904153354634,0.0911864570737606,0.39178439108654356,1.1035326869299849,Specialty Retail,Consumer Cyclical,BBY
2011Q1,2011,Q1,2010-07-08,2010-05-29,155000000.0,10787000000.0,313000000.0,0.36,2793000000.0,0.2589227774,17956000000.0,6368000000.0,10388000000.0,8603000000.0,10949000000.0,6335000000.0,5892000000.0,17757675000.0,17842675000.0,15.151082560076135,1.207485760781123,0.07373579861884606,0.2079145728643216,0.024388028501272505,15.151082560076135,0.024340452261306534,1.6462107166033189,28.641411290322583,2.7885796168341708,0.38064516129032255,1.261878453038674,0.003322507028650992,0.6007462686567164,0.35138905033127976,0.008632212073958565,2219.709375,0.2589227774172615,-0.7999999999999999,0.06514530503421924,1.0597631620271237,0.6789098818701732,-0.2977118430978124,-0.8010269576379975,-0.7560405300077943,-0.08034439685938616,0.5501958584071085,0.17574365150153223,Specialty Retail,Consumer Cyclical,BBY
2010Q4,2010,Q4,2010-04-28,2010-02-27,779000000.0,16553000000.0,1283000000.0,1.8,3977000000.0,0.2402585634,18302000000.0,6320000000.0,10566000000.0,8978000000.0,11338000000.0,5486000000.0,5797000000.0,15340950000.0,15316950000.0,15.036878420176064,1.176876809979951,0.0984591847885477,0.28512658227848103,0.10038845934146837,15.036878420176064,0.12325949367088608,0.9267776233915302,4.923283055198973,2.427365506329114,0.07573812580231065,2.2923806051768136,0.003845915670150806,0.9044366735875861,0.43840498997549565,0.042563654245437656,11.10858073859522,0.2402585634024044,2.3962264150943398,0.5909902182007856,1.095763512985623,0.6595133603473999,0.35180149558123724,2.4317180616740086,2.4122340425531914,0.1630748678859792,0.4618924528618241,0.16104779673928388,Specialty Retail,Consumer Cyclical,BBY
2010Q3,2010,Q3,2010-01-07,2009-11-28,227000000.0,12024000000.0,376000000.0,0.53,2942000000.0,0.244677312,21100000000.0,5529000000.0,13267000000.0,12678000000.0,14976000000.0,8978000000.0,5076000000.0,17864393000.0,19181393000.0,13.255813953488373,1.0464584319293264,0.08914691943127961,0.3402061855670103,0.03777787664427341,13.255813953488373,0.04105624886959667,1.4857279607451763,19.674441629955943,3.231035087719298,0.2555066079295154,1.0115838716863443,0.0032466818212071357,0.5698578199052132,0.25926802334753113,0.01075829383886256,63.34891134751773,0.2446773120425815,-0.43010752688172044,0.797279902317806,1.1200212142638584,0.6360741398872446,0.09612518628912071,0.43670886075949367,0.34285714285714286,0.7451770159034604,0.6365024043117427,0.1381732437750637,Specialty Retail,Consumer Cyclical,BBY
2010Q2,2010,Q2,2009-10-08,2009-08-29,158000000.0,11022000000.0,280000000.0,0.93,2684000000.0,0.2435129741,17191000000.0,5306000000.0,9304000000.0,8964000000.0,11292000000.0,5738000000.0,4908000000.0,15635410000.0,17214410000.0,12.739495798319327,1.0379294957608212,0.13070792856727356,0.4234828496042216,0.0530550294824784,12.739495798319327,0.02977761025254429,1.4185637815278533,24.739572784810125,2.946741424802111,0.37341772151898733,1.4531195538515163,0.0037734859527188604,0.6411494386597638,0.2823516287371709,0.00919085568029783,93.62520958083833,0.2435129740518962,1.5833333333333335,0.23151869509403775,1.1194931073023946,0.7227382854715891,0.0496675791943684,0.032679738562091505,-0.05405405405405406,-0.20501069993214677,0.6776735158090593,0.13000312381117318,Specialty Retail,Consumer Cyclical,BBY
2010Q1,2010,Q1,2009-07-09,2009-05-30,153000000.0,10095000000.0,296000000.0,0.36,2557000000.0,0.2532937098,16214000000.0,4990000000.0,8410000000.0,8356000000.0,10713000000.0,5486000000.0,4808000000.0,14573520000.0,16230520000.0,12.01830443159923,1.0064624222115846,0.1351918095473048,0.4392785571142285,0.022799315072551358,12.01830443159923,0.030661322645290583,1.4436374442793463,23.812941176470588,2.9205450901803607,0.3790849673202614,1.3740430185927817,0.003979820935504943,0.6226100900456396,0.23575873623743418,0.009436289626248921,-60.97707112970711,0.2532937097573056,-0.7313432835820896,0.5735686319212049,1.161828858058173,0.6792737893389325,-0.29423130002760145,-0.7315789473684211,-0.6979591836734694,-0.23686453238476354,0.6931114695736464,0.07673698050526657,Specialty Retail,Consumer Cyclical,BBY
2009Q4,2009,Q4,2009-04-29,2009-02-28,570000000.0,14724000000.0,980000000.0,1.34,3623000000.0,0.246060853,15826000000.0,4643000000.0,8192000000.0,8435000000.0,10670000000.0,4753000000.0,4714000000.0,11966064000.0,13431064000.0,11.182562620423893,0.9711914641375222,0.12403639580437255,0.42278699116950247,0.09011914968267307,11.182562620423893,0.12276545337066552,0.8126911165444173,5.248273684210527,2.577226793021753,0.10175438596491228,2.3355775299810646,0.004847040764615666,0.9303677492733476,0.2818020154119739,0.03601668141033742,7.568667931688805,0.2460608530290682,10.166666666666668,0.4249549131407372,1.0432410666617864,0.5908080815277492,0.2663404404054526,9.961538461538462,2.576642335766423,0.03303504110867764,0.6071348064667663,0.030829341041928474,Specialty Retail,Consumer Cyclical,BBY
2009Q3,2009,Q3,2009-01-08,2008-11-29,52000000.0,11500000000.0,274000000.0,0.12,2861000000.0,0.2487826087,20647000000.0,4560000000.0,12318000000.0,13195000000.0,15413000000.0,8207000000.0,4202000000.0,8551159000.0,11308159000.0,11.043836279970938,0.9335354300871542,0.16108877803070665,0.7293859649122807,0.01584377377631245,11.043836279970938,0.011403508771929825,0.7435790434782609,41.11134134615385,1.8752541666666667,1.1153846153846154,1.0526379919580846,0.006782706297473827,0.556981643822347,0.2449412656309208,0.0025185256938053953,-15.407493693693693,0.24878260869565216,-0.75,-0.4982518185247093,1.2435452264406597,0.779228910012071,0.2015959680806384,-0.7425742574257426,-0.19174041297935104,-0.551823264923605,0.864759264239523,0.11689209165851054,Specialty Retail,Consumer Cyclical,BBY
2009Q2,2009,Q2,2008-10-09,2008-08-30,202000000.0,9801000000.0,339000000.0,0.48,2381000000.0,0.2429343944,17522000000.0,4752000000.0,9328000000.0,9980000000.0,12045000000.0,6105000000.0,4205000000.0,18449717000.0,20595717000.0,11.531181752001942,0.9346693386773547,0.15352128752425523,0.5660774410774411,0.028557234047274456,11.531181752001942,0.04250841750841751,1.8824320987654322,22.833808168316835,3.882516203703704,0.2623762376237624,1.2153972153972155,0.002872672789506744,0.5593539550279648,0.23336673346693387,0.011528364341970094,-107.89308187134503,0.24293439444954595,0.14285714285714285,0.6829524798945379,1.1337230300937413,0.9026369164670558,0.11626816690107829,0.12849162011173185,0.22382671480144403,0.28070546810059527,0.7430976175698548,0.17439694724929575,Specialty Retail,Consumer Cyclical,BBY
2009Q1,2009,Q1,2008-07-10,2008-05-31,179000000.0,8990000000.0,277000000.0,0.42,2133000000.0,0.2372636263,13231000000.0,4634000000.0,7733000000.0,7027000000.0,8557000000.0,5005000000.0,4058000000.0,19208266000.0,18892266000.0,11.263976665046183,1.1004696171908352,0.08759730934925554,0.2501078981441519,0.030032010805539654,11.263976665046183,0.03862753560638757,2.136625806451613,26.82718715083799,4.14507250755287,0.3016759776536313,1.37002997002997,0.0028112896812236983,0.6794648930541909,0.2954319055073289,0.013528833799410476,-68.35681850533808,0.23726362625139044,-0.7586206896551725,2.045697617890131,1.2610579212245352,0.9690556385151308,-0.328823159219635,-0.757123473541384,-0.757655293088364,0.2566817058251594,0.753765015233546,0.24817495100535208,Specialty Retail,Consumer Cyclical,BBY
2008Q4,2008,Q4,2008-04-30,2008-03-01,737000000.0,13418000000.0,1143000000.0,1.74,3178000000.0,0.2368460277,12758000000.0,4484000000.0,7342000000.0,6769000000.0,8234000000.0,4708000000.0,3933000000.0,17694314000.0,17072314000.0,10.899368011667477,1.0846506130890825,0.06395986831791817,0.18198037466547726,0.1362455259535185,10.899368011667477,0.1643621766280107,1.3186998062304367,6.002141791044775,3.946100356824264,0.07598371777476255,2.1750212404418012,0.0031648584963508614,1.0517322464336103,0.33106810459447483,0.05776767518419815,31.26203886925795,0.2368460277239529,2.283018867924528,1.1364626658744306,1.6942478011859539,0.9283497251411689,0.3598630723149337,2.232456140350877,2.2564102564102564,0.5377744552372761,0.7355952393113591,0.20288575389661676,Specialty Retail,Consumer Cyclical,BBY
2008Q3,2008,Q3,2008-01-10,2007-12-01,228000000.0,9928000000.0,351000000.0,0.53,2337000000.0,0.2353948429,15474000000.0,3746000000.0,10477000000.0,10236000000.0,11689000000.0,7451000000.0,3320000000.0,21374635000.0,21043635000.0,8.946739909242895,1.0235443532629933,0.06384903709448106,0.2637479978643887,0.04757604562737642,8.946739909242895,0.060864922584089695,2.152964846897663,23.437099780701754,5.705989054991991,0.2412280701754386,1.0187894242383573,0.0025731433542607865,0.6415923484554737,0.21180148495506057,0.014734393175649476,23.566300992282248,0.2353948428686543,-0.03636363636363639,2.089478638362438,1.0771780306111625,0.7467875794463101,0.09256661991584852,-0.088,-0.12468827930174564,0.7982991404540438,0.7437741552967533,0.104234704347029,Specialty Retail,Consumer Cyclical,BBY
2008Q2,2008,Q2,2007-10-11,2007-09-01,250000000.0,8750000000.0,401000000.0,0.55,2139000000.0,0.2444571429,12237000000.0,3381000000.0,7448000000.0,7467000000.0,8818000000.0,4650000000.0,3147000000.0,19518195000.0,20105195000.0,7.613150191398334,0.9974554707379135,0.16155920568766854,0.5847382431233363,0.04789846957820082,7.613150191398334,0.07394262052647146,2.230650857142857,19.518195000000002,5.77290594498669,0.18,1.4217204301075268,0.0023055410605335174,0.7150445370597369,0.26610419177715283,0.020429843915992483,53.917665745856354,0.24445714285714285,0.4102564102564103,3.3759215811608834,0.8961161803352867,0.5410154282840937,0.13054968287526428,0.3020833333333333,0.5075187969924813,0.8275032725362155,0.5780250297393308,0.02951211848568917,Specialty Retail,Consumer Cyclical,BBY
2008Q1,2008,Q1,2007-07-12,2007-06-02,192000000.0,7927000000.0,266000000.0,0.39,1892000000.0,0.2386779362,13142000000.0,6170000000.0,8306000000.0,5686000000.0,6939000000.0,4298000000.0,5638000000.0,23499504000.0,22798504000.0,12.886382623224728,1.4607808652831515,0.050601126160401765,0.10777957860615883,0.024403610807313358,12.886382623224728,0.03111831442463533,2.964488961776208,30.598312500000002,3.8086716369529983,0.25,1.4041414611447185,0.00204259630330921,0.6031806422157967,0.5893422441083362,0.014609648455334044,-38.714174629324546,0.2386779361675287,-0.7483870967741936,1.7483572932330826,0.7319877280969539,1.3128965483292967,-0.39105246218216927,-0.7483617300131061,-0.7658450704225352,0.7123742584531504,0.47206520655481915,0.8005671849747311,Specialty Retail,Consumer Cyclical,BBY
2007Q4,2007,Q4,2007-05-02,2007-03-03,763000000.0,12899000000.0,1136000000.0,1.55,3107000000.0,0.2408713854,13570000000.0,6201000000.0,9081000000.0,6301000000.0,7334000000.0,4028000000.0,5507000000.0,22192380000.0,21637380000.0,12.951127819548873,1.441199809554039,0.047899778924097275,0.10482180293501048,0.10565706424209637,12.951127819548873,0.12304467021448154,1.720472904876347,7.271422018348624,3.5788388969521043,0.06422018348623854,2.4309831181727906,0.0022079650763009643,0.9505526897568165,0.6889382637676559,0.056226971260132645,17.176764705882352,0.24087138537871153,4.166666666666667,1.1843714736842106,0.8516999841652841,1.4646706215161072,0.5573934837092732,4.086666666666667,4.795918367346939,0.6540704707352959,0.552219181397046,0.8424004854315069,Specialty Retail,Consumer Cyclical,BBY
2007Q3,2007,Q3,2007-01-04,2006-11-25,150000000.0,8473000000.0,196000000.0,0.3,1995000000.0,0.2354537944,15386000000.0,5602000000.0,10670000000.0,9154000000.0,9750000000.0,6084000000.0,4793000000.0,,,,,,,,,,,,,,,,,,,,,,,,,,,,,,,Specialty Retail,Consumer Cyclical,BBY
2007Q2,2007,Q2,2006-10-05,2006-08-26,230000000.0,7603000000.0,330000000.0,0.46,1902000000.0,0.2501644088,12407000000.0,5434000000.0,7887000000.0,6366000000.0,6942000000.0,4049000000.0,4690000000.0,,,,,,,,,,,,,,,,,,,,,,,,,,,,,,,Specialty Retail,Consumer Cyclical,BBY
2007Q1,2007,Q1,2006-07-06,2006-05-27,234000000.0,6959000000.0,337000000.0,0.47,1765000000.0,0.2536283949,11269000000.0,5409000000.0,6878000000.0,5297000000.0,5860000000.0,3737000000.0,4500000000.0,,,,,,,,,,,,,,,,,,,,,,,,,,,,,,,Specialty Retail,Consumer Cyclical,BBY
