Quarters,Year,Quarter,FillingDate,Date,NetIncome,Revenue,OperatingIncome,EPSDiluted,GrossProfit,GrossProfitRatio,TotalAssets,CommonStockEquity,CurrentAssets,CurrentLiability,TotalLiability,Inventory,RetainedEarnings,MarketCap,EnterpriseValue,bookValuePerShare,currentRatio,debtToAssets,debtToEquity,roic,shareholdersEquityPerShare,roe,priceToSalesRatio,peRatio,pbRatio,payoutRatio,inventoryTurnover,dividendYield,assetTurnover,quickRatio,returnOnAssets,priceToFreeCashFlowsRatio,grossProfitMargin,epsdilutedGrowth,fiveYNetIncomeGrowthPerShare,fiveYRevenueGrowthPerShare,fiveYShareholdersEquityGrowthPerShare,grossProfitGrowth,netIncomeGrowth,operatingIncomeGrowth,threeYNetIncomeGrowthPerShare,threeYRevenueGrowthPerShare,threeYShareholdersEquityGrowthPerShare,Industry,Sector,Symbol
2023Q1,2023,Q1,2023-05-04,2023-04-02,25615000.0,201124000.0,22161000.0,0.15,143740000.0,0.7146834788,1974066000.0,1446331000.0,722163000.0,213977000.0,527735000.0,127147000.0,517526000.0,8505184480.000001,8380579480.000001,8.378504727036796,3.3749561868798983,0.020042896235485542,0.02735611696077869,0.014194894646787862,8.378504727036796,0.017710330484515646,42.288262365505865,83.00980363068516,5.880524223016724,0.4720281085301581,0.4513201255239998,0.0014216034970707652,0.1018831183962441,2.4646667632502557,0.01297575663630294,385.7926372130999,0.7146834788488694,-0.53125,-0.30912375329770464,0.19061081905584756,0.34790515922950077,-0.15229647802599608,-0.5368913959248612,-0.5921563575464233,0.24935042267230118,0.2011381509748763,0.08815733339381822,Scientific & Technical Instruments,Technology,CGNX
2022Q4,2022,Q4,2023-02-16,2022-12-31,55311000.0,239433000.0,54337000.0,0.32,169564000.0,0.708189765,1958140000.0,1438394000.0,1102147000.0,228128000.0,519746000.0,122480000.0,528179000.0,8135567230.0,7329523230.0,8.3291968985425,4.831265780614392,0.024618260185686417,0.03351376604741121,0.03324324438678808,8.3291968985425,0.03845330278074019,33.97847092923699,36.77192253801233,5.656007484736449,0.21847372132125617,0.5704523187459177,0.0014853297451024813,0.12227573105089523,5.253305162014308,0.028246703504345962,130.80741586944288,0.7081897649864471,0.6842105263157895,3.0647834603005197,0.33290312518682047,0.31853179259706593,0.11380132554733019,0.6277516185991759,0.3576443544961647,-0.31575721303499976,0.401476699243192,0.05431728921980582,Scientific & Technical Instruments,Technology,CGNX
2022Q3,2022,Q3,2022-11-03,2022-10-02,33980000.0,209622000.0,40023000.0,0.19,152239000.0,0.7262548778,1900236000.0,1389220000.0,1022477000.0,231750000.0,511016000.0,108553000.0,510877000.0,7526240640.0,6767239640.0,8.018308168259685,4.411982740021575,0.030854588587943814,0.04220425850477246,0.023335833096557634,8.018308168259685,0.024459768791120197,35.903868105446946,55.372576809888166,5.417601704553634,0.331489111241907,0.5286173574198778,0.0014966303283122239,0.11031366630250138,4.842951456310679,0.017881989395001463,95.06670169765562,0.7262548778277089,-0.44117647058823534,-0.6680376242936414,-0.19305386462887755,0.22542162551646344,-0.22518767335928952,-0.4230997775929101,-0.5739650639217397,-0.19665751280546132,0.12686615299750964,0.10479190092568985,Scientific & Technical Instruments,Technology,CGNX
2022Q2,2022,Q2,2022-08-02,2022-07-03,58901000.0,274628000.0,93943000.0,0.34,196485000.0,0.7154587296,1943083000.0,1389985000.0,734758000.0,192241000.0,553098000.0,96012000.0,512230000.0,7542349290.0,7399555290.0,8.011117707066573,3.8220670928678064,0.01762765666726537,0.024641992539487838,0.05889750855947937,8.011117707066573,0.04237527743105141,27.463875824752026,32.01282359382693,5.426209124558898,0.1913380078436699,0.8138878473524143,0.001494229392815617,0.14133621672362942,2.7744445773794353,0.03031316727077536,201.43011670761672,0.7154587296269863,-0.1052631578947368,0.04906656809459861,0.5862301469096192,0.3195647562730344,-0.03502654493485318,-0.1252283427145679,0.08319112627986348,0.1930068897592897,0.3623075789376537,0.1517309450330898,Scientific & Technical Instruments,Technology,CGNX
2022Q1,2022,Q1,2022-05-05,2022-04-03,67333000.0,282407000.0,86728000.0,0.38,203617000.0,0.7210054992,1934115000.0,1358745000.0,672880000.0,195126000.0,575370000.0,136660000.0,488511000.0,13724446260.0,13593207260.0,7.802332525581983,3.4484384449022683,0.017853126623804685,0.025413156994137973,0.04663360573053254,7.802332525581983,0.04955528815193432,48.598109324485584,50.9573547146273,10.10082558537474,0.16786716765924584,0.5765403190399532,0.0008235669247321604,0.1460135514175734,2.417140719330074,0.03481333840025024,305.449262441022,0.7210054991554742,0.2666666666666667,0.4621187108784659,1.0747765555681745,0.33210592952973955,0.16363875347890938,0.25773792845801813,0.4966779988610282,0.9983838944586073,0.5993645284736837,0.12289471708758246,Scientific & Technical Instruments,Technology,CGNX
2021Q4,2021,Q4,2022-02-17,2021-12-31,53535000.0,244065000.0,57947000.0,0.3,174983000.0,0.7169524512,2003662000.0,1430093000.0,639798000.0,188589000.0,573569000.0,113102000.0,562882000.0,13695324480.0,13534744480.0,8.119853738580424,3.3925520576491737,0.012767123397059984,0.01788764786625765,0.03614165015476741,8.119853738580424,0.03743462837731532,56.113430766394195,63.95500364247689,9.57652717690388,0.21412160268982908,0.6107937967498365,0.0008370009791838096,0.12180946686616805,2.428317664338853,0.026718578283163527,271.50099082132306,0.716952451191281,-0.31818181818181823,0.3645271148587667,0.8401064819700074,0.44853414941892494,-0.1212889683432428,-0.3214828897338403,-0.33810410408123637,0.14778457319576363,0.22957687834670973,0.22664354957422328,Scientific & Technical Instruments,Technology,CGNX
2021Q3,2021,Q3,2021-11-04,2021-10-03,78900000.0,284848000.0,87547000.0,0.44,199136000.0,0.6990956580351626,2048803000.0,1492961000.0,672067000.0,165137000.0,555842000.0,81170000.0,634165000.0,14182090519.999998,14005422519.999998,8.443776440513087,4.069754204085093,0.013086177636405258,0.017958272185274765,0.05041848048652129,8.443776440513087,0.05284799803879673,49.78827486940403,44.9369154626109,9.499304080950541,0.1344486692015209,1.055956634224467,0.0007479856361824999,0.1390314246904168,3.2076457729037102,0.03851029113096769,236.39969529270567,0.6990956580351626,0.023255813953488393,0.42097388871752844,0.8611161667607445,0.5289086572697826,-0.007921245877464803,0.01677878295832367,-0.05437400762575474,-0.04474305255348011,0.19455280041712517,0.2648945242356373,Scientific & Technical Instruments,Technology,CGNX
2021Q2,2021,Q2,2021-08-05,2021-06-30,77598000.0,269158000.0,92581000.0,0.43,200726000.0,0.7457552812845987,2024921000.0,1429454000.0,692878000.0,204934000.0,595467000.0,68503000.0,593290000.0,14845415300.0,14652628300.0,8.093111999365892,3.3809811939453676,0.01197577584508235,0.016964519319964125,0.05196649172300477,8.093111999365892,0.054285062688271185,55.15502158583434,47.827957228279075,10.38537462555633,0.136562798010258,0.9989635490416479,0.0007138230750607563,0.13292271649116189,2.7263850800745604,0.03832149501141032,161.41233527595355,0.7457552812845987,0.1025641025641025,0.7488945809918164,0.7612534386598215,0.5536799051931394,0.08511098377139398,0.11095521704272134,0.1800823422941124,0.3475726003180711,0.24333695518668833,0.2927146218726705,Scientific & Technical Instruments,Technology,CGNX
2021Q1,2021,Q1,2021-05-06,2021-04-04,69848000.0,239027000.0,78453000.0,0.39,184982000.0,0.7738958360352596,1908956000.0,1357001000.0,625571000.0,159680000.0,551955000.0,61392000.0,540686000.0,15044417920.0,14825757920.0,7.697636821564712,3.9176540581162325,0.012586984718348668,0.017706692920638967,0.04947349046708877,7.697636821564712,0.05147232758118822,62.940244909570886,53.8469888901615,11.086519405659981,0.15168651929904936,0.8803264268960125,0.0007042479181540843,0.12521346746598663,3.234005511022044,0.03658963328646653,156.38200388761265,0.7738958360352596,-0.027707981829980546,3.5220980686137744,1.3943308265738696,0.5371946895136264,0.09810928734676917,0.007253587136779868,0.3277989337395278,0.8447533230912101,0.38557906435819783,0.2383694613408176,Scientific & Technical Instruments,Technology,CGNX
2020Q4,2020,Q4,2021-02-11,2020-12-31,69345000.0,223615000.0,59085000.0,0.4011140611171847,168455000.0,0.7533260291125372,1800702000.0,1262202000.0,601691000.0,132297000.0,538500000.0,60830000.0,487912000.0,13879751085.0,13636908085.0,7.300987384385792,4.548032079336644,0.014566541271126483,0.0207811427964779,0.04800646984117881,7.300987384385792,0.054939700618443006,62.06985705341771,50.038759409474366,10.996457845099277,5.219612084505012,0.906789413118527,0.026077845184930417,0.12418212452699003,3.806896603853451,0.03850998110736813,174.64078570889325,0.7533260291125372,-0.18139987527105167,2.6311243023357647,1.2451159628099642,0.5005777863597176,-0.1195670353103506,-0.20754005439626996,-0.3885755678584364,3.5858636597217712,0.2434919545366089,0.15576376701423483,Scientific & Technical Instruments,Technology,CGNX
2020Q3,2020,Q3,2020-10-28,2020-09-27,87506000.0,251073000.0,96635000.0,0.49,191332000.0,0.7620572502817906,2060515000.0,1505829000.0,628136000.0,139398000.0,554686000.0,53860000.0,780521000.0,11040162210.0,10769722210.0,8.657025577344303,4.506061779939454,0.013548069293356273,0.018538625567710545,0.053448742265256255,8.657025577344303,0.05811151199771023,43.97192135355056,31.54115777775238,7.331617474494116,0.10950106278426622,1.1091904938730042,0.0008679220302869083,0.12184963467870896,3.851310635733655,0.04246802377075634,142.29580349547598,0.7620572502817906,50.0,-0.16596173730889818,1.3157365291495078,0.8384195690699734,0.6108505855510747,77.62521891418564,16.733474438293715,-0.14850000632746074,-0.03730431538808108,0.32303549982282054,Scientific & Technical Instruments,Technology,CGNX
2020Q2,2020,Q2,2020-07-29,2020-06-28,-1142000.0,169097000.0,-6142000.0,-0.01,118777000.0,0.7024193214545498,1934864000.0,1376478000.0,646475000.0,144581000.0,558386000.0,52953000.0,702597000.0,10107843610.0,9850658610.0,7.989633335848575,4.471368990392929,0.01490337305360997,0.020949117966287872,-0.0021154049147421874,7.989633335848575,-0.0008296536522922997,59.77541653607101,-2212.750352451839,7.343265646090965,-8.291593695271454,0.9502766604347251,0.0009367972403759817,0.08739477296595523,3.747062200427442,-0.0005902223618817654,1014.1309932778167,0.7024193214545498,-1.0833333333333335,-1.026445064492612,0.19011386902074315,0.7567933803349234,-0.05758717816479549,-1.055769888167212,-1.293160231015226,-1.0204842967137817,-0.016369779556959552,0.31602592185484213,Scientific & Technical Instruments,Technology,CGNX
2020Q1,2020,Q1,2020-04-27,2020-03-29,20477000.0,167235000.0,20951000.0,0.12,126035000.0,0.7536400873022991,1885077000.0,1327493000.0,595287000.0,150644000.0,557584000.0,54985000.0,713208000.0,7837667680.0,7616436680.0,7.699718110528514,3.9516144021666975,0.009530645167279639,0.013533781345739676,0.013684385719837601,7.699718110528514,0.015425316743666446,46.866192364038625,95.68867119206915,5.9041122476728685,0.464081652585828,0.7492952623442757,0.0012124780467854693,0.0887152089808533,3.348218316029845,0.010862686245707735,126.27549912998647,0.7536400873022991,-0.7391304347826088,0.005268903598422977,0.48387075359128756,0.7418604264366709,0.00910342839757242,-0.7450794875944576,0.1899244618617595,-0.5508648034041252,0.2410210234831317,0.3145863903022371,Scientific & Technical Instruments,Technology,CGNX
2019Q4,2019,Q4,2020-02-13,2019-12-31,80327000.0,169769000.0,17607000.0,0.46,124898000.0,0.7356937956870807,1885935000.0,1355710000.0,607231000.0,120477000.0,530225000.0,60261000.0,753268000.0,9616856280.0,9463398280.0,7.900085660841341,5.040223445138906,0.009530020918006189,0.013257260033487988,0.044338546724874514,7.900085660841341,0.05925087223668779,56.64671571370509,29.93033562812006,7.093593969211705,0.11754453670621336,0.7446109424005576,0.000981817729733193,0.09001847889773508,4.317255575753048,0.042592666237171485,161.12955364921922,0.7356937956870807,0.9166666666666669,2.051713988839737,0.4657622548032957,0.8625200425923673,-0.07955458277140309,0.9270001199472232,-0.5914090782511835,1.1012948004367549,0.3136416718759205,0.4093288169331121,Scientific & Technical Instruments,Technology,CGNX
2019Q3,2019,Q3,2019-10-28,2019-09-29,41685000.0,183325000.0,43092000.0,0.24,135693000.0,0.7401772807854903,1390452000.0,1239218000.0,625781000.0,81215000.0,151234000.0,65264000.0,682383000.0,8388652720.0,8283118720.0,7.2577542988333414,7.705239179954442,0.011627154335424739,0.013046130705009127,0.029824038564271484,7.2577542988333414,0.03363814921991127,45.758367489431336,50.309780016792615,6.7693115497031195,0.20477389948422695,0.7298357440549155,0.0010175650709259544,0.1318456156703,6.55531613618174,0.029979459916631427,138.39235700734142,0.7401772807854903,-0.14285714285714296,-0.15750306989801485,0.10265630156412169,0.7198838264340007,-0.08365072933549433,-0.14490553652382612,-0.16740088105726872,-0.22258093737698015,0.24036152454848952,0.314156462810022,Scientific & Technical Instruments,Technology,CGNX
2019Q2,2019,Q2,2019-07-29,2019-06-30,48749000.0,199047000.0,51756000.0,0.28,148080000.0,0.7439448974362839,1349920000.0,1191640000.0,678874000.0,85683000.0,158280000.0,72889000.0,649234000.0,8180434500.0,8109314500.0,6.955719772586652,7.923088594003478,0.013322270949389594,0.015091806250209795,0.036073009131677394,6.955719772586652,0.04090916719814709,41.098004491401525,41.95180670372726,6.864853898828505,0.17604463681306284,0.6992413121321461,0.0010490885294662526,0.14745096005689226,6.6703313376048925,0.036112510370984945,148.74058147569002,0.7439448974362839,0.47368421052631593,0.9033492127060976,0.8534266887762356,0.7688647099725417,0.1641509433962264,0.4726014983083615,0.7167877400736392,0.13274056492694228,0.3428324754195599,0.3353283678354157,Scientific & Technical Instruments,Technology,CGNX
2019Q1,2019,Q1,2019-04-29,2019-03-31,33104000.0,173484000.0,30147000.0,0.19,127200000.0,0.7332088261741717,1353772000.0,1188859000.0,773245000.0,93045000.0,164913000.0,79208000.0,670754000.0,9076748900.0,8988788900.0,6.9484096833393725,8.310441184373152,0.012805701403190492,0.014582048838424068,0.022827819294436873,6.9484096833393725,0.02784518601448952,52.32038055382629,68.54722163484776,7.634840548795105,0.2586998550024166,0.5843349156650843,0.0009435096304140352,0.12814860995795452,7.128367993981406,0.024453157547947513,161.55685705640497,0.7332088261741717,-0.2692307692307693,0.816635478329496,0.9375677099367169,0.8264056010421068,-0.09441054812367845,-0.2711259852921749,-0.3337237827922293,1.2082299315225657,0.7905004769820518,0.3875763059997398,Scientific & Technical Instruments,Technology,CGNX
2018Q4,2018,Q4,2019-02-14,2018-12-31,45418000.0,193286000.0,45247000.0,0.26,140461000.0,0.7267003300808129,1289667000.0,1135263000.0,780326000.0,91357000.0,154404000.0,83282000.0,646214000.0,6631943670.0,6523731670.0,6.6195707313659975,8.541502019549679,0.0,0.0,0.037132620619959956,6.6195707313659975,0.04000658878163033,34.3115573295531,36.505040237350826,5.8417685329302556,0.18895592056013036,0.6342907230854207,0.001294039941687261,0.14987279662114328,7.25772518799873,0.035216842797404294,106.9271668574561,0.7267003300808129,-0.4222222222222222,1.256549819558596,1.05148413325716,0.790735791285309,-0.18977740091485398,-0.435352329802576,-0.4187477519140846,1.3973673089761351,0.956225217631466,0.36052567574192723,Scientific & Technical Instruments,Technology,CGNX
2018Q3,2018,Q3,2018-10-29,2018-09-30,80436000.0,232221000.0,77844000.0,0.45,173361000.0,0.7465345511387859,1324696000.0,1149444000.0,798498000.0,111153000.0,175252000.0,94035000.0,670935000.0,9759672520.0,9652301520.0,6.675478689114868,7.183773717308575,0.0,0.0,0.0670257219828127,6.675478689114868,0.0699781807552173,42.02751913048346,30.333658187876075,8.490776862552677,0.0964617832811179,0.6259371510607753,0.0007950061832607474,0.17530135215928785,6.088688564411217,0.06072034640400514,132.97462388446078,0.7465345511387859,0.40625,2.9368314816152132,1.594811708054638,0.8284701006347682,0.1035424424711162,0.43134742686312194,0.22675912063667167,-0.22553791603986592,1.163675750281022,0.4176151549205776,Scientific & Technical Instruments,Technology,CGNX
2018Q2,2018,Q2,2018-07-30,2018-07-01,56196000.0,211264000.0,63455000.0,0.32,157095000.0,0.7435956906997879,1276310000.0,1079132000.0,759547000.0,124600000.0,197178000.0,89556000.0,619212000.0,7670465000.0,7541263000.0,6.260555781168417,6.095882825040128,0.0,0.0,0.04963620311627631,6.260555781168417,0.05207518635347668,36.307487314450164,34.12371432130401,7.107995129418828,0.1376788383514841,0.6048617624726428,0.0010086741807700055,0.16552718383464832,4.997022471910112,0.0440300553940657,813.8424403183024,0.7435956906997879,0.523809523809524,2.374322335804329,1.4664160656302714,0.7721807791765948,0.21431718572455535,0.5099551280328882,0.834171580529541,0.30066266566804273,0.48613703089617705,0.37659670866561296,Scientific & Technical Instruments,Technology,CGNX
2018Q1,2018,Q1,2018-04-30,2018-04-01,37217000.0,169567000.0,34596000.0,0.21,129369000.0,0.7629373639918144,1268915000.0,1077099000.0,670549000.0,113018000.0,191816000.0,96399000.0,622856000.0,8459529600.0,8349957600.0,6.215945290858726,5.933116848643579,0.0,0.0,0.031475171328551065,6.215945290858726,0.03455299837805067,49.88900906426368,56.82570868151652,7.853994479616079,0.20923234005965016,0.4169960269297399,0.0009205003550079191,0.1336314883187605,4.849510697411032,0.029329781742669918,203.76552654398304,0.7629373639918144,2.353808068696089,1.3850549975471647,1.093359750634077,0.7943319697384107,-0.07410376244426473,2.3836859129270924,-0.33607123666231675,0.8178843687344243,0.49699107779628876,0.406195520357693,Scientific & Technical Instruments,Technology,CGNX
2017Q4,2017,Q4,2018-02-15,2017-12-31,-26897000.0,180365000.0,52108000.0,-0.155118,139723000.0,0.7746680342638539,1287870000.0,1095353000.0,630108000.0,113072000.0,192517000.0,67923000.0,668267000.0,10604960520.0,10498378520.0,6.31702393928384,5.5726262912126785,0.0,0.0,-0.02369344530356924,6.31702393928384,-0.024555554236853325,58.79721963795637,-98.57010558798379,9.68177429559238,-0.29003234561475255,0.5983540185209723,0.000735599155252678,0.14004907327602942,4.6995277345408235,-0.020884871920302514,140.35337312563692,0.7746680342638539,-1.2721368421052632,-2.652440491107075,1.1906072267841827,0.9101026421266202,-0.2921080763404415,-1.2627994684800876,-0.5273522182009488,-2.011298920633481,0.5411710032933257,0.4892982432799259,Scientific & Technical Instruments,Technology,CGNX
2017Q3,2017,Q3,2017-10-30,2017-10-01,102348000.0,259739000.0,110247000.0,0.57,197379000.0,0.7599128355772525,1258517000.0,1133523000.0,645083000.0,109526000.0,124994000.0,48061000.0,727319000.0,9736616970.0,9625267970.0,6.543305586663126,5.889770465460256,0.0,0.0,0.08875984318549437,6.543305586663126,0.09029194820043351,37.48615714236214,23.78311488744284,8.589695109847792,0.07202876460702701,1.2975177378747842,0.0007571418309577397,0.20638497533207736,5.096488505012508,0.0813242888256575,234.26728670420096,0.7599128355772525,0.8095238095238093,4.695646100240512,2.213959555767346,0.8552058257811378,0.4573922160773224,0.825296047938365,0.8517081527763781,1.0388261707121171,0.5398128947610171,0.5505795576086323,Scientific & Technical Instruments,Technology,CGNX
2017Q2,2017,Q2,2017-07-31,2017-07-02,56072000.0,172904000.0,59538000.0,0.315,135433000.0,0.783284365890899,1160998000.0,1051976000.0,581848000.0,88404000.0,109022000.0,36491000.0,669347000.0,7363448610.0,7295182610.0,6.071030367386512,6.581693136057192,0.0,0.0,0.05175008457818285,6.071030367386512,0.05330159623413462,42.58691881043816,32.830328015765446,6.99963555252211,0.1313846483093166,1.026855937080376,0.0010004822998282595,0.14892704380197036,5.601556490656531,0.04829637949419379,199.941582763115,0.783284365890899,0.23529411764705882,1.8059686258939194,1.0282480469441375,0.7589776908981644,0.26908552526776425,0.22816778008980396,0.5908192165873991,1.164503944206842,0.591784918502783,0.5438849926595222,Scientific & Technical Instruments,Technology,CGNX
2017Q1,2017,Q1,2017-05-01,2017-04-02,45655000.0,134942000.0,37426000.0,0.255,106717000.0,0.7908360629010982,1096244000.0,1011212000.0,593944000.0,75516000.0,85032000.0,32615000.0,652917000.0,7216602799.999999,7124174799.999999,5.8571412022288385,7.865141162137825,0.0,0.0,0.04283784205655289,5.8571412022288385,0.045148791746933384,53.47929332602154,39.51704523053334,7.136587382269988,0.142306428649655,0.8653993561244826,0.000900285103677869,0.12309485844392307,6.991630912654272,0.041646750176055694,173.39266698702545,0.7908360629010982,0.186046511627907,2.1528727223604744,0.7127064889282758,0.6938958240256365,0.03949854863532758,0.193501163307453,-0.06986107314163581,1.4829277232999816,0.4935955674225119,0.5395631497514227,Scientific & Technical Instruments,Technology,CGNX
2016Q4,2016,Q4,2017-02-16,2016-12-31,38253000.0,129322000.0,40237000.0,0.215,102662000.0,0.7938479145079723,1038604000.0,962599000.0,526344000.0,65773000.0,76005000.0,26984000.0,643825000.0,5462476820.0,5382835820.0,5.6055659729097025,8.002432609125325,0.0,0.0,0.03702136504537556,5.6055659729097025,0.03973928915363511,42.239346901532606,35.69966290225603,5.674716907040211,0.16866650981622355,0.9879928846723984,0.0011811491769405807,0.12451521465351569,7.27486962735469,0.03683116953140947,74.72812963418971,0.7938479145079723,-0.29508196721311475,1.004955835114821,0.5403732644939089,0.7425526976439978,-0.1088600123260679,-0.2873218444340941,-0.2620855340375587,0.8981177019740777,0.37082146129261817,0.5164257661809175,Scientific & Technical Instruments,Technology,CGNX
2016Q3,2016,Q3,2016-10-31,2016-10-02,53675000.0,147952000.0,54528000.0,0.305,115203000.0,0.7786511841678382,1020087000.0,943948000.0,530828000.0,69074000.0,76139000.0,27226000.0,640230000.0,4469558000.0,4408413000.0,5.522747484203136,7.684917624576541,0.0,0.0,0.05503149256723053,5.522747484203136,0.05686224241165827,30.209513896398832,20.81768979972054,4.73496209536966,0.11972054028877503,1.2028575626239624,0.0014377260570284578,0.14503860945193892,6.973405333410545,0.05261806100852182,85.61879585464438,0.7786511841678382,0.24489795918367346,1.9339026322897306,0.8214095499193236,0.7190917411081309,0.028038300568440404,0.25529128370635423,0.09769501761449421,1.6465550518547813,0.665473465746475,0.5127272692350223,Scientific & Technical Instruments,Technology,CGNX
2016Q2,2016,Q2,2016-08-01,2016-07-03,42759000.0,147274000.0,49675000.0,0.245,112061000.0,0.7609014489998235,964440000.0,886644000.0,485724000.0,69189000.0,77796000.0,25882000.0,603204000.0,3668111700.0,3613182700.0,5.208995734780923,7.020248883493041,0.0,0.0,0.04663654256234811,5.208995734780923,0.04822566892687482,24.906716053071147,21.446430576019083,4.137073842489206,0.14932528824341074,1.360520825283981,0.0017406776353075615,0.15270415992700428,6.305062943531486,0.04433557297499067,196.98790075720962,0.7609014489998235,1.8823529411764701,1.2016056979387288,0.7364953863536723,0.6136283593636942,0.489440036152425,1.872623446422573,2.03934165442976,1.6000105288178401,0.7411385402873701,0.4745147943189106,Scientific & Technical Instruments,Technology,CGNX
2016Q1,2016,Q1,2016-05-02,2016-04-03,14885000.0,96205000.0,16344000.0,0.085,75237000.0,0.7820487500649654,913637000.0,850719000.0,492930000.0,54305000.0,62918000.0,35620000.0,575548000.0,3238876590.0,3158962590.0,5.00758744098984,9.07706472700488,0.0,0.0,0.016259403289217815,5.00758744098984,0.01749696433252343,33.66640600800374,54.398330366140414,3.80722258466074,0.39973127309371853,0.5886580572711959,0.0018370567184839849,0.10529893163258493,8.190737501150906,0.016292028453313515,127.80162530087203,0.7820487500649654,-0.2272727272727272,0.06241133447323003,0.2586082741531969,0.6381716370804513,0.01168513339070568,-0.2059639389736477,-0.14643827031543766,-0.02703610896497483,0.2114096399949553,0.44552016084223317,Scientific & Technical Instruments,Technology,CGNX
2015Q4,2015,Q4,2016-02-10,2015-12-31,18746000.0,97768000.0,19148000.0,0.11,74368000.0,0.7606578839702152,887756000.0,825667000.0,451598000.0,54007000.0,62089000.0,37334000.0,566613000.0,2865384500.0000005,2813409500.0000005,4.865450795521508,8.36184198344659,0.0,0.0,0.02010401043887413,4.865450795521508,0.022704068347166595,29.307999549955,38.21327883281767,3.470387577558508,0.31606742771791313,0.6267745218835378,0.0020677853181658512,0.11012935986915323,7.245153406039957,0.021116162549168916,73.29473832301633,0.7606578839702152,-0.8151260504201681,-0.10740008470010953,0.08345235878004759,0.6416531457007865,-0.08490426736230743,-0.8199439065621639,-0.3277865543268387,0.1767666045081221,0.21330145399106704,0.47118492964209074,Scientific & Technical Instruments,Technology,CGNX
2015Q3,2015,Q3,2015-11-02,2015-10-04,104112000.0,107587000.0,28485000.0,0.595,81268000.0,0.7553700725924136,887400000.0,812793000.0,486135000.0,67822000.0,74607000.0,39841000.0,553792000.0,3143155260.0,3063592260.0,4.7089498626930695,7.167806906313586,0.0,0.0,0.03092482841063742,4.7089498626930695,0.12809165433265296,29.215009806017456,7.547533569617336,3.8671042442540724,0.05788958045182112,0.6606008885319143,0.0019174999328540963,0.12123844940274961,6.23925864763646,0.11732251521298175,50.76073157733241,0.7553700725924136,1.4285714285714286,4.2826952015463835,0.3208418083997284,0.7186218375688282,-0.28285136911958064,1.3816626252459165,-0.44986287612499515,4.814892236079616,0.3361040670679448,0.33511588338251286,Scientific & Technical Instruments,Technology,CGNX
2015Q2,2015,Q2,2015-08-03,2015-07-05,43714000.0,143829000.0,51778000.0,0.245,113321000.0,0.7878870047069785,878206000.0,793136000.0,490103000.0,80467000.0,85070000.0,39400000.0,546205000.0,4175960110.0,4114269110.0,4.547850319384397,6.090732847005604,0.0,0.0,0.05396627545256214,4.547850319384397,0.05511539004659983,29.03420109991726,23.882280905430754,5.265124909221117,0.0,0.7743147208121828,0.0,0.16377592501076058,4.741459231734749,0.04977647613430106,-611.683039402373,0.7878870047069785,1.1304347826086956,1.6654528423761532,0.8229656050150027,0.8280910156488414,0.325701918577445,1.1321822261242807,1.164903625036585,1.1734979666406684,0.6763488985893462,0.3176622038187794,Scientific & Technical Instruments,Technology,CGNX
2015Q1,2015,Q1,2015-05-04,2015-04-05,20502000.0,113434000.0,23917000.0,0.115,85480000.0,0.7535659502441948,838345000.0,767063000.0,309959000.0,66910000.0,71282000.0,48458000.0,544448000.0,4475287120.0,4439240120.0,4.420399013415702,4.63247646091765,0.0,0.0,0.02571199861002251,4.420399013415702,0.026727921956866647,39.452784174057165,54.57134816115501,5.834314938929397,0.0,0.5768706921457757,0.0,0.1353070633211864,3.5070094156329397,0.024455325671412127,-988.3584628975265,0.7535659502441948,-0.23333333333333328,1.1938349366234118,0.75895204693351,0.779437254946373,-0.021564946659951467,-0.2301453193646502,-0.23022207917605408,0.40864410003158835,0.4324055883383303,0.27838738572711585,Scientific & Technical Instruments,Technology,CGNX
2014Q4,2014,Q4,2015-02-12,2014-12-31,26631000.0,117183000.0,31070000.0,0.15,87364000.0,0.7455347618681891,821734000.0,736437000.0,264606000.0,80674000.0,85297000.0,35536000.0,523946000.0,3587898630.0,3532204630.0,4.241611086152677,3.279941492922131,0.0,0.0,0.035027804964903,4.241611086152677,0.03616195275359603,30.617910703771024,33.68159879463783,4.87196953710908,0.0,0.8391208914903197,0.0,0.14260454112888113,2.4430175769144955,0.032408297575614496,44.2257032800424,0.7455347618681891,-0.47368421052631576,52.033093529079736,1.0881909863172046,0.7065460577121185,-0.3012501099744859,-0.47160714285714284,-0.47718247290839333,0.38053673667953736,0.38050935876657577,0.3185521098586661,Scientific & Technical Instruments,Technology,CGNX
2014Q3,2014,Q3,2014-10-27,2014-09-28,50400000.0,169356000.0,59428000.0,0.285,125029000.0,0.7382614138264957,816402000.0,733952000.0,257749000.0,78508000.0,82450000.0,31210000.0,521845000.0,3574179300.0,3536000300.0,4.2199096167335535,3.283092168950935,0.0,0.0,0.06676616575924868,4.2199096167335535,0.06866934077432857,21.104533054630483,17.72906398809524,4.869772546433555,0.0,1.4202819609099648,0.0,0.20744192199431163,2.5625159219442604,0.061734292664643156,129.77195918960135,0.7382614138264957,0.9655172413793103,9.213900339696854,2.751504146337571,0.639596935921691,0.5061557365200212,0.9423462309233852,0.9343792721828006,1.7072761368350515,1.0488762663038504,0.313551233529945,Scientific & Technical Instruments,Technology,CGNX
2014Q2,2014,Q2,2014-07-28,2014-06-29,25948000.0,108802000.0,30722000.0,0.145,83012000.0,0.7629639161044833,760456000.0,682507000.0,268256000.0,74146000.0,77949000.0,30737000.0,479581000.0,3332428800.0,3292256800.0,3.932307390933604,3.617942977368975,0.0,0.0,0.0372546951189981,3.932307390933604,0.03801865768409701,30.62837815481333,32.10679821180823,4.88262948218846,0.0,0.8390539089696457,0.0,0.14307468150688535,2.6114557764410757,0.034121632283787624,287.5014062634803,0.7629639161044833,0.38095238095238093,4.694415693074939,1.427176522346939,0.565477699812401,0.18851743145536545,0.4021398465362585,0.36889007708416877,0.31024200151051,0.2581141797151859,0.21813935868250164,Scientific & Technical Instruments,Technology,CGNX
2014Q1,2014,Q1,2014-04-30,2014-03-30,18506000.0,90929000.0,22443000.0,0.105,69845000.0,0.7681267802351285,717517000.0,661048000.0,189881000.0,52530000.0,56469000.0,28434000.0,466350000.0,2941722940.0,2899259940.0,3.8044176383245665,3.614715400723396,0.0,0.0,0.02749991110751303,3.8044176383245665,0.027994941365831225,32.351867281065445,39.740124013833345,4.450089766552504,0.0,0.741506646971935,0.0,0.126727310990541,2.592556634304207,0.0257917234016755,199.08790877097996,0.7681267802351285,-0.0869565217391305,5.954174678984379,0.9629474606258889,0.5226732484621859,-0.05020601873886615,-0.09475125959986304,-0.09631568351117374,0.2914250196907688,0.16307611013937642,0.24456919507729552,Scientific & Technical Instruments,Technology,CGNX
2013Q4,2013,Q4,2014-02-13,2013-12-31,20443000.0,95696000.0,24835000.0,0.115,73537000.0,0.7684438221033272,709699000.0,643912000.0,332051000.0,61022000.0,65787000.0,25694000.0,462131000.0,3325325280.0,3284681280.0,3.6965647102048313,5.4414965094556065,0.0,0.0,0.031717475999216704,3.6965647102048313,0.03174812707326467,34.748843002842335,40.665818128454724,5.1642542459218035,0.0,0.8624192418463454,0.0,0.13484026326653975,4.563616400642391,0.028805169515527005,114.69802980132451,0.7684438221033272,0.0,9.72663904098928,0.757664315715505,0.4837267541050925,0.059000576036866356,-0.013701934674579051,0.06227811283630608,-0.051698376704393575,0.03314317278326255,0.2472589570487726,Scientific & Technical Instruments,Technology,CGNX
2013Q3,2013,Q3,2013-10-28,2013-09-29,20727000.0,90788000.0,23379000.0,0.115,69440000.0,0.7648587919108252,692750000.0,637724000.0,319067000.0,50636000.0,55026000.0,27625000.0,461538000.0,2732837310.0,2702391310.0,3.650854715533725,6.301188877478474,0.0,0.0,0.03205049182799235,3.650854715533725,0.0325015210341778,30.1013053487245,32.96228723404255,4.285297887487377,0.0,0.7727782805429865,0.0,0.1310544929628293,5.250217236748559,0.029919884518224468,148.37861385601042,0.7648587919108252,0.21052631578947373,0.7316389395524208,0.35891567376961736,0.37095945455817125,0.06242350061199511,0.23228299643281808,0.15892529618797402,0.03922333323682068,0.101379873507048,0.3324496592365527,Scientific & Technical Instruments,Technology,CGNX
2013Q2,2013,Q2,2013-07-29,2013-06-30,16820000.0,86510000.0,20173000.0,0.095,65360000.0,0.755519593110623,670376000.0,614998000.0,277179000.0,49123000.0,55378000.0,26653000.0,456978000.0,2014633380.0,1966759380.0,3.5326846192730113,5.6425503328379785,0.0,0.0,0.02656867686707146,3.5326846192730113,0.027349682437991667,23.287867067391055,29.944015755053506,3.275837287275731,0.0,0.7935316849885566,0.0,0.1290469825888755,4.649105307086294,0.02509039703091996,113.289848731935,0.755519593110623,0.0857142857142858,1.8673935057949425,0.24266848600554525,0.2717943598151861,0.06330020010086385,0.07938137714175704,0.1219064568155275,0.027422591609358764,0.09842646965184375,0.42002672913122896,Scientific & Technical Instruments,Technology,CGNX
2013Q1,2013,Q1,2013-04-29,2013-03-31,15583000.0,80892000.0,17981000.0,0.0875,61469000.0,0.7598897295158977,652528000.0,599461000.0,257099000.0,47112000.0,53067000.0,26057000.0,452049000.0,1778892320.0,1736135320.0,3.4642114144379463,5.457187128544745,0.0,0.0,0.02519357700084246,3.4642114144379463,0.02599501885860798,21.99095485338476,28.538989924918177,2.9674863252154853,0.0,0.7454043059446598,0.0,0.12396709413235907,4.477585328578706,0.02388096756001275,105.37213126406824,0.7598897295158977,-0.06788044816547655,0.8266738481572952,0.3279380952137603,0.2789643388673192,-0.005130612112776357,-0.04069194779610933,-0.12343391995320041,0.6721368031230528,0.2578514131330788,0.39452271868508926,Scientific & Technical Instruments,Technology,CGNX
2012Q4,2012,Q4,2013-02-11,2012-12-31,16244000.0,82168000.0,20513000.0,0.09387207877765193,61786000.0,0.7519472300652322,627605000.0,572285000.0,239597000.0,50104000.0,55320000.0,26182000.0,436466000.0,1591589494.3999999,1546429494.3999999,3.307164651764869,4.781993453616478,0.0,0.0,0.027152135945168427,3.307164651764869,0.028384458792384912,19.369943218771297,24.495036542723465,2.781113421459587,3.2323934991381433,0.7784737605988847,0.032990290640108916,0.13092311246723656,3.8450423119910586,0.025882521649763783,66.13710760024932,0.7519472300652322,-0.08417484119363969,0.45961182523390626,0.2539564261031567,0.19758148148885804,0.020075945187386496,-0.08767200224655995,-0.05916616979314773,31.45642462312279,0.4691174931322485,0.33058611080569467,Scientific & Technical Instruments,Technology,CGNX
2012Q3,2012,Q3,2012-10-29,2012-09-30,17805000.0,80076000.0,21803000.0,0.1025,60570000.0,0.7564064139067885,662115000.0,605402000.0,250226000.0,51823000.0,56713000.0,24995000.0,472729000.0,1505782080.0000002,1451624080.0000002,3.5269971103653988,4.828473843660151,0.0,0.0,0.029033360964933533,3.5269971103653988,0.029410210075288816,18.804411808781662,21.142685762426286,2.4872433193151,0.2651502386969952,0.7803960792158432,0.003135247830814934,0.12093971591037811,3.8745151766590125,0.026891098978274165,46.589792079207925,0.7564064139067885,-0.08888888888888896,1.4458912801337833,0.4754571786254065,0.3226592470887399,-0.05028458535208617,-0.09925633631810593,-0.06625267665952891,2.6561905271361526,0.7973513228920592,0.3703738184885625,Scientific & Technical Instruments,Technology,CGNX
2012Q2,2012,Q2,2012-07-30,2012-07-01,19767000.0,84326000.0,23350000.0,0.1125,63777000.0,0.7563147783601736,646746000.0,591593000.0,369875000.0,50087000.0,55153000.0,25113000.0,459645000.0,1373803060.0,1167811060.0,3.4514538750554244,7.384650707768483,0.0,0.0,0.03118046594881108,3.4514538750554244,0.03341317426000646,16.29157152005313,17.37495649314514,2.3222097962619572,0.2384782718672535,0.8182614582088958,0.003431350633328768,0.13038503523794504,6.275480663645257,0.030563776196528468,56.07130566099343,0.7563147783601736,0.3636363636363636,4.2864028993532965,0.5765901147766318,0.3486165968243025,0.0873983393292527,0.3840498529617701,0.3161603066343498,3.8498455989160694,0.904867103723779,0.3740467201999559,Scientific & Technical Instruments,Technology,CGNX
2012Q1,2012,Q1,2012-04-30,2012-04-01,14282000.0,77709000.0,17741000.0,0.0825,58651000.0,0.7547517018620752,637981000.0,588793000.0,302910000.0,44257000.0,49188000.0,27807000.0,444592000.0,1852220700.0,1810661700.0,3.457793046746535,6.844341008202092,0.0,0.0,0.02380422816890112,3.457793046746535,0.024256402504785213,23.83534339651778,32.42229204593194,3.1457926639752847,0.2990477524156281,0.6853669939223936,0.0023058807192900934,0.12180456784763183,5.566644824547529,0.02238624661235993,178.66506221664898,0.7547517018620752,-0.25746112361903767,2.2162592686352753,0.5926411474936621,0.29918782559067786,-0.06663165600432859,-0.2522121577045919,-0.17698088699202078,4.90147612660741,0.7118225716005228,0.38394084759795366,Scientific & Technical Instruments,Technology,CGNX
2011Q4,2011,Q4,2012-02-09,2011-12-31,19099000.0,84042000.0,21556000.0,0.11110529377545085,62838000.0,0.7476975797815378,611881000.0,552980000.0,285346000.0,54105000.0,58901000.0,28098000.0,434581000.0,1538075250.0,1499972250.0,3.216870273414776,5.273930320672766,0.0,0.0,0.03432810855649106,3.216870273414776,0.03453831964989692,18.301269008352968,20.132929080056545,2.781430160222793,0.22079690036127547,0.7546444586803331,0.002741738416244589,0.13735023640217625,4.264670548008502,0.03121358564818976,71.70848291295631,0.7476975797815378,0.05814565500429385,1.1356062254365988,0.5319805446265374,0.2403127549918318,0.027906824576326636,0.05887897100404724,-0.03720577069096431,9.15504835058972,0.5641948748848504,0.2911870515818432,Scientific & Technical Instruments,Technology,CGNX
2011Q3,2011,Q3,2011-11-01,2011-10-02,18037000.0,80085000.0,22389000.0,0.105,61132000.0,0.7633389523631142,598507000.0,541361000.0,274339000.0,52855000.0,57146000.0,28595000.0,419699000.0,1064153280.0000001,1033978280.0000001,3.212596135586783,5.190407719231861,0.0,0.0,0.032547405244567486,3.212596135586783,0.03331787845818225,13.28779771492789,14.749588068969341,1.9656999303607021,0.21073349226589788,0.6628081832488197,0.003571853859248547,0.1338079588041577,4.132267524359095,0.030136656714123643,86.01998868321074,0.7633389523631142,-0.06666666666666672,0.8971642885746007,0.4690453581882436,0.2356032963609008,-0.045021401568406914,-0.055506100434623236,-0.0687546793112054,0.562041539150964,0.24257501392289144,0.20638573400910226,Scientific & Technical Instruments,Technology,CGNX
2011Q2,2011,Q2,2011-08-01,2011-07-03,19097000.0,83393000.0,24042000.0,0.1125,64014000.0,0.7676183852361709,602657000.0,540285000.0,342301000.0,56678000.0,62372000.0,27004000.0,405463000.0,1505893580.0,1463217580.0,3.228126045600115,6.039398002752391,0.0,0.0,0.0342644399921725,3.228126045600115,0.03534615989709135,18.057793579796865,19.713745352673193,2.787220781624513,0.1979368487196942,0.7176344245296993,0.002510137535748044,0.1383755602274594,5.066657256783937,0.03168800827004416,59.6440739860583,0.7676183852361709,0.40625,0.8493801807723379,0.463991188079578,0.26241149133518404,0.14288264805127565,0.40048401290701086,0.3842699216950714,2.386279982973695,0.24599121356037898,0.1621508682571265,Scientific & Technical Instruments,Technology,CGNX
2011Q1,2011,Q1,2011-05-02,2011-04-03,13636000.0,74394000.0,17368000.0,0.08,56011000.0,0.7528967389843267,564650000.0,505426000.0,303623000.0,53696000.0,59224000.0,27262000.0,390146000.0,1173529040.0,1136515040.0,3.0568148829107797,5.6544807806913,0.0,0.0,0.026459716461159105,3.0568148829107797,0.026979221488407798,15.774511923004543,21.51527280727486,2.3218612418039437,0.24317981812848344,0.6743085613674712,0.00282566505554903,0.13175241299920304,4.646156138259833,0.024149473124944656,61.10220972612725,0.7528967389843267,-0.35357215138635906,0.7589455152453506,0.43034113357753484,0.15655937891836222,-0.08032445035548332,-0.3100586925723538,-0.24305949008498584,0.6728809617192837,0.2781395473828587,0.1285561872660928,Scientific & Technical Instruments,Technology,CGNX
2010Q4,2010,Q4,2011-02-10,2010-12-31,19764000.0,84920000.0,22945000.0,0.12375704445835943,60903000.0,0.7171808761187,533104000.0,473311000.0,279005000.0,54432000.0,59793000.0,22717000.0,379826000.0,1174593500.0,1141390500.0,2.9637507827175953,5.125753233392122,0.0,0.0,0.04167879179793781,2.9637507827175953,0.041756899797384804,13.831765190767781,14.857740082979154,2.481652655442194,0.16530054644808742,1.0572258660914733,0.0027813877737276767,0.15929349620336744,4.168999853027631,0.03707344157987935,43.42304990757856,0.7171808761187,0.10006261740763936,1.0422545464234803,0.6953163253974365,0.13454580712140612,0.0860021398002853,0.08922568200606228,0.030078563411896745,0.9242915241632413,0.4042400136038359,0.07322538393623619,Scientific & Technical Instruments,Technology,CGNX
2010Q3,2010,Q3,2010-11-01,2010-10-03,18145000.0,74993000.0,22275000.0,0.1125,56080000.0,0.7478031282919739,499738000.0,435423000.0,257389000.0,59361000.0,64315000.0,23867000.0,363329000.0,1032556709.9999999,994343709.9999999,2.739956958393113,4.335995013561092,0.0,0.0,0.04101477987949598,2.739956958393113,0.04167212113278352,13.768707879402076,14.22646335078534,2.371387616180128,0.13127583356296502,0.7924330665772824,0.0023068950856946152,0.15006463386814692,3.3512070214450564,0.0363090259295871,42.32657142857143,0.7478031282919739,0.1842105263157895,0.9740552776465974,0.5206604129651003,0.026561739831570202,0.056239876445549404,0.2155825015073357,0.15768411205238814,1.692298849833593,0.49250600988654025,0.027511306145736394,Scientific & Technical Instruments,Technology,CGNX
2010Q2,2010,Q2,2010-08-02,2010-07-04,14927000.0,71811000.0,19241000.0,0.095,53094000.0,0.7393574800518027,454469000.0,394887000.0,228165000.0,54674000.0,59582000.0,20100000.0,347566000.0,679769790.0,641827790.0,2.487759241992793,4.1731901818048796,0.0,0.0,0.03751988775109532,2.487759241992793,0.037800687285223365,9.466095584241968,11.38490302806994,1.7214286365466576,0.15957660614992966,0.9311940298507463,0.003504127478215824,0.15801077741276082,3.228024289424589,0.03284492451630364,65.26207661290323,0.7393574800518027,0.7272727272727273,1.2321485012312319,0.5339797414868862,-0.026523277107526357,0.23399804769209315,0.7468695143358689,0.7100071098471383,3.3107068974984473,0.4497887920441082,-0.027936190339310024,Scientific & Technical Instruments,Technology,CGNX
2010Q1,2010,Q1,2010-05-03,2010-04-04,8545000.0,58967000.0,11252000.0,0.055,43026000.0,0.7296623535197653,443193000.0,394156000.0,247720000.0,42197000.0,49037000.0,17877000.0,335021000.0,752879660.0,638215660.0,2.484155595331132,5.870559518449179,0.0,0.0,0.021980062759079915,2.484155595331132,0.021679233602938938,12.767813522817848,22.02690637799883,1.9101057956748089,0.2320655354008192,0.8917044246797561,0.0026338870676888785,0.13305038662614255,4.8277365689503995,0.019280539178190993,87.23982155272306,0.7296623535197653,18.016339869281047,0.8813501651341867,0.5910612505667858,-0.015023281669930126,0.215938957185248,17.616557734204793,13.883597883597883,1.065134695096114,0.2969700247739205,-0.06663450857365776,Scientific & Technical Instruments,Technology,CGNX
2009Q4,2009,Q4,2010-02-11,2009-12-31,459000.0,51294000.0,756000.0,0.002892249527410208,35385000.0,0.689846765703591,439869000.0,394448000.0,249354000.0,38680000.0,45421000.0,16832000.0,328459000.0,702644250.0,582813250.0,2.485494643982357,6.446587383660806,0.0,0.0,0.0018757367181857316,2.485494643982357,0.0011636514825781852,13.698371154520997,382.70383986928107,1.781335562609013,4.3202614379084965,0.9451639733840305,0.0028221962963476893,0.116611991297409,5.335005170630817,0.0010434924943562743,64.42140368570642,0.689846765703591,-0.894827289912356,-0.9191615386453831,0.20260408915871492,-0.002702302714687386,0.2143102264927934,-0.8980226616307487,-0.1409090909090909,-0.9444067344915471,0.012796958306565033,-0.04168012777128509,Scientific & Technical Instruments,Technology,CGNX
2009Q3,2009,Q3,2009-11-02,2009-10-04,4501000.0,41178000.0,880000.0,0.0275,29140000.0,0.7076594297926077,446897000.0,408320000.0,254126000.0,32250000.0,38577000.0,20925000.0,329983000.0,631815660.0,504653660.0,2.573748172053855,7.879875968992248,0.0,0.0,0.008494247841053204,2.573748172053855,0.011023217084639499,15.343524697654088,35.093071539657856,1.5473541829937305,0.4405687624972228,0.5752927120669056,0.0031385736782782495,0.09214203720320342,6.4475968992248065,0.010071671996008029,301.72667621776503,0.7076594297926077,1.6875,-0.5625391313354604,-0.15820973372401684,0.011634445787185733,0.12111418898122499,1.7011995637949837,1.112044817927171,-0.49714140188427725,-0.1976839019479275,-0.010105350571327746,Scientific & Technical Instruments,Technology,CGNX
2009Q2,2009,Q2,2009-08-05,2009-07-05,-6419000.0,40968000.0,-7854000.0,-0.04,25992000.0,0.6344463971880492,444352000.0,398446000.0,251770000.0,35687000.0,45906000.0,22378000.0,327465000.0,554787440.0,429333440.0,2.511889751866048,7.054949981786085,0.0,0.0,-0.01616153132233839,2.511889751866048,-0.016110087690678284,13.541970318297208,-21.60723788752142,1.3923779884852652,-0.3089266240847484,0.6692287067655733,0.003574341913724651,0.09219717701281867,5.709277888306667,-0.014445754716981132,-111.82976012900625,0.6344463971880492,-0.7777777777777779,-1.6678392508909958,-0.14873470811284512,0.009199156317559541,-0.0982201713909031,-0.8824046920821115,-0.21767441860465117,-1.6558914293676008,-0.24114787048120456,-0.01768442652824572,Scientific & Technical Instruments,Technology,CGNX
2009Q1,2009,Q1,2009-05-06,2009-04-05,-3410000.0,42287000.0,-6450000.0,-0.0225,28823000.0,0.6816042755456759,445695000.0,396314000.0,248280000.0,39318000.0,49381000.0,24395000.0,335867000.0,552394150.0,429374150.0,2.4985121674442063,6.314665038913475,0.0,0.0,-0.013347200804620932,2.4985121674442063,-0.008604288518699819,13.06297798377752,-40.49810483870967,1.3938295139712449,-1.7442815249266863,0.5519163763066202,0.010767673770621938,0.09487878481921494,5.02083015412788,-0.007650972077317448,-451.6714227309894,0.6816042755456759,-3.056504961411246,-1.4467913600020206,-0.014586745618366257,0.06802560828651143,-0.21852886153512457,-2.8798235942668136,-3.001240694789082,-1.4585115370066826,-0.15250120791146116,-0.05467691329492122,Scientific & Technical Instruments,Technology,CGNX
2008Q4,2008,Q4,2009-02-17,2008-12-31,1814000.0,51822000.0,-1612000.0,0.010940892641737032,36883000.0,0.7117247501061326,474047000.0,413075000.0,264424000.0,51050000.0,60972000.0,25063000.0,345225000.0,613460000.0,486322000.0,2.4914053075995173,5.179706170421156,0.0,0.0,-0.0037140736570009983,2.4914053075995173,0.004391454336379592,11.837829493265408,84.545203969129,1.4851056103613147,3.2739801543550167,0.5960579340063041,0.009681152805398885,0.10931827434832411,4.117668952007835,0.0038266247861498967,33.29317269076305,0.7117247501061326,-0.8379127016038959,-0.6694908364236065,0.2882931446972368,0.11702118203236382,-0.19553742802303262,-0.8399364687196682,-1.2018279704519845,-0.8194519929163565,-0.00350455338261108,-0.046271548181523715,Scientific & Technical Instruments,Technology,CGNX
2008Q3,2008,Q3,2008-10-30,2008-09-28,11333000.0,63256000.0,7987000.0,0.0675,45848000.0,0.7248008094093841,501529000.0,440427000.0,284666000.0,51446000.0,61102000.0,26563000.0,349350000.0,848026970.0000001,722932970.0000001,2.6629924782934675,5.533297049333282,0.0,0.0,0.020260277873511038,2.6629924782934675,0.025731846594327777,13.406269286707982,18.707027486102536,1.9254654460330545,0.5408100238242302,0.6553476640439709,0.007227364478750009,0.1261263057569951,4.536523733623605,0.022596898683824862,84.70951653181501,0.7248008094093841,1.076923076923077,1.3020660392086671,0.7057401182200557,0.20936006478270083,-0.046105193075898804,1.0047762250132672,-0.2553608055192989,0.18470673000682494,0.23247145176619521,-0.0022740381737384333,Scientific & Technical Instruments,Technology,CGNX
2008Q2,2008,Q2,2008-07-28,2008-06-29,5653000.0,67089000.0,10726000.0,0.0325,48064000.0,0.7164214699876283,534310000.0,466012000.0,304239000.0,48828000.0,68298000.0,28815000.0,344146000.0,966763100.0,835400100.0,2.7777168470745317,6.230830670926518,0.0,0.0,0.01699715359042298,2.7777168470745317,0.012130588911873514,14.410158148131586,42.75442685299841,2.074545505265959,0.6288696267468601,0.6602463994447336,0.0036772193725639712,0.12556193969792817,5.090112230687311,0.010580000374314537,77.29776125369793,0.7164214699876283,-0.35000000000000003,0.7428217063964374,0.8671795591833635,0.31143225933397384,0.10636926547429966,-0.33297935103244836,0.3719621386543873,-0.20019355789252305,0.35592394185118925,0.0869390605689339,Scientific & Technical Instruments,Technology,CGNX
2008Q1,2008,Q1,2008-04-28,2008-03-30,8475000.0,60517000.0,7818000.0,0.05,43443000.0,0.7178644017383545,532163000.0,465642000.0,307542000.0,47009000.0,66521000.0,28128000.0,342048000.0,938209739.9999999,798745739.9999999,2.708606729024152,6.542194047948265,0.0,0.0,0.012628052789886862,2.708606729024152,0.018200677773912148,15.503242725184657,27.675803539823008,2.014873529449663,0.43162241887905606,0.6070108077360638,0.003898914969695369,0.1137189169483786,5.46580442043013,0.015925571676347283,78.30813287705533,0.7178644017383545,-0.22255273120605737,3.692401282260211,0.8267354395559521,0.29724886008356577,-0.09223311114361535,-0.23607355327203894,-0.3036430034737686,0.7221874905889684,0.5070873029548563,0.07397240825622575,Scientific & Technical Instruments,Technology,CGNX
2007Q4,2007,Q4,2008-02-14,2007-12-31,11094000.0,65321000.0,11227000.0,0.06431304347826088,47857000.0,0.7326434071738032,539546000.0,476365000.0,307679000.0,43873000.0,63181000.0,27459000.0,337231000.0,868968749.9999999,764824749.9999999,2.761536231884058,7.012946459097851,0.0,0.0,0.01907939895019719,2.761536231884058,0.023288864631112696,13.303053382526292,19.58195308274743,1.8241658182276193,0.33198125112673516,0.6360027677628465,0.004238357248174921,0.12106660043814614,5.840630911950402,0.020561731529841757,77.9483988159311,0.7326434071738032,0.5132480818414322,24.886606726825267,0.9103655844548091,0.3293885238583463,0.1926383731652005,0.5108266376140542,0.5768258426966292,0.7975515011910063,0.4089538263988283,0.10805860382593524,Scientific & Technical Instruments,Technology,CGNX
2007Q3,2007,Q3,2007-11-01,2007-09-30,7343000.0,54745000.0,7120000.0,0.0425,40127000.0,0.7329801808384327,538931000.0,461705000.0,289417000.0,59313000.0,77226000.0,30048000.0,329820000.0,780879440.0,673536440.0,2.66659543501363,4.879486790416941,0.0,0.0,0.012105746589025542,2.66659543501363,0.01590409460586305,14.263940816512923,26.585845022470377,1.6912951776567289,0.5012937491488493,0.48648828541001066,0.004713915889500177,0.10158072183637608,3.9595704145802775,0.01362512084107242,45.23690418259761,0.7329801808384327,0.8888888888888891,8.407044430625879,0.7209943989501959,0.30273639813880787,0.09156442969451321,0.9187353018029788,0.71648987463838,-0.3460705727212218,0.02544002673012872,0.048128882355241646,Scientific & Technical Instruments,Technology,CGNX
2007Q2,2007,Q2,2007-08-15,2007-07-01,3827000.0,54742000.0,4148000.0,0.0225,36761000.0,0.6715319133389354,512302000.0,448965000.0,252814000.0,50239000.0,63337000.0,32658000.0,326158000.0,987659640.0,908894640.0,2.559255079006772,5.032225959911623,0.0,0.0,0.006135304251236382,2.559255079006772,0.00852404975888989,18.04208176537211,64.51918212699242,2.199858875413451,0.9814476090932845,0.5505848490415824,0.0038029295193230737,0.10685494103087632,3.904178029021278,0.0074702031223770355,94.72136184904575,0.6715319133389354,-0.10000000000000009,1.8180151048865287,1.067233354284423,0.1985582551846346,0.006929987947847047,-0.17432578209277239,-0.09904430929626412,-0.6399747075335596,0.028515424433826105,0.028229071206783113,Scientific & Technical Instruments,Technology,CGNX
2007Q1,2007,Q1,2007-05-10,2007-04-01,4635000.0,50929000.0,4604000.0,0.025,36508000.0,0.7168410925013253,534077000.0,473045000.0,302790000.0,48289000.0,61032000.0,32724000.0,326087000.0,957552700.0,865886700.0,2.66150357834091,6.270372134440556,0.0,0.0,0.007201630716525597,2.66150357834091,0.00979822215645446,18.80171807810874,51.64793419633226,2.024231732710419,0.8151024811218986,0.44068573524019067,0.003945474750371442,0.09535890892137276,5.077160429911574,0.00867852388326028,191.47224555088982,0.7168410925013253,-0.5194634402945818,2.8201204515203933,1.3139725635111026,0.23512125300237638,-0.13307370820668693,-0.5123619147816938,-0.5298682732564076,-0.4580207380600905,0.059154256977101694,0.13769867333565972,Scientific & Technical Instruments,Technology,CGNX
