Quarters,Year,Quarter,FillingDate,Date,NetIncome,Revenue,OperatingIncome,EPSDiluted,GrossProfit,GrossProfitRatio,TotalAssets,CommonStockEquity,CurrentAssets,CurrentLiability,TotalLiability,Inventory,RetainedEarnings,MarketCap,EnterpriseValue,bookValuePerShare,currentRatio,debtToAssets,debtToEquity,roic,shareholdersEquityPerShare,roe,priceToSalesRatio,peRatio,pbRatio,payoutRatio,inventoryTurnover,dividendYield,assetTurnover,quickRatio,returnOnAssets,priceToFreeCashFlowsRatio,grossProfitMargin,epsdilutedGrowth,fiveYNetIncomeGrowthPerShare,fiveYRevenueGrowthPerShare,fiveYShareholdersEquityGrowthPerShare,grossProfitGrowth,netIncomeGrowth,operatingIncomeGrowth,threeYNetIncomeGrowthPerShare,threeYRevenueGrowthPerShare,threeYShareholdersEquityGrowthPerShare,Industry,Sector,Symbol
2023Q2,2023,Q2,2023-05-03,2023-03-31,805000.0,99417000.0,5951000.0,0.11,21179000.0,0.2130319764,362576000.0,101940000.0,70671000.0,79064000.0,260636000.0,-1156000.0,3342000.0,157815730.0,374370730.0,7.408968675049059,0.8938454922594354,0.5976457349631525,2.125681773592309,0.011900423940376234,7.408968675049059,0.00789680204041593,1.5874119114437168,49.011096273291926,1.5481237002158132,0.0,-67.67993079584775,0.0,0.27419630642954856,0.8640342001416574,0.0022202241736904815,-132.6182605042017,0.21303197642254343,0.0,-0.4737467777377438,1.486247523228618,1.4634820844538123,0.36797571373207594,-0.4796380090497738,0.5177250701351696,0.0,0.0,0.0,Specialty Business Services,Industrials,DLHC
2023Q1,2023,Q1,2023-02-08,2022-12-31,1547000.0,72738000.0,3921000.0,0.11,15482000.0,0.2128461052,367328000.0,100509000.0,69791000.0,81135000.0,266819000.0,0.0,2537000.0,157875690.0,372558690.0,7.553660003006162,0.8601836445430455,0.5881582672706682,2.14952889790964,0.008578592244480033,7.553660003006162,0.015391656468574953,2.1704705930875194,25.513201357466066,1.5707617228307913,0.0,0.0,0.0,0.19801920899033018,0.8201392740494238,0.004211494903737259,20.803227039135592,0.21284610519948308,1.0791366906474822,1.4827110325377828,1.1415730130268622,1.6228416971423862,-0.003219160442956477,-0.5505520046484602,-0.16414410573438498,-0.09388055959591449,0.2649744296340445,0.9368030314852046,Specialty Business Services,Industrials,DLHC
2022Q4,2022,Q4,2022-12-05,2022-09-30,3442000.0,67233000.0,4691000.0,-1.39,15532000.0,0.2310175063,169012000.0,92060000.0,43602000.0,38541000.0,76952000.0,0.0,990000.0,159264600.0,198148600.0,7.092449922958398,1.131314703821904,0.2314155207914231,0.4248533565066261,0.02556659289062209,7.092449922958398,0.03738865956984575,2.3688456561509974,11.567736780941312,1.7300086899847924,0.0,0.0,0.0,0.3978001562019265,1.0566409797358658,0.02036541784015336,29.63613695571269,0.23101750628411644,-5.088235294117647,0.0,0.0,0.0,-0.07393274505127594,-0.2923519736842105,-0.34059600787180205,1.0350571760858145,0.14888603413752186,0.8704233651689456,Specialty Business Services,Industrials,DLHC
2022Q3,2022,Q3,2022-08-02,2022-06-30,4864000.0,66440000.0,7114000.0,0.34,16772000.0,0.2524382902,183136000.0,87668000.0,55814000.0,50482000.0,95468000.0,0.0,-2452000.0,195254880.0,240232880.0,6.84264751795192,1.1056218057921636,0.25138694740520706,0.525140302048638,0.03426503603874166,6.84264751795192,0.05548204590044258,2.9388151715833835,10.035715460526315,2.227208103298809,0.0,0.0,0.0,0.3627904944958938,1.038350303078325,0.02655949676742967,19.72072315927684,0.25243829018663455,-0.38181818181818183,0.0,0.0,0.0,-0.1558284678880612,-0.32237392031206463,-0.30622196216110786,0.0,0.0,0.0,Specialty Business Services,Industrials,DLHC
2022Q2,2022,Q2,2022-05-04,2022-03-31,7178000.0,108699000.0,10254000.0,0.55,19868000.0,0.1827799704,195754000.0,82361000.0,66110000.0,58997000.0,113393000.0,0.0,-7316000.0,0.0,55077000.0,0.0,1.1205654524806345,0.2831921697640917,0.6730855623413995,0.04814848186807957,0.0,0.08715290003763917,0.0,0.0,0.0,0.0,0.0,,0.555283672364294,1.0790040171534145,0.03666847165319738,0.0,0.1827799703769124,0.0,0.0,0.0,0.0,-0.01227939348744718,-0.08021527421834956,-0.07354535598120708,-1.0,-1.0,-1.0,Specialty Business Services,Industrials,DLHC
2022Q1,2022,Q1,2022-01-31,2021-12-31,7804000.0,152801000.0,11068000.0,0.55,20115000.0,0.1316418086,187993000.0,74112000.0,55961000.0,53699000.0,113881000.0,0.0,-14494000.0,264159280.0,321136280.0,5.813161816613068,1.0421236894541799,0.32553339752012045,0.8257502158894646,0.05262195008393174,5.813161816613068,0.10530008635578583,1.7287797854726081,8.462303946694004,3.564325345423143,0.0,0.0,0.0,0.8128015404828903,0.9695338833125384,0.04151218396429654,-16.35154936552151,0.1316418086269069,2.0377358490566038,20.161815644703193,4.141423376387176,0.9981350080671118,0.4726553920491983,1.7059639389736476,1.7470836435840158,3.3330583533410905,3.248060230630119,0.6822170975360942,Specialty Business Services,Industrials,DLHC
2021Q4,2021,Q4,2021-12-06,2021-09-30,2884000.0,65181000.0,4029000.0,-0.53,13659000.0,0.20955493165186173,197170000.0,65608000.0,61763000.0,66376000.0,131562000.0,0.0,-22298000.0,0.0,42220000.0,0.0,0.9305019886706039,0.33611097022873665,1.0101054749420801,0.023491946300143948,0.0,0.04395805389586636,0.0,0.0,0.0,0.0,0.0,,0.33058274585383174,0.8812371941665662,0.014626971648830958,0.0,0.20955493165186173,-3.5238095238095237,-1.0,-1.0,-1.0,0.03555724033358605,0.001388888888888889,-0.1842478234460417,-1.0,-1.0,-1.0,Specialty Business Services,Industrials,DLHC
2021Q3,2021,Q3,2021-08-04,2021-06-30,2880000.0,61555000.0,4939000.0,0.21,13190000.0,0.21427991227357648,178751000.0,62246000.0,40780000.0,45024000.0,116505000.0,0.0,-25182000.0,0.0,72928000.0,0.0,0.9057391613361763,0.4121207713523281,1.1834816695048678,0.022244895532961086,0.0,0.046268033287279506,0.0,0.0,0.0,0.0,0.0,,0.3443617098645602,0.8509239516702203,0.01611179797595538,0.0,0.21427991227357648,0.6153846153846153,-1.0,-1.0,-1.0,0.03175844806007509,0.12193221659524738,0.06904761904761905,-1.0,-1.0,-1.0,Specialty Business Services,Industrials,DLHC
2021Q2,2021,Q2,2021-05-05,2021-03-31,2567000.0,61506000.0,4620000.0,0.13,12784000.0,0.20784964068546158,186156000.0,58893000.0,45564000.0,48090000.0,127263000.0,0.0,-28062000.0,0.0,82532000.0,0.0,0.9474734872114785,0.4456047615977997,1.408520537245513,0.019940781182726675,0.0,0.04358752313517736,0.0,0.0,0.0,0.0,0.0,,0.33040030941790755,0.9070284882511956,0.01378950987343948,0.0,0.20784964068546158,0.0,-1.0,-1.0,-1.0,0.07909175318646071,0.4151047409040794,0.27097661623108665,-1.0,-1.0,-1.0,Specialty Business Services,Industrials,DLHC
2021Q1,2021,Q1,2021-02-02,2020-12-31,1814000.0,57852000.0,3635000.0,0.13,11847000.0,0.20478116573325036,191866000.0,55935000.0,48723000.0,55402000.0,135931000.0,0.0,-30629000.0,116481360.0,192971360.0,4.475516082573212,0.8794447853868091,0.40059207988908924,1.3740949316170554,0.016557783113403557,4.475516082573212,0.032430499687136856,2.0134370462559636,16.05310915104741,2.082441405202467,0.0,0.0,0.0,0.30152293788373136,0.8460344391899209,0.009454515130351391,-13.590171508575429,0.20478116573325036,1.2954545454545456,13.149881633475147,1.7144198644124382,0.8825499880370726,0.07807807807807808,0.33186490455212925,0.3472942920681987,1.602616741372411,0.8134137576524902,0.55402416748076,Specialty Business Services,Industrials,DLHC
2020Q4,2020,Q4,2020-12-07,2020-09-30,1362000.0,50690000.0,2698000.0,-0.44,10989000.0,0.2167883211678832,183562000.0,53437000.0,37397000.0,47961000.0,130125000.0,0.0,-32443000.0,0.0,67959000.0,0.0,0.7797377035508017,0.37761628223706434,1.2971536575780827,0.013098726610241716,0.0,0.02548795778206112,0.0,0.0,0.0,0.0,0.0,,0.2761464791187719,0.7352015178999604,0.007419836349571262,0.0,0.2167883211678832,-3.75,-1.0,-1.0,-1.0,-0.07218844984802432,-0.3587570621468927,-0.29,0.0,0.0,0.0,Specialty Business Services,Industrials,DLHC
2020Q3,2020,Q3,2020-08-05,2020-06-30,2124000.0,51459000.0,3800000.0,0.16,11844000.0,0.23016381973998717,151440000.0,51703000.0,34065000.0,35509000.0,99737000.0,0.0,-33805000.0,0.0,43652000.0,0.0,0.9593342532878989,0.29259112519809827,0.8570102315146123,0.022618037948596303,0.0,0.041080788348838555,0.0,0.0,0.0,0.0,0.0,,0.33979793977812994,0.8927314202033287,0.014025356576862123,0.0,0.23016381973998717,0.3333333333333334,-1.0,-1.0,-1.0,-0.0010963987517921903,0.023121387283236993,-0.009642950221527235,0.0,0.0,0.0,Specialty Business Services,Industrials,DLHC
2020Q2,2020,Q2,2020-05-06,2020-03-31,2076000.0,54798000.0,3837000.0,0.12,11857000.0,0.2163765100916092,159424000.0,49397000.0,39024000.0,36989000.0,110027000.0,0.0,-35929000.0,0.0,53097000.0,0.0,1.0550163562140096,0.3401056302689683,1.0976577524950908,0.02138970195510781,0.0,0.04202684373544952,0.0,0.0,0.0,0.0,0.0,,0.3437249096748294,1.0093811673740842,0.013021878763548775,0.0,0.2163765100916092,0.0,1.0,-1.0,-1.0,0.08799779776105708,0.33849129593810445,0.22744721689059502,0.0,0.0,0.0,Specialty Business Services,Industrials,DLHC
2020Q1,2020,Q1,2020-02-05,2019-12-31,1551000.0,52238000.0,3126000.0,0.12,10898000.0,0.2086220758834565,154140000.0,47144000.0,30289000.0,30651000.0,106996000.0,0.0,-38006000.0,50648720.00000001,107601720.0,3.900066181336863,0.988189618609507,0.37183729077462047,1.2157432547089768,0.017236643241811112,3.900066181336863,0.03289920244357713,0.9695761706037752,8.16388136686009,1.074340743254709,0.0,0.0,0.0,0.3388997015700013,0.9351407784411602,0.010062281043207473,-16.62794484569928,0.2086220758834565,0.014791422142389175,8.329989007847923,1.6850923309727726,1.6667708321432306,0.08373110580747813,-0.009578544061302681,-0.07896287566293458,3.435771165771994,0.8538106899980358,0.34055424853942373,Specialty Business Services,Industrials,DLHC
2019Q4,2019,Q4,2019-12-11,2019-09-30,1566000.0,54183000.0,3394000.0,0.1182509010045242,10056000.0,0.18559326726094902,129258000.0,45571000.0,26847000.0,29485000.0,83687000.0,0.0,-39555000.0,53600280.0,105439280.0,3.7918954900981863,0.9105307783618789,0.41489888440173917,1.1768229795264533,0.02429871626069783,3.7918954900981863,0.03436395953566961,0.9892453352527546,8.556877394636015,1.1761927541638322,0.0,0.0,0.0,0.41918488604186976,0.8586399864337799,0.01211530427517059,8.233529953917051,0.18559326726094902,0.9708483500754035,0.0,0.0,0.0,0.01340320467600524,0.950186799501868,1.008284023668639,-0.4559635201575517,0.6567693260993465,0.1892632947607793,Specialty Business Services,Industrials,DLHC
2019Q3,2019,Q3,2019-08-05,2019-06-30,803000.0,38700000.0,1690000.0,0.06,9923000.0,0.25640826873385014,135014000.0,43806000.0,32744000.0,28170000.0,91208000.0,0.0,-41121000.0,0.0,57626000.0,0.0,1.162371317003905,0.47129186602870815,1.4525635757658768,0.011197969425195712,0.0,0.018330822261790624,0.0,0.0,0.0,0.0,0.0,,0.28663694135422996,1.0970181043663472,0.005947531367117484,0.0,0.25640826873385014,-0.5384615384615385,-1.0,-1.0,-1.0,0.22900668813475353,-0.3652173913043478,-0.27343078245915736,-1.0,-1.0,-1.0,Specialty Business Services,Industrials,DLHC
2019Q2,2019,Q2,2019-05-07,2019-03-31,1265000.0,33756000.0,2326000.0,0.13,8074000.0,0.23918710747718924,59527000.0,42804000.0,16366000.0,16522000.0,16723000.0,0.0,-41924000.0,77759500.0,72298500.0,3.5780322661539747,0.9905580438203607,0.0,0.0,0.03857519950252717,3.5780322661539747,0.029553312774507054,2.3035756606232964,15.367490118577075,1.8166409681338194,0.0,0.0,0.0,0.5670704050262906,0.9459508534075778,0.021250860953852875,9.114933770952995,0.23918710747718924,0.0,4.096046990912335,0.8168343235998345,2.8996485288561398,0.036989468276393524,-0.2514792899408284,-0.09034024247164646,2.002214295264008,0.5943089594554272,0.4610196621099875,Specialty Business Services,Industrials,DLHC
2019Q1,2019,Q1,2019-02-13,2018-12-31,1690000.0,33752000.0,2557000.0,0.13,7786000.0,0.23068262621474284,63757000.0,41340000.0,19715000.0,15464000.0,22417000.0,0.0,-43189000.0,55627950.00000001,58020950.00000001,3.4556549360528295,1.2748965338851526,0.0,0.0,0.04392077585751281,3.4556549360528295,0.040880503144654086,1.6481378881251483,8.228986686390533,1.3456204644412193,0.0,0.0,0.0,0.5293850087049266,1.2301474392136575,0.02650689336072902,-31.678787015945336,0.23068262621474284,-0.14823410850345833,9.234256105447937,0.877768956735433,2.9468908681093398,-0.012430238457635717,-0.03813318155947638,-0.09261887863733144,12.825564643282302,0.6544687834695253,0.4535626815994324,Specialty Business Services,Industrials,DLHC
2018Q4,2018,Q4,2018-12-12,2018-09-30,1757000.0,32489000.0,2818000.0,0.15262409694709855,7884000.0,0.24266674874572933,62541000.0,39418000.0,17395000.0,15933000.0,23123000.0,0.0,-44879000.0,69503850.0,70148850.0,3.3177341974581265,1.0917592418251427,0.0,0.0,0.05018308031883886,3.3177341974581265,0.04457354508092749,2.139304072147496,9.889563175867956,1.7632515602009233,0.0,0.0,0.0,0.5194832190083305,1.0665913512834997,0.028093570617674805,11.582044659223463,0.24266674874572933,0.17403151497768113,136.67923575456615,0.8127679259079961,2.968153311708011,-0.05444950827536579,0.0885997521685254,0.07804131599081866,-0.8281726383635739,0.5408614531564211,0.3888088448234136,Specialty Business Services,Industrials,DLHC
2018Q3,2018,Q3,2018-08-06,2018-06-30,1614000.0,36131000.0,2614000.0,0.13,8338000.0,0.23077135977415517,66304000.0,37455000.0,19866000.0,19142000.0,28849000.0,0.0,-46636000.0,65206520.00000001,71751520.0,3.147743507857803,1.0378225890711525,0.19810267857142858,0.35068749165665464,0.03545741878486916,3.147743507857803,0.04309171005206248,1.8047250283689908,10.100142503097896,1.7409296489120278,0.0,0.0,0.0,0.544929416023166,1.0059032493992268,0.02434242277992278,16.244773293472846,0.23077135977415517,1.5416666666666667,0.0,0.0,0.0,0.11949516648764769,0.22644376899696048,0.18602540834845735,1.9760460996760874,0.7349210051453116,1.071418308396748,Specialty Business Services,Industrials,DLHC
2018Q2,2018,Q2,2018-05-15,2018-03-31,1316000.0,34401000.0,2204000.0,-0.24,7448000.0,0.21650533414726317,64461000.0,35600000.0,16869000.0,18203000.0,28861000.0,0.0,-48250000.0,69128080.0,79615080.0,3.007518796992481,0.926715376586277,0.21831805277609717,0.39530898876404497,0.03005206287929026,3.007518796992481,0.03696629213483146,2.0094787942210983,13.13223404255319,1.9418,0.0,0.0,0.0,0.5336715223158188,0.8934790968521672,0.020415444997750578,16.549695954033997,0.21650533414726317,0.0,0.0,0.0,0.0,0.14023270055113288,1.4615924237109785,0.9232111692844677,14.017178462736728,0.755658348197573,1.0523980361024101,Specialty Business Services,Industrials,DLHC
2018Q1,2018,Q1,2018-02-13,2017-12-31,-2851000.0,30215000.0,1146000.0,-0.24,6532000.0,0.2161840145623035,65288000.0,34090000.0,16672000.0,19657000.0,31198000.0,0.0,-49566000.0,72915920.0,87533920.0,2.879952690715553,0.8481456987332757,0.27357247886288444,0.523936638310355,-0.07245497285770967,2.879952690715553,-0.08363156350836022,2.413235810028132,-6.393889863205892,2.138924024640657,0.0,0.0,0.0,0.4627956132826859,0.8287632904308898,-0.04366805538536944,-94.81914174252276,0.2161840145623035,-0.26315789473684204,-16.733169345194096,0.8513087335920433,2.5220629213176182,-0.11526479750778816,-3.7413461538461537,-0.4667287110283853,-18.51375843705356,0.5860179033010752,0.9692419247408884,Specialty Business Services,Industrials,DLHC
2017Q4,2017,Q4,2017-12-12,2017-09-30,1040000.0,30390000.0,2149000.0,-0.19,7383000.0,0.24294175715695954,69724000.0,35855000.0,17439000.0,18525000.0,33869000.0,0.0,-46844000.0,0.0,13797000.0,0.0,0.9413765182186234,0.26858757386265847,0.5222981453074885,0.02263506483639194,0.0,0.029005717473155765,0.0,0.0,0.0,0.0,0.0,,0.4358613963628019,0.9284210526315789,0.014915954334232115,0.0,0.24294175715695954,-3.375,0.0,0.0,0.0,0.1563038371182459,0.10052910052910052,0.22589845978322876,0.0,0.0,0.0,Specialty Business Services,Industrials,DLHC
2017Q3,2017,Q3,2017-08-10,2017-06-30,945000.0,29256000.0,1753000.0,0.08,6385000.0,0.21824582991523106,67081000.0,34752000.0,13845000.0,16114000.0,32329000.0,0.0,-47884000.0,0.0,14996000.0,0.0,0.8591907657937198,0.2921393539154157,0.5639099907918969,0.020539424272964006,0.0,0.02719267955801105,0.0,0.0,0.0,0.0,0.0,,0.43612945543447473,0.8207149062926647,0.014087446519878952,0.0,0.21824582991523106,1.6666666666666667,1.0,-1.0,-1.0,-0.002499609436025621,-0.03472931562819203,-0.04676454594888527,-1.0,-1.0,-1.0,Specialty Business Services,Industrials,DLHC
2017Q2,2017,Q2,2017-05-11,2017-03-31,979000.0,29905000.0,1839000.0,0.03,6401000.0,0.2140444741681993,66714000.0,33643000.0,12719000.0,15975000.0,33071000.0,0.0,-48828000.0,0.0,17377000.0,0.0,0.7961815336463224,0.3068021704589741,0.608388074785245,0.02100504826498617,0.0,0.029099664120322208,0.0,0.0,0.0,0.0,0.0,,0.4482567377162215,0.7487949921752739,0.014674581047456305,0.0,0.2140444741681993,0.0,1.0,-1.0,-1.0,0.10153157804164516,2.021604938271605,1.0686164229471316,-1.0,-1.0,-1.0,Specialty Business Services,Industrials,DLHC
2017Q1,2017,Q1,2017-02-09,2016-12-31,324000.0,26111000.0,889000.0,0.03,5811000.0,0.2225498831909923,64946000.0,32587000.0,10388000.0,14591000.0,32359000.0,0.0,-49808000.0,66533940.00000001,85400940.0,2.909293813052406,0.7119457199643616,0.32854987220152126,0.6548009942615153,0.010174130737134912,2.909293813052406,0.009942615153281984,2.5481191834858876,51.33791666666667,2.041732592751711,0.0,0.0,0.0,0.40204169617836355,0.6691110958810226,0.004988759892834047,259.898203125,0.2225498831909923,-0.8580345354653391,1.4580779810102338,0.2492764028051774,2.3593400257056314,-0.06710547439396372,-0.8642647674905739,-0.3290566037735849,1.0955493447483542,0.551491686923645,2.3228622058252864,Specialty Business Services,Industrials,DLHC
2016Q4,2016,Q4,2016-12-09,2016-09-30,2387000.0,27120000.0,1325000.0,0.211319,6229000.0,0.22968289085545723,65074000.0,31776000.0,10606000.0,14516000.0,33298000.0,0.0,-50132000.0,46740540.00000001,65529540.00000001,3.1884406983744733,0.7306420501515569,0.3413959492270338,0.6991440080563948,0.07481300857778088,3.1884406983744733,0.07511958710976838,1.7234712389380533,4.8953225806451615,1.4709384441087614,0.0,0.0,0.0,0.41675630820296894,0.7190686139432351,0.03668131665488521,17.81270579268293,0.22968289085545723,6.043966666666667,0.0,0.0,0.0,0.14167888563049855,2.0760309278350517,-0.20563549160671463,221.98785871964682,0.8039631528741442,2.8135127057896128,Specialty Business Services,Industrials,DLHC
2016Q3,2016,Q3,2016-08-10,2016-06-30,776000.0,24989000.0,1668000.0,0.03,5456000.0,0.21833606786986273,65110000.0,26763000.0,12377000.0,16019000.0,38347000.0,0.0,-52519000.0,49070850.0,72791850.0,2.7542451373880827,0.7726449840814034,0.4076332360620488,0.9917049658110078,0.018765653412313402,2.7542451373880827,0.028995254642603593,1.963698027131938,15.80890786082474,1.8335332361842842,0.0,0.0,0.0,0.38379665181999695,0.6302515762531993,0.011918292121025955,32.8233110367893,0.21833606786986273,4.0,0.0,0.0,0.0,0.6923076923076923,1.3026706231454006,1.420899854862119,0.0,0.0,0.0,Specialty Business Services,Industrials,DLHC
2016Q2,2016,Q2,2016-05-16,2016-03-31,337000.0,16934000.0,689000.0,-0.01,3224000.0,0.19038620526750916,30030000.0,23432000.0,11754000.0,6430000.0,6598000.0,0.0,-53295000.0,36741120.0,29807120.0,2.448996655518395,1.8279937791601866,0.0,0.0,0.01763207597603545,2.448996655518395,0.014382041652441106,2.169665761190504,27.256023738872404,1.5679890747695457,0.0,0.0,0.0,0.563902763902764,1.6,0.011222111222111222,38.15277258566978,0.19038620526750916,0.11504424778761055,0.0,0.0,0.0,0.10524511484401783,3.9051724137931036,0.8036649214659686,0.0,0.0,0.0,Specialty Business Services,Industrials,DLHC
2016Q1,2016,Q1,2016-02-09,2015-12-31,-116000.0,16559000.0,382000.0,-0.0113,2917000.0,0.1761579805543813,29222000.0,23085000.0,10802000.0,6054000.0,6137000.0,0.0,-53632000.0,40783318.800000004,34788318.800000004,2.377369053153173,1.7842748595969606,0.0,0.0,0.009945672727844046,2.377369053153173,-0.005024907948884557,2.4629095235219522,-87.89508362068965,1.7666588174139053,0.0,0.0,0.0,0.5666621038943261,1.5474066732738685,-0.003969611936212442,88.65938869565218,0.1761579805543813,-1.0136048524776482,0.8159133322381739,-0.16257103504952908,0.5209977828779442,-0.13851151801535735,-1.01407937856536,-0.6012526096033403,0.12046017834747663,0.23679787757695142,1.9074239376891806,Specialty Business Services,Industrials,DLHC
2015Q4,2015,Q4,2015-12-16,2015-09-30,8239000.0,16989000.0,958000.0,0.830586,3386000.0,0.1993054329271882,28624000.0,22869000.0,10255000.0,5646000.0,5755000.0,0.0,-53516000.0,27186362.7,21628362.7,2.3889062989658414,1.816330145235565,0.0,0.0,0.14232496789197818,2.3889062989658414,0.3602693602693603,1.6002332509270705,0.8249290781648259,1.1887866850321396,0.0,0.0,0.0,0.5935229178311906,1.6147715196599361,0.28783538289547234,32.83377137681159,0.1993054329271882,84.0586,2.776722789956405,-0.12491835796259677,0.4334007394724702,0.11454904542462147,17.85354691075515,0.25557011795543905,0.0,0.0,0.0,Specialty Business Services,Industrials,DLHC
2015Q3,2015,Q3,2015-08-05,2015-06-30,437000.0,16781000.0,763000.0,-0.01,3038000.0,0.18103807877957215,21331000.0,14570000.0,8319000.0,6751000.0,6761000.0,0.0,-61755000.0,25024680.0,20286680.0,1.5196078431372548,1.232261887127833,0.0,0.0,0.03139199343220798,1.5196078431372548,0.029993136582017844,1.4912508193790597,14.316178489702516,1.7175483870967743,0.0,0.0,0.0,0.7866954198115419,1.1636794548955711,0.020486615723594767,47.75702290076336,0.18103807877957215,-2.0,0.0,0.0,0.0,0.11282051282051282,6.329268292682927,0.4815533980582524,1.5312863570660507,-0.08161902826305907,0.22504852421913613,Specialty Business Services,Industrials,DLHC
2015Q2,2015,Q2,2015-05-06,2015-03-31,-82000.0,15893000.0,515000.0,0.01,2730000.0,0.1717737368652866,21236000.0,14069000.0,8026000.0,7156000.0,7167000.0,0.0,-62192000.0,18721950.0,14499950.0,1.465368190813457,1.12157629960872,0.0,0.0,0.022070844117019903,1.465368190813457,-0.005828417087213021,1.1779997483168692,-57.07911585365854,1.3307235766579002,0.0,0.0,0.0,0.7483989451874176,1.0469536053661264,-0.003861367489169335,29.43702830188679,0.1717737368652866,-0.2366412213740458,0.0,0.0,0.0,0.07777339123568891,-1.6119402985074627,0.9884169884169884,0.9274929840495928,-0.20374318128743796,0.8880884988829727,Specialty Business Services,Industrials,DLHC
2015Q1,2015,Q1,2015-02-04,2014-12-31,134000.0,15682000.0,259000.0,0.0131,2533000.0,0.1615227649534498,29899000.0,14250000.0,16729000.0,15636000.0,15649000.0,0.0,-62110000.0,19585048.049999997,15827048.049999997,1.4624676910098262,1.0699027884369403,0.0,0.0,0.010921563999685312,1.4624676910098262,0.009403508771929825,1.2488871349317687,36.53926875,1.3743893368421052,0.0,0.0,0.0,0.5244991471286665,1.0578152980301867,0.004481755242650256,-133.23161938775507,0.1615227649534498,1.2215832205683357,1.0385553866469697,-0.25376131813251623,-0.39793600261342654,0.08247863247863248,-0.9719371727748691,0.2634146341463415,1.2177847260196224,-0.137488896166374,0.6887006147914654,Specialty Business Services,Industrials,DLHC
2014Q4,2014,Q4,2014-12-10,2014-09-30,4775000.0,15579000.0,205000.0,-0.05912,2340000.0,0.15020219526285383,30072000.0,13846000.0,16874000.0,16211000.0,16226000.0,0.0,-62244000.0,0.0,-3908000.0,0.0,1.040898155573376,0.0,0.0,0.39717591743528735,0.0,0.3448649429438105,0.0,0.0,0.0,0.0,0.0,,0.5180566640063847,1.02485966319166,0.1587855812716148,0.0,0.15020219526285383,-4.912,0.0,0.0,0.0,0.01386481802426343,18.02390438247012,-0.23507462686567165,0.0,0.0,0.0,Specialty Business Services,Industrials,DLHC
2014Q3,2014,Q3,2014-08-06,2014-06-30,251000.0,15692000.0,268000.0,-0.01,2308000.0,0.14708131531990823,25440000.0,9030000.0,16729000.0,16394000.0,16410000.0,0.0,-67019000.0,17611020.0,13770020.0,0.9690920798454604,1.020434305233622,0.0,0.0,0.029678848283499447,0.9690920798454604,0.027796234772978958,1.122292888095845,17.540856573705177,1.9502790697674417,0.0,0.0,0.0,0.6168238993710692,0.9939002073929486,0.009866352201257861,13.758609375,0.14708131531990823,-2.0,0.0,0.0,0.0,0.049567985447930875,0.27411167512690354,0.19111111111111112,0.0,0.0,0.0,Specialty Business Services,Industrials,DLHC
2014Q2,2014,Q2,2014-05-07,2014-03-31,197000.0,14745000.0,225000.0,0.01,2199000.0,0.1491353001017294,25045000.0,8711000.0,16307000.0,16317000.0,16334000.0,0.0,-67271000.0,24208750.6,21637750.6,0.9175268590688856,0.9993871422442852,0.02299860251547215,0.06612329238893354,0.024227414665661678,0.9175268590688856,0.022615084376076226,1.6418277789081046,30.721764720812185,2.7791012053725175,0.0,0.0,0.0,0.5887402675184668,0.9582031010602439,0.007865841485326413,25.402676390346276,0.1491353001017294,-0.27007299270072993,0.0,0.0,0.0,0.041193181818181816,0.48120300751879697,2.409090909090909,0.0,0.0,0.0,Specialty Business Services,Industrials,DLHC
2014Q1,2014,Q1,2014-02-05,2013-12-31,133000.0,14477000.0,66000.0,0.0137,2112000.0,0.14588657871105892,25185000.0,8436000.0,16428000.0,16731000.0,16749000.0,0.0,-67468000.0,14741875.89,13124875.89,0.8755385065177075,0.981889904966828,0.03768115942028986,0.11249407302038882,0.00702576112412178,0.8755385065177075,0.015765765765765764,1.0182963245147476,27.710293026315792,1.7474959566145094,0.0,0.0,0.0,0.5748262854873933,0.9423824039208655,0.005280921183243995,-20.821858601694917,0.14588657871105892,4.011455564583114,0.4341556547149849,-0.4896369305779651,-0.7576113394876544,0.07535641547861507,12.3,-0.6206896551724138,1.2127100169425187,-0.26215625414721433,-0.4398462765082947,Specialty Business Services,Industrials,DLHC
2013Q4,2013,Q4,2013-12-10,2013-09-30,10000.0,14044000.0,174000.0,-0.0045492950854470054,1964000.0,0.13984619766448306,25758000.0,7784000.0,15950000.0,17954000.0,17974000.0,0.0,-67601000.0,11916800.0,9821800.0,0.8360902255639098,0.8883814191823549,0.05097445453839584,0.16867934224049333,0.019081039587674088,0.8360902255639098,0.0012846865364850976,0.8485331814297921,297.92,1.5309352517985613,0.0,0.0,0.0,0.5452286668219583,0.8550183803052245,0.00038822889975929806,8.287065368567454,0.13984619766448306,0.0,0.0,0.0,0.0,-0.005569620253164557,-0.8529411764705882,0.10126582278481013,1.002217397472352,-0.25617639670843617,-0.4983259292723941,Specialty Business Services,Industrials,DLHC
2013Q3,2013,Q3,2013-08-13,2013-06-30,68000.0,13460000.0,158000.0,0.0,1975000.0,0.14673105497771174,26306000.0,7735000.0,16474000.0,18551000.0,18571000.0,0.0,-67611000.0,0.0,-651000.0,0.0,0.8880383806802867,0.10107960161179959,0.34376212023270847,0.015148609779482262,0.0,0.008791208791208791,0.0,0.0,0.0,0.0,0.0,,0.5116703413669885,0.8527842164842866,0.0025849616057173268,0.0,0.14673105497771174,0.0,-1.0,-1.0,-1.0,0.11518915866741954,1.6238532110091743,16.555555555555557,0.0,0.0,0.0,Specialty Business Services,Industrials,DLHC
2013Q2,2013,Q2,2013-05-14,2013-03-31,-109000.0,13007000.0,9000.0,0.0,1771000.0,0.13615745367878834,26605000.0,7633000.0,17032000.0,18952000.0,18972000.0,0.0,-67679000.0,0.0,-392000.0,0.0,0.8986914309835373,0.10539372298440143,0.3673522861260317,0.0008583690987124463,0.0,-0.01428009956766671,0.0,0.0,0.0,0.0,0.0,,0.4888930652133058,0.8540523427606586,-0.0040969742529599696,0.0,0.13615745367878834,1.0,-1.0,-1.0,-1.0,-0.009507829977628635,0.1484375,1.0957446808510638,0.0,0.0,0.0,Specialty Business Services,Industrials,DLHC
2013Q1,2013,Q1,2013-02-12,2012-12-31,-128000.0,12994000.0,-94000.0,-0.0136,1788000.0,0.13760197014006464,25828000.0,7706000.0,16209000.0,18092000.0,18122000.0,0.0,-67570000.0,6691124.489999999,5570124.489999999,0.8176891654275588,0.8959208489940305,0.08165556760105312,0.27368284453672465,-0.009518023491292021,0.8176891654275588,-0.016610433428497273,0.5149395482530398,-13.06860251953125,0.8683006086166624,0.0,0.0,0.0,0.5030974136595943,0.8476674773380499,-0.004955861855350782,9.267485443213296,0.13760197014006464,-1.0503576876934697,-2.9139347940261424,-0.560107378299479,-0.7578873778212656,0.5656742556917689,0.6384180790960452,0.875,0.9619216556816321,-0.3606966314682591,-0.6633763531438593,Specialty Business Services,Industrials,DLHC
2012Q4,2012,Q4,2012-12-14,2012-09-30,-354000.0,12461000.0,-752000.0,0.270068,1142000.0,0.09164593531819276,26422000.0,7750000.0,16766000.0,18267000.0,18672000.0,0.0,-67442000.0,0.0,-473000.0,0.0,0.9178299666064488,0.09900840208916811,0.3375483870967742,-0.07218968992992224,0.0,-0.04567741935483871,0.0,0.0,0.0,0.0,0.0,,0.4716145636212247,0.8823014178573384,-0.013397925970781923,0.0,0.09164593531819276,4.000755555555555,1.0,-1.0,-1.0,-0.28176100628930817,0.3767605633802817,-0.2032,0.0,0.0,0.0,Specialty Business Services,Industrials,DLHC
2012Q3,2012,Q3,2012-08-14,2012-06-30,-568000.0,12618000.0,-625000.0,-0.09,1590000.0,0.12601046124583928,26100000.0,8213000.0,16397000.0,17516000.0,17887000.0,0.0,-67088000.0,8607300.0,7860300.0,1.2404470623772843,0.9361155514957753,0.09118773946360154,0.28978448800681844,-0.05872956211238489,1.2404470623772843,-0.06915865091927433,0.6821445553970519,-3.7884242957746483,1.0480092536223062,0.0,0.0,0.0,0.48344827586206895,0.8932975565197534,-0.021762452107279694,-6.126192170818506,0.12601046124583928,-0.5,-0.33281675126792426,1.1351354145694208,0.2935401273039384,0.22496147919876733,0.2055944055944056,-0.10815602836879433,0.0,0.0,0.0,Specialty Business Services,Industrials,DLHC
2012Q2,2012,Q2,2012-05-15,2012-03-31,-715000.0,12619000.0,-564000.0,-0.06,1298000.0,0.10286076551232269,22864000.0,4711000.0,13485000.0,17726000.0,18153000.0,0.0,-66521000.0,11957900.0,13780900.0,0.7761120263591433,0.7607469254202865,0.10606193142057382,0.5147527064317554,-0.07903587443946189,0.7761120263591433,-0.15177244746338356,0.9476107457009272,-4.181083916083916,2.5382933559753766,0.0,0.0,0.0,0.5519156752974108,0.718323366805822,-0.03127186843946816,30.740102827763497,0.10286076551232269,0.04982104963101378,-1.2634483915200903,1.253540414564384,-0.24517548338036343,-0.17166560306317805,-0.8380462724935732,-1.6857142857142857,0.0,0.0,0.0,Specialty Business Services,Industrials,DLHC
2012Q1,2012,Q1,2012-02-14,2011-12-31,-389000.0,11495000.0,-210000.0,-0.063146,1567000.0,0.1363201391909526,22953000.0,5335000.0,13597000.0,17283000.0,17618000.0,0.0,-65805000.0,11642938.649999999,13796938.649999999,0.8660313605620519,0.7867268414048487,0.11462553914520977,0.49315838800374884,-0.026342197691921726,0.8660313605620519,-0.07291471415182756,1.0128698260113091,-7.482608386889461,2.18236900656045,0.0,0.0,0.0,0.5008059948590599,0.7463981947578545,-0.016947675685095632,-8.567283774834436,0.1363201391909526,0.9107164065990623,0.39985154654951804,-0.4805086644535241,-0.7955913673805443,0.005131494547787043,0.8937158469945355,0.9415367483296214,-7.5607692731207505,-0.36617384452061413,-0.760243347510525,Specialty Business Services,Industrials,DLHC
2011Q4,2011,Q4,2011-12-02,2011-09-30,-3660000.0,10325000.0,-3592000.0,-0.707252,1559000.0,0.15099273607748184,21917000.0,5554000.0,12572000.0,16129000.0,16363000.0,0.0,-65416000.0,0.0,742000.0,0.0,0.7794655589311179,0.06866815713829448,0.27097587324450845,-0.5082779114192727,0.0,-0.658984515664386,0.0,0.0,0.0,0.0,0.0,,0.47109549664643885,0.736251472502945,-0.16699365789113474,0.0,0.15099273607748184,0.0,1.0,-1.0,-1.0,0.03040317250495704,-25.142857142857142,-12.061818181818182,0.0,0.0,0.0,Specialty Business Services,Industrials,DLHC
2011Q3,2011,Q3,2011-08-15,2011-06-30,-140000.0,10579000.0,-275000.0,0.0,1513000.0,0.1430191889592589,26101000.0,8049000.0,14147000.0,16549000.0,18052000.0,0.0,-61756000.0,0.0,3168000.0,0.0,0.8548552782645477,0.14861499559403854,0.48192322027581064,-0.023031825795644893,0.0,-0.017393465026711394,0.0,0.0,0.0,0.0,0.0,,0.4053101413738937,0.7982959695449876,-0.005363779165549212,0.0,0.1430191889592589,0.0,-1.0,-1.0,-1.0,0.0033156498673740055,0.23497267759562843,-2.3950617283950617,-1.0,-1.0,-1.0,Specialty Business Services,Industrials,DLHC
2011Q2,2011,Q2,2011-05-16,2011-03-31,-183000.0,10444000.0,-81000.0,0.0,1508000.0,0.14438912294140177,25829000.0,8102000.0,14007000.0,17721000.0,17727000.0,0.0,-61616000.0,0.0,258000.0,0.0,0.7904181479600474,0.05857756785009098,0.18674401382374722,-0.008409468438538206,0.0,-0.022587015551715627,0.0,0.0,0.0,0.0,0.0,,0.40435169770413104,0.7456689803058518,-0.007085059429323628,0.0,0.14438912294140177,1.0,1.0,-1.0,-1.0,0.1441578148710167,0.456973293768546,0.7054545454545454,-1.0,-1.0,-1.0,Specialty Business Services,Industrials,DLHC
2011Q1,2011,Q1,2011-02-17,2010-12-31,-337000.0,10575000.0,-275000.0,-0.068974,1318000.0,0.12463356973995272,25524000.0,8117000.0,13667000.0,17398000.0,17407000.0,0.0,-61433000.0,2648486.1,3575486.1,1.5630325565990322,0.7855500632256581,0.05935590032910202,0.18664531230750278,-0.028488552781518697,1.5630325565990322,-0.041517802143649134,0.2504478581560284,-1.964752299703264,0.326288788961439,0.0,0.0,0.0,0.41431593794076166,0.7403724566042074,-0.013203259677166589,-1.3282277331995989,0.12463356973995272,0.8602645088726315,-16.63372093023256,-0.5230486798542043,-0.7773968845985081,0.15919085312225154,0.861771944216571,0.8823781009409752,-10.14450724682732,-0.350323091686776,-0.537195884659855,Specialty Business Services,Industrials,DLHC
2010Q4,2010,Q4,2011-02-14,2010-09-30,-2438000.0,10207000.0,-2338000.0,-0.4936040188754223,1137000.0,0.11139414127559517,25239000.0,8388000.0,13367000.0,16838000.0,16851000.0,0.0,-61096000.0,2617160.0,2956160.0,1.6666004371150407,0.7938591281624896,0.06014501366932129,0.18097281831187412,-0.23123691120184925,1.6666004371150407,-0.29065331425846447,0.2564083472126972,-0.2683716160787531,0.3120123986647592,0.0,0.0,0.0,0.4044138040334403,0.7430217365482836,-0.09659653710527358,-3.425602094240838,0.11139414127559517,0.0,-225.12922913896492,0.742592170886797,-0.11569924346827848,-0.1508588498879761,-3.232638888888889,-3.8912133891213387,-0.7589602352108408,1.7244651640635222,0.9361650733219088,Specialty Business Services,Industrials,DLHC
2010Q3,2010,Q3,2010-08-16,2010-06-30,-576000.0,10079000.0,-478000.0,0.0,1339000.0,0.1328504811985316,26676000.0,10754000.0,13444000.0,15905000.0,15922000.0,0.0,-58658000.0,0.0,312000.0,0.0,0.8452687834014461,0.05698005698005698,0.1413427561837456,-0.04120345553038404,0.0,-0.053561465501208855,0.0,0.0,0.0,0.0,0.0,,0.3778302594092068,0.7996856334486011,-0.021592442645074223,0.0,0.1328504811985316,0.0,1.0,-1.0,-1.0,0.38183694530443757,0.42857142857142855,0.46292134831460674,1.0,-1.0,-1.0,Specialty Business Services,Industrials,DLHC
2010Q2,2010,Q2,2010-05-17,2010-03-31,-1008000.0,9795000.0,-890000.0,0.0,969000.0,0.0989280245022971,27484000.0,11288000.0,14368000.0,16169000.0,16196000.0,0.0,-58082000.0,0.0,-715000.0,0.0,0.8886140144721381,0.05526851986610391,0.13456768249468462,-0.07001611650364226,0.0,-0.0892983699503898,0.0,0.0,0.0,0.0,0.0,,0.3563891718818222,0.8403735543323644,-0.03667588415077863,0.0,0.0989280245022971,1.0,1.0,-1.0,-1.0,-0.28854625550660795,0.43529411764705883,-0.410459587955626,1.0,-1.0,-1.0,Specialty Business Services,Industrials,DLHC
2010Q1,2010,Q1,2010-02-16,2009-12-31,-1785000.0,10793000.0,-631000.0,-0.354724,1362000.0,0.12619290280737516,28144000.0,12156000.0,15020000.0,15814000.0,15988000.0,0.0,-57074000.0,4003474.4000000004,3922474.4000000004,2.4290900923457883,0.9497913241431643,0.05539368959636157,0.1282494241526818,-0.045874227553616864,2.4290900923457883,-0.1468410661401777,0.37093249328268324,-0.5607107002801122,0.32934142810134914,0.0,0.0,0.0,0.3834920409323479,0.8414695839129885,-0.063423820352473,-2.956775775480059,0.12619290280737516,-2.7142801911822274,-1.6633870845690168,-0.08594135142057976,-0.6951216910841792,49.642857142857146,0.4608879492600423,-1.3924129353233832,-2.3900105244071383,-0.3995660421503548,-0.42666396749925356,Specialty Business Services,Industrials,DLHC
2009Q4,2009,Q4,2010-01-19,2009-09-30,-3311000.0,4493000.0,1608000.0,0.206923,-28000.0,-0.006231916314266637,29657000.0,13816000.0,16611000.0,15737000.0,15841000.0,0.0,-55289000.0,0.0,-1445000.0,0.0,1.0555379043019635,0.05125265535961156,0.11001737116386798,0.10453097575245401,0.0,-0.23964968152866242,0.0,0.0,0.0,0.0,0.0,,0.15149880298074653,0.9162483319565355,-0.11164311966820649,0.0,-0.006231916314266637,0.0,1.0,-1.0,-1.0,-1.0133333333333334,-5.2120075046904315,3.2808510638297874,1.0,-1.0,-1.0,Specialty Business Services,Industrials,DLHC
2009Q3,2009,Q3,2009-08-14,2009-06-30,-533000.0,13123000.0,-705000.0,0.0,2100000.0,0.1600243846681399,32438000.0,17070000.0,16705000.0,15222000.0,15368000.0,0.0,-51978000.0,0.0,-2075000.0,0.0,1.0974247799237946,0.04821505641531537,0.09162272993555946,-0.034980395004356665,0.0,-0.031224370240187465,0.0,0.0,0.0,0.0,0.0,,0.40455638448732967,1.035146498489029,-0.016431345952278194,0.0,0.1600243846681399,0.0,1.0,-1.0,-1.0,-0.04675442578302315,0.046511627906976744,-0.24338624338624337,-1.0,-1.0,-1.0,Specialty Business Services,Industrials,DLHC
2009Q2,2009,Q2,2009-05-15,2009-03-31,-559000.0,13723000.0,-567000.0,0.0,2203000.0,0.1605334110617212,32720000.0,17542000.0,17149000.0,15003000.0,15178000.0,0.0,-51445000.0,0.0,-1463000.0,0.0,1.1430380590548557,0.047860635696821516,0.08927146277505416,-0.02979555899493043,0.0,-0.03186637783605062,0.0,0.0,0.0,0.0,0.0,,0.41940709046454766,1.0615876824635073,-0.01708435207823961,0.0,0.1605334110617212,-1.0,1.0,-1.0,-1.0,-0.19215254858819214,-12.645833333333334,-12.34,1.0,-1.0,-1.0,Specialty Business Services,Industrials,DLHC
2009Q1,2009,Q1,2009-02-17,2008-12-31,48000.0,14682000.0,50000.0,0.009853,2727000.0,0.18573763792398856,34076000.0,18014000.0,18433000.0,15857000.0,16062000.0,0.0,-50886000.0,8478053.0,6755053.0,3.6121265106504996,1.162451913981207,0.06784833900692569,0.12834462085044965,0.0022507483738343002,3.6121265106504996,0.002664594204507605,0.5774453752894702,44.156526041666666,0.4706368935272566,0.0,0.0,0.0,0.4308604296278906,1.09074856530239,0.0014086160347458621,-4.728417735638595,0.18573763792398856,1.0786313797741598,1.020776192694779,0.20533307004847948,-0.5670994446941168,-0.10384488991127178,-0.9051383399209486,-0.7076023391812866,3.615384923873441,-0.3104603962737059,-0.4855701430527584,Specialty Business Services,Industrials,DLHC
2008Q4,2008,Q4,2008-12-23,2008-09-30,506000.0,22731000.0,171000.0,-0.12530620762727518,3043000.0,0.13387004531256874,34994000.0,17886000.0,19274000.0,16876000.0,17108000.0,0.0,-50934000.0,0.0,-3516000.0,0.0,1.1420952832424744,0.04483625764416757,0.08772224085877223,0.008732063524485523,0.0,0.028290282902829027,0.0,0.0,0.0,0.0,0.0,,0.6495684974567069,1.0728253140554633,0.014459621649425616,0.0,0.13387004531256874,-13.53062076272752,1.0,1.0,-1.0,-0.08205128205128205,-0.06469500924214418,-0.3781818181818182,1.0,-1.0,-1.0,Specialty Business Services,Industrials,DLHC
2008Q3,2008,Q3,2008-08-14,2008-06-30,541000.0,17788000.0,275000.0,0.01,3315000.0,0.1863615920845514,27008000.0,17318000.0,11250000.0,9409000.0,9690000.0,0.0,-51440000.0,9488700.0,9933700.0,3.5589806822852443,1.195663726219577,0.06346267772511849,0.09897216768679987,0.014449348465741908,3.5589806822852443,0.03123917311467837,0.5334326512255453,4.384796672828096,0.5479096893405705,0.0,0.0,0.0,0.6586196682464455,1.0329471782336062,0.020031101895734597,11.656879606879606,0.1863615920845514,4.578571428571428,1.1954129523708896,-0.6219518352088587,-0.6040432742923726,0.13217213114754098,7.453125,0.8835616438356164,2.6104144677353065,3.8969914878859986,0.875131797859934,Specialty Business Services,Industrials,DLHC
2008Q2,2008,Q2,2008-05-15,2008-03-31,64000.0,17307000.0,146000.0,0.001792573623559539,2928000.0,0.16918010053735483,26862000.0,16739000.0,11206000.0,9812000.0,10123000.0,0.0,-51981000.0,52874080.00000001,53988080.00000001,0.8611039662534081,1.1420709335507542,0.07784230511503239,0.12491785650277794,0.00768704259464013,0.8611039662534081,0.0038234064161538923,3.055069047206333,206.539375,3.1587358862536594,0.0,0.0,0.0,0.6442930533839625,1.032001630656339,0.0023825478370932914,-190.88115523465706,0.16918010053735483,-0.7462815364916773,1.000507039089366,-0.9062091846383556,-0.9099069749934684,0.055135135135135134,0.8285714285714286,0.13178294573643412,1.0903408233808574,0.3919730012311906,-0.5663431970398961,Specialty Business Services,Industrials,DLHC
2008Q1,2008,Q1,2008-02-14,2007-12-31,35000.0,15459000.0,129000.0,0.007065207627275173,2775000.0,0.17950708325247428,24846000.0,16657000.0,9155000.0,7797000.0,8189000.0,0.0,-52045000.0,13809692.399999999,14991692.399999999,3.3773091137062545,1.1741695523919455,0.06910569105691057,0.1030797862760401,0.006952303961196443,3.3773091137062545,0.002101218706849973,0.8933108480496798,98.64065999999998,0.8290624001921114,0.0,0.0,0.0,0.6221927070755856,0.9746056175452097,0.0014086774531111648,-222.73697419354835,0.17950708325247428,1.055543498237054,-0.665518637517823,-0.9208545772338278,-0.7896480475345449,0.0673076923076923,1.0065925786400451,1.908450704225352,1.0529889371235954,0.32841685503474327,-0.5761094681019446,Specialty Business Services,Industrials,DLHC
2007Q4,2007,Q4,2008-01-16,2007-09-30,-5309000.0,14350000.0,-142000.0,-0.1272013440190891,2600000.0,0.18118466898954705,26168000.0,16594000.0,10471000.0,9170000.0,9574000.0,0.0,-52080000.0,63231839.99999999,64357839.99999999,0.8607739392053118,1.1418756815703381,0.06565270559461939,0.10353139689044233,-0.0074767625040869975,0.8607739392053118,-0.31993491623478365,4.4064,-2.9775776982482576,3.8105242858864647,0.0,0.0,0.0,0.548379700397432,0.9673936750272628,-0.20288138184041576,-41.654703557312246,0.18118466898954705,-1.120022400318152,-21.985729459530724,-0.981787454225071,-0.9467313240772754,-0.16101968376895773,-3.2745571658615136,0.37168141592920356,-10.039551534899674,0.28412106965961265,-0.5635723653511351,Specialty Business Services,Industrials,DLHC
2007Q3,2007,Q3,2007-08-14,2007-06-30,-1242000.0,17223000.0,-226000.0,-0.06,3099000.0,0.17993380944086396,27834000.0,18504000.0,10476000.0,8892000.0,9330000.0,0.0,-50145000.0,69465600.0,69175600.0,0.9589552238805971,1.1781376518218623,0.056226198174894014,0.08457630782533507,-0.01115058219853957,0.9589552238805971,-0.06712062256809338,4.033304302386344,-13.982608695652173,3.7540856031128405,0.0,0.0,0.0,0.618775598189265,1.086932073774179,-0.04462168570812675,40.26991304347826,0.17993380944086396,-1.0,-1.127843015100708,-0.9792953315263562,-0.9390515726637391,0.1841803591899121,-0.23952095808383234,0.7705583756345178,-0.18159131329334652,0.45465878061466164,-0.5206291589610401,Specialty Business Services,Industrials,DLHC
2007Q2,2007,Q2,2007-05-15,2007-03-31,-1002000.0,17762000.0,-985000.0,-0.03,2617000.0,0.14733701159779306,28582000.0,19797000.0,11189000.0,8164000.0,8785000.0,0.0,-48903000.0,90878880.0,92319880.0,1.0282019320660643,1.3705291523762861,0.05468476663634455,0.07895135626610092,-0.04505153133802486,1.0282019320660643,-0.05061372935293226,5.116477874113276,-22.674371257485028,4.590537960297014,0.0,0.0,0.0,0.6214400671751452,1.1565409113179814,-0.03505702889930726,-116.51138461538461,0.14733701159779306,0.746280900871948,-1.4725041756862831,-0.9767548413795983,-0.9319992069273703,-0.03574060427413412,-0.9494163424124513,-0.4485294117647059,0.7891418051871388,-0.5819523666731344,-0.873033382308173,Specialty Business Services,Industrials,DLHC
2007Q1,2007,Q1,2007-02-14,2006-12-31,-514000.0,17547000.0,-680000.0,-0.118241,2714000.0,0.15467031401379153,29776000.0,20697000.0,11957000.0,8258000.0,9079000.0,0.0,-47901000.0,,,,,,,,,,,,,,,,,,,,,,,,,,,,,,,Specialty Business Services,Industrials,DLHC
