Quarters,Year,Quarter,FillingDate,Date,NetIncome,Revenue,OperatingIncome,EPSDiluted,GrossProfit,GrossProfitRatio,TotalAssets,CommonStockEquity,CurrentAssets,CurrentLiability,TotalLiability,Inventory,RetainedEarnings,MarketCap,EnterpriseValue,bookValuePerShare,currentRatio,debtToAssets,debtToEquity,roic,shareholdersEquityPerShare,roe,priceToSalesRatio,peRatio,pbRatio,payoutRatio,inventoryTurnover,dividendYield,assetTurnover,quickRatio,returnOnAssets,priceToFreeCashFlowsRatio,grossProfitMargin,epsdilutedGrowth,fiveYNetIncomeGrowthPerShare,fiveYRevenueGrowthPerShare,fiveYShareholdersEquityGrowthPerShare,grossProfitGrowth,netIncomeGrowth,operatingIncomeGrowth,threeYNetIncomeGrowthPerShare,threeYRevenueGrowthPerShare,threeYShareholdersEquityGrowthPerShare,Industry,Sector,Symbol
2024Q1,2024,Q1,2023-06-01,2023-04-30,-35380000.0,284570000.0,-21510000.0,-1.47,136637000.0,0.4801525108,1676108000.0,469507000.0,809010000.0,219574000.0,1206601000.0,236789000.0,504829000.0,105708588.78,1113352588.78,19.453865421284267,3.684452621895124,0.6096045123583922,2.176246573533515,-0.010814777814418445,19.453865421284267,-0.07535563900005751,0.37146778922584955,-0.7469515883267382,0.22514805696187704,0.0,0.6247460819548205,0.0,0.16978022895899308,2.3968138304170803,-0.02110842499409346,10.637877506289625,0.48015251080577714,0.17877094972067042,-4.631584396717183,0.037699981226900915,0.11631518285334247,-0.12177422983230815,0.17342242366189287,0.1595686489020864,0.2482040630383939,0.07153070652630299,0.1308931723767861,Specialty Retail,Consumer Cyclical,CONN
2023Q4,2023,Q4,2023-03-29,2023-01-31,-42803000.0,334875000.0,-25594000.0,-1.79,155583000.0,0.464600224,1716215000.0,502410000.0,831097000.0,222361000.0,1213805000.0,240783000.0,539923000.0,225403564.20000002,1227202564.2,20.974282801513926,3.7376023673216077,0.5951078390527993,2.0328675782727257,-0.012336863712008626,20.974282801513926,-0.08519535837264386,0.67309761612542,-1.31651732472023,0.44864466113333734,0.0,0.744620675047657,0.0,0.19512415402499103,2.4129231295056237,-0.02494034838292405,-6.469120460350717,0.4646002239641657,-0.7211538461538461,-18.530569628225063,0.04434015077944775,0.23099641886919609,0.02791395235137885,-0.7232175208341721,-1.5622184402843127,-38.243111158588775,-0.024040015497408227,-0.03952285309617154,Specialty Retail,Consumer Cyclical,CONN
2023Q3,2023,Q3,2022-12-06,2022-10-31,-24839000.0,321200000.0,-9989000.0,-1.04,151358000.0,0.4712266501,1737132000.0,543106000.0,821170000.0,246917000.0,1194026000.0,259285000.0,582726000.0,196311551.33,1160175551.33,22.71338711243019,3.3256924391597176,0.5597139422910867,1.7902527315109757,-0.004440043847287741,22.71338711243019,-0.04573508670498945,0.6111816666562889,-1.9758399224002579,0.3614608406646217,0.0,0.655039821046339,0.0,0.1849024714299201,2.045225723623728,-0.014298855815217266,-36.659486709617184,0.4712266500622665,-12.555555555555557,-21.718316283985818,0.12644445436214158,0.34261452658734126,-0.07660114450260502,-12.666979802724283,-2.006923540036123,-2.9958313825279763,0.034715643867980504,0.04830076744399769,Specialty Retail,Consumer Cyclical,CONN
2023Q2,2023,Q2,2022-08-30,2022-07-31,2129000.0,346632000.0,-3322000.0,0.09,163914000.0,0.4728761338,1754809000.0,559877000.0,842366000.0,241991000.0,1194932000.0,262952000.0,607565000.0,218787858.0,1176896858.0,23.491572644767153,3.4809806976292506,0.5598130622762933,1.7546086015321223,-0.003010971469813929,23.491572644767153,0.003802620932812028,0.6311819393477809,25.691387740723343,0.3907784352634596,0.0,0.6948720679059296,0.0,0.197532608962001,2.154865263584183,0.0012132374520531864,-456.75962004175364,0.4728761337672229,-0.64,-0.3499618769701122,0.23343587559980322,0.3905938387106039,0.015330868005872187,-0.657772062369394,-2.3309294871794872,-0.8593781524866608,0.14025653496933158,0.1600483418318498,Specialty Retail,Consumer Cyclical,CONN
2023Q1,2023,Q1,2022-06-01,2022-04-30,6221000.0,339821000.0,2496000.0,0.25,161439000.0,0.475070699,1727733000.0,554391000.0,807442000.0,245262000.0,1173342000.0,255648000.0,605436000.0,388151096.55,1333244096.55,22.35268488770678,3.292161035953389,0.5530652016254827,1.723601212862402,0.0009759694786874598,22.35268488770678,0.011221322135460352,1.142222218609209,15.598420533274393,0.7001396064330049,0.0,0.697764113155589,0.0,0.19668606202462996,2.073321590788626,0.0036006720945886894,13.784264233459995,0.4750706989856424,-0.03846153846153849,4.011086768319044,0.19260138693868425,0.3389614819940399,-0.14455807545570157,-0.17755156002115283,-0.8338989818327012,-0.5900939621986778,0.23567760515054564,0.10007327146613815,Specialty Retail,Consumer Cyclical,CONN
2022Q4,2022,Q4,2022-03-29,2022-01-31,7564000.0,402488000.0,15027000.0,0.26,188720000.0,0.4688835444,1754466000.0,614819000.0,820806000.0,258416000.0,1139647000.0,246826000.0,599215000.0,699358422.39,1599662422.3899999,21.336208519526313,3.1762971333044394,0.5175426597038643,1.4768753080174815,0.006080499988068786,21.336208519526313,0.012302807818235936,1.737588257016358,23.114701956306185,1.137502943776949,0.0,0.8660675941756542,0.0,0.22940769442098052,2.0637034858522694,0.004311283319254976,-234.44801286959435,0.4688835443541174,-0.5666666666666667,110.5492096704385,-0.0033329157465975274,0.2725740700062403,-0.028018129377832716,-0.5852842809364549,-0.4914204487765255,-0.717132080246836,0.024669522184050423,0.09313506912806717,Specialty Retail,Consumer Cyclical,CONN
2022Q3,2022,Q3,2021-12-07,2021-10-31,18239000.0,405458000.0,29547000.0,0.6,194160000.0,0.4788658751,1786579000.0,663515000.0,853410000.0,286872000.0,1123064000.0,263134000.0,591651000.0,700347623.75,1546157623.75,22.500941983099004,2.9748807830670123,0.47935579674898227,1.2907123425996399,0.011549192516745575,22.500941983099004,0.027488451655199957,1.7273000501901554,9.599589118783925,1.0555113656059019,0.0,0.8030053128824097,0.0,0.22694658338646095,1.9346712122479712,0.010208896443985965,-30.121182906111564,0.4788658751337993,-0.5081967213114754,5.996118159522874,0.1245850883104903,0.3419748828630908,-0.040431746408290954,-0.5071073397470544,-0.4549429061594938,0.34073235307623656,0.1664445164283225,0.2155501520866338,Specialty Retail,Consumer Cyclical,CONN
2022Q2,2022,Q2,2021-09-01,2021-07-31,37004000.0,418383000.0,54209000.0,1.22,202341000.0,0.48362624676432836,1708947000.0,642450000.0,833058000.0,261420000.0,1066497000.0,223662000.0,573412000.0,654714575.1999999,1478680575.1999998,21.823384633884658,3.1866651365618544,0.4872602836717581,1.2961351077904895,0.022296358435002685,21.823384633884658,0.057598256673671105,1.5648689722096738,4.423268938493136,1.0190903186240172,0.0,0.9659307347694289,0.0,0.24481917812547727,2.13338688700176,0.02165309983282103,17.95657209621239,0.48362624676432836,-0.1973684210526316,4.239561068589586,0.09693057160893542,0.29061356551441275,0.13151552093410804,-0.18489801312833165,-0.2245887569732513,1.338853349976109,0.16957029682326138,0.21260033218687366,Specialty Retail,Consumer Cyclical,CONN
2022Q1,2022,Q1,2021-06-03,2021-04-30,45398000.0,363702000.0,69910000.0,1.52,178823000.0,0.4916745027522532,1682162000.0,603774000.0,814012000.0,217518000.0,1078388000.0,202900000.0,536408000.0,593518812.4799999,1476549812.48,20.589719319826607,3.7422742025947278,0.5288426441686354,1.473397330789335,0.028214618879568335,20.589719319826607,0.07519038580660976,1.6318821795865843,3.268419382351645,0.9830148573472854,0.0,0.911182848693938,0.0,0.2162110426938666,2.521708548258075,0.026987888205773285,4.8923374697484245,0.4916745027522532,0.7882352941176471,5.868991140435878,-0.02269013427023793,0.1906516867029479,-0.02543993983356132,0.8068136591578444,1.561650360924847,2.8351929374517133,0.09154229347723615,0.18149353815638167,Specialty Retail,Consumer Cyclical,CONN
2021Q4,2021,Q4,2021-03-31,2021-01-31,25126000.0,367791000.0,27291000.0,0.85,183491000.0,0.49890019059737734,1755084000.0,557155000.0,844063000.0,211756000.0,1197929000.0,196463000.0,491010000.0,458726941.38,1457201941.38,19.080861097166892,3.9860169251402557,0.5744329046359035,1.809510818353959,0.020375158817052597,19.080861097166892,0.04509696583536,1.247248957641704,4.564265515601369,0.823338104082347,0.0,0.9380901238401124,0.0,0.20955749126537535,2.777781975481214,0.01431612390062242,6.809068448567611,0.49890019059737734,2.4,24.82845551770751,-0.12189307023811553,0.1289051320062831,0.05588099896420762,2.386709799164308,0.13104562974014672,7.441862374250235,-0.059078397331085226,0.11987007621817722,Specialty Retail,Consumer Cyclical,CONN
2021Q3,2021,Q3,2020-12-08,2020-10-31,7419000.0,334158000.0,24129000.0,0.25,173780000.0,0.5200533879182901,1933456000.0,528471000.0,969187000.0,216762000.0,1404985000.0,216161000.0,465883000.0,273068438.90999997,1004264438.91,18.133817623764436,4.471203439717294,0.43394729437856355,1.5876330016216595,0.008057794491546423,18.133817623764436,0.014038613282469616,0.8171836044924855,9.201659216538616,0.5167141411922318,0.0,0.7419377223458441,0.0,0.1728293791014639,3.066533802050175,0.0038371703312617407,4.165676698041249,0.5200533879182901,-0.6428571428571428,4.754356755514397,0.0358183995210437,0.01927215091574006,-0.08677670749843662,-0.6384502923976608,-0.41768027801911384,4.077343004466959,-0.03848317332087404,0.07191088865947332,Specialty Retail,Consumer Cyclical,CONN
2021Q2,2021,Q2,2020-09-03,2020-07-31,20520000.0,366916000.0,41436000.0,0.7,190293000.0,0.5186282418864263,1841700000.0,518586000.0,845956000.0,193833000.0,1323114000.0,180893000.0,458464000.0,289543245.72,1070821245.72,17.838843199937312,4.364354882811492,0.4276825758809795,1.5188666874925278,0.017721140302557024,17.838843199937312,0.039569136073862386,0.7891267912001658,3.527573656432749,0.5583321680878389,0.0,0.9763948853742268,0.0,0.1992268013248629,3.053076617500632,0.011141879784981268,2.106933619455117,0.5186282418864263,1.358974358974359,0.5564257111708879,0.16211915679232378,-0.05534211688444874,0.11841007135048723,1.3651115618661258,1.6657241091224575,4.136496042370941,0.07038745055074326,0.055978065780246986,Specialty Retail,Consumer Cyclical,CONN
2021Q1,2021,Q1,2020-06-09,2020-04-30,-56202000.0,317160000.0,-62242000.0,-1.95,170146000.0,0.5364673981586581,2237286000.0,495809000.0,1196870000.0,185379000.0,1741477000.0,204923000.0,437943000.0,194839396.96,1112628396.96,17.202213167843507,6.456340793725287,0.5386553172012877,2.4306255029658597,-0.021689787984525092,17.202213167843507,-0.11335413435415655,0.6143252521124984,-0.8666924529376179,0.3929726910160969,0.0,0.7174109299590578,0.0,0.14176104440826967,4.912999854352435,-0.025120614887859667,1.4343089542262335,0.5364673981586581,-42.42853820754717,-5.523163883259022,0.09609611088939973,-0.06629857166943182,-0.2382738876030246,-41.78519593613933,-4.364068749324398,-22.408373288992447,-0.04218882350741867,0.030440009891633046,Specialty Retail,Consumer Cyclical,CONN
2020Q4,2020,Q4,2020-04-14,2020-01-31,1378000.0,411407000.0,18502000.0,0.04706900326125343,223369000.0,0.5429392304943766,2168769000.0,627180000.0,1058866000.0,162270000.0,1541589000.0,219756000.0,570636000.0,251591650.07999998,1307636650.08,21.83735747292492,6.525334319344303,0.48946199433872395,1.692544405114959,0.005531263043580866,21.83735747292492,0.0021971363882776875,0.6115395461914843,45.64434870827286,0.40114743786472784,0.0,0.8556671945248366,0.0,0.1896960902705636,4.63606951377334,0.0006353834825193462,-11.602105145492274,0.5429392304943766,-0.9077078367426403,-0.8872766820993709,0.21904021025990647,0.21325334089711065,0.07774963209572748,-0.9090008584824671,-0.4747331364978424,21.023724529543156,0.02213149782240598,0.30246453356832,Specialty Retail,Consumer Cyclical,CONN
2020Q3,2020,Q3,2019-12-10,2019-10-31,15143000.0,377708000.0,35224000.0,0.51,207255000.0,0.5487175278257278,2156825000.0,630377000.0,1047752000.0,212831000.0,1526448000.0,247614000.0,569258000.0,703785359.7800001,1703324359.7800002,21.66686109351111,4.922929460463936,0.4655968843091118,1.5930324234545359,0.013251198032021802,21.66686109351111,0.02402213278720512,1.863305409946308,11.618988307798983,1.1164515199317235,0.0,0.6883819170160007,0.0,0.17512222827535845,3.4770780572379025,0.007020968321491081,-59.09693171382988,0.5487175278257278,-0.17741935483870966,7.160365545205839,0.27224193926768886,0.23413832040086247,-0.05360420833447492,-0.24186442375087613,-0.15679609326375257,5.204257286225975,0.06181367853263128,0.2922296053123197,Specialty Retail,Consumer Cyclical,CONN
2020Q2,2020,Q2,2019-09-03,2019-07-31,19974000.0,401059000.0,41774000.0,0.62,218994000.0,0.5460393607923024,2146225000.0,636735000.0,1032042000.0,206099000.0,1509490000.0,213513000.0,554114000.0,654012507.2,1628386507.2,20.250511808560717,5.007506101436689,0.4575182005614509,1.542143906020558,0.015368417646071213,20.250511808560717,0.031369407995476925,1.630713952809936,8.185797877240413,1.0271345335186537,0.0,0.8527115444961196,0.0,0.18686717375857612,3.5922639120034545,0.009306573169169122,33.414014571092835,0.5460393607923024,0.03333333333333337,0.3032092320651598,0.3084937910841008,0.14869814152537397,0.11569970043406493,0.02383515300630478,0.07060662754042903,2.6371823424777885,-0.01551776211887484,0.1975954091079967,Specialty Retail,Consumer Cyclical,CONN
2020Q1,2020,Q1,2019-05-31,2019-04-30,19509000.0,353512000.0,39019000.0,0.6,196284000.0,0.5552399918531762,2090284000.0,647819000.0,1019202000.0,188448000.0,1442465000.0,213102000.0,534141000.0,824787417.61,1783419417.6100001,20.319269150059363,5.408399133978604,0.46328585015241946,1.494860447131066,0.015907643114077302,20.319269150059363,0.0301148932031941,2.3331242436183213,10.569319514198575,1.2731757136021018,0.0,0.7378063087160139,0.0,0.16912151650206383,3.787665562913907,0.009333181519831755,22.57156119454859,0.5552399918531762,-0.3406593406593407,-0.2233358872355121,0.19439890230149134,0.18541891795129112,-0.17510054675581743,-0.33813950332473874,-0.27428114421753524,2.924489984073044,-0.12628631756477818,0.1750122335467123,Specialty Retail,Consumer Cyclical,CONN
2019Q4,2019,Q4,2019-03-26,2019-01-31,29476000.0,432982000.0,53766000.0,0.91,237949000.0,0.5495586421606441,1884907000.0,619975000.0,1014394000.0,237568000.0,1264932000.0,220034000.0,508472000.0,665131375.44,1614550375.44,19.518364310226563,4.269910088900862,0.5068319020514009,1.5409185854268317,0.02609949061932326,19.518364310226563,0.04754385257470059,1.5361640332392572,5.641296100556385,1.0728358005403444,0.0,0.8863766508812274,0.0,0.2297100069128079,3.056665880926724,0.01563790680389006,-16.42380797669021,0.5495586421606441,1.0222222222222221,0.20632151772972163,0.3608671879369525,0.19417452670316565,0.14985647875209,1.0147641831852359,0.5156879880472472,26.854215700730627,-0.04969403818183745,0.1547896882627947,Specialty Retail,Consumer Cyclical,CONN
2019Q3,2019,Q3,2018-12-04,2018-10-31,14630000.0,373824000.0,35473000.0,0.45,206938000.0,0.5535706642698168,1841012000.0,587034000.0,1010567000.0,220976000.0,1253978000.0,227164000.0,478997000.0,880983306.36,1798661306.3600001,18.510912070944592,4.573197994352328,0.5003606711960595,1.5691936071845924,0.01688824572445188,18.510912070944592,0.024921895494979848,2.3566793634437597,15.054396896103896,1.500736424738601,0.0,0.7346498564913455,0.0,0.20305353794543435,3.1596010426471652,0.007946716262577322,55.064898203637725,0.5535706642698168,-0.15094339622641512,-0.31953508099640565,0.363338943220126,0.19119053488829738,-0.01921864706412061,-0.13996825583446004,-0.09627534902680118,7.8034778127130355,0.06486711999104113,0.040468011393127425,Specialty Retail,Consumer Cyclical,CONN
2019Q2,2019,Q2,2018-09-04,2018-07-31,17011000.0,384620000.0,39252000.0,0.53,210993000.0,0.5485752170973949,1796501000.0,569647000.0,976161000.0,201983000.0,1226854000.0,195728000.0,464366000.0,1073003376.3,1982020376.3,17.99717850524344,4.832886926127446,0.5084617264337732,1.6035404382012017,0.02010510672976432,17.99717850524344,0.02986235335216371,2.789775301076387,15.769257778790193,1.8836285915663562,0.0,0.8870830949072182,0.0,0.2140939526334803,3.5396295727858287,0.009468962165899156,74.95133950125734,0.5485752170973949,0.358974358974359,0.00344030069917586,0.6060674726203182,0.20980995712692976,0.10007925004431746,0.3360823122840088,0.19802221950921745,0.1850415948458682,0.11884154226957151,-0.046957453559785,Specialty Retail,Consumer Cyclical,CONN
2019Q1,2019,Q1,2018-06-07,2018-04-30,12732000.0,358387000.0,32764000.0,0.39,191798000.0,0.5351700815040724,1784749000.0,549655000.0,981213000.0,193974000.0,1235094000.0,190312000.0,447356000.0,804287442.0,1750812442.0,17.426857324971138,5.058476909276501,0.5338089557691306,1.7332963404317254,0.01786987552073439,17.426857324971138,0.023163620816694108,2.2441869878092677,15.792637488218661,1.4632586658904223,0.0,0.8753467989406869,0.0,0.20080526729528914,3.6010650911977895,0.0071337762340810944,6.226580800495471,0.5351700815040724,2.9000000000000004,-0.3571984369766371,0.5982070457785236,0.2103821818474633,-0.12775081973177377,2.9775070290534207,-0.2693294083539618,-0.06363287805742984,0.13183064601524555,-0.05410534000036509,Specialty Retail,Consumer Cyclical,CONN
2018Q4,2018,Q4,2018-04-05,2018-01-31,3201000.0,420386000.0,44841000.0,0.1,219889000.0,0.5230645168963762,1900799000.0,535068000.0,1080017000.0,164111000.0,1365731000.0,211894000.0,433667000.0,1045737981.8999999,2123421981.8999999,17.038459641321364,6.581015288432829,0.5718489961326789,2.0314614217258367,0.003334668742142934,17.038459641321364,0.005982417188095719,2.4875661461133336,81.67275709934395,1.9544020234811275,0.0,0.9462136728741729,0.0,0.22116278470264347,4.567999707515035,0.0016840286637356185,-28.809002504201214,0.5230645168963762,1.0,-0.8033966060407605,0.27008052989040576,0.22359447128064383,0.11290559314913884,1.0401529636711282,1.150338080851676,-0.7605230664051661,0.13922122387550753,-0.053366777129334485,Specialty Retail,Consumer Cyclical,CONN
2018Q3,2018,Q3,2017-12-07,2017-10-31,1569000.0,373172000.0,20853000.0,0.05,197581000.0,0.5294636253523844,1874389000.0,529391000.0,1034138000.0,262323000.0,1344998000.0,235479000.0,430466000.0,962257074.75,1988444074.75,16.917280919165307,3.9422315237321928,0.5542760867674746,1.9624984179935057,0.009082299324180818,16.917280919165307,0.0029637829128186916,2.578588626022317,153.32330700286806,1.8176679897278194,0.0,0.7456758352124818,0.0,0.19908994344290326,2.7174094532313218,0.0008370727741146581,-70.422795283226,0.5294636253523844,-0.6428571428571429,-0.8615036326910012,1.3200558144862875,0.3885349769965741,0.016671726501355864,-0.6328106716592558,-0.2856604549191559,1.5934387097116245,0.16864052394899667,-0.036396431895668095,Specialty Retail,Consumer Cyclical,CONN
2018Q2,2018,Q2,2017-09-07,2017-07-31,4273000.0,366647000.0,29192000.0,0.14,194341000.0,0.5300493390100014,1875063000.0,525277000.0,1037654000.0,178808000.0,1349786000.0,196768000.0,428897000.0,665411600.0,1687486600.0,16.893194828584292,5.803174354615006,0.5637639908632404,2.0124486699398605,0.011133710172583416,16.893194828584292,0.008134755567062711,1.8148562513807558,38.931172478352444,1.2667822882022246,0.0,0.8756810050414702,0.0,0.1955384965731818,4.13806988501633,0.0022788567637460713,-321.1445945945946,0.5300493390100014,2.7500000000000004,-0.6163171778401461,1.2259412975534079,0.4320019390254597,0.056913354652048116,2.656201550387597,0.4464374194827074,-0.7180785504467765,0.20964423507212546,-0.04174365134724773,Specialty Retail,Consumer Cyclical,CONN
2018Q1,2018,Q1,2017-06-06,2017-04-30,-2580000.0,355826000.0,20182000.0,-0.08,183876000.0,0.5167581908011218,2010606000.0,517048000.0,1178058000.0,174627000.0,1493558000.0,170999000.0,424624000.0,537364200.0,1627668200.0,16.69404623530931,6.746138913226477,0.5983882471254935,2.326907753245347,0.007226314053238691,16.69404623530931,-0.004989865544398199,1.5101881256569223,-52.07017441860466,1.0392926768887996,0.0,1.0055614360317897,0.0,0.1769745042042051,4.754596940908336,-0.0012831952157707676,6.213883299798793,0.5167581908011218,-32.3889816360601,-1.232076599116289,1.2156657929509394,0.45857991111112617,-0.1464777748895243,-33.86486486486486,-0.296794425087108,-1.105729038603393,0.2375400459485027,-0.026075294424092284,Specialty Retail,Consumer Cyclical,CONN
2017Q4,2017,Q4,2017-04-04,2017-01-31,-74000.0,432805000.0,28700000.0,-0.002396,215432000.0,0.4977576506740911,1941134000.0,517790000.0,1087673000.0,167381000.0,1423344000.0,164856000.0,427204000.0,325815650.0,1445947650.0,16.766182041900073,6.4981867714973625,0.5891906483529731,2.2088066590702793,-0.0003556459730711424,16.766182041900073,-0.00014291508140365785,0.7528001062834302,-1100.7285472972974,0.6292428397612932,0.0,1.3185628669869462,0.0,0.22296502971974114,4.762571618045059,-3.8122046185374114e-05,18.760617838429205,0.4977576506740911,0.9800333333333334,-1.0100173660610319,1.2857075838705587,0.5275368687271249,0.16829266969994414,0.980602883355177,0.7509608931730828,-1.0031148527616056,0.399102221042923,0.025790234585119788,Specialty Retail,Consumer Cyclical,CONN
2017Q3,2017,Q3,2016-12-06,2016-10-31,-3815000.0,376773000.0,16391000.0,-0.12,184399000.0,0.48941670448784813,2080634000.0,516693000.0,1179538000.0,193084000.0,1563941000.0,204537000.0,427278000.0,292752000.0,1492322000.0,16.76703660436137,6.10893704294504,0.6049285938805191,2.4359435873913524,0.004970388198858378,16.76703660436137,-0.00738349464769215,0.776998351792724,-19.18427260812582,0.5665878964878565,0.0,0.9405339865158872,0.0,0.1810856690797132,4.299745188622569,-0.0018335757273984757,7.083452297418278,0.48941670448784813,0.6923076923076923,0.6897865062365285,1.5992002450040568,0.5542539375612987,-0.025828367355564007,0.6800570278430057,1.5808534089119823,-1.1826060359086155,0.4140852932181512,0.07897089158512184,Specialty Retail,Consumer Cyclical,CONN
2017Q2,2017,Q2,2016-09-08,2016-07-31,-11924000.0,398157000.0,6351000.0,-0.39,189288000.0,0.4754104536652627,1997178000.0,519640000.0,1130982000.0,186285000.0,1477538000.0,191642000.0,431093000.0,213887760.0,1379757760.0,16.90930981744818,6.071245671954264,0.591537158931252,2.273506658455854,0.002499877202710759,16.90930981744818,-0.022946655376799324,0.5371945237682623,-4.48439617577994,0.4116075744746363,0.0,1.089891568654053,0.0,0.19935979667310574,4.572976890248812,-0.005970424268643055,26.017243644325507,0.4754104536652627,-0.21875000000000003,-2.5961215143148695,1.735896515483663,0.49192618935888155,0.025134445726169394,-0.22309980510821623,-0.4981826801517067,-1.7244499051265227,0.7124226995657102,0.13668102915870034,Specialty Retail,Consumer Cyclical,CONN
2017Q1,2017,Q1,2016-06-02,2016-04-30,-9749000.0,389113000.0,12656000.0,-0.32,184647000.0,0.47453310477933147,1996825000.0,530215000.0,1133487000.0,162481000.0,1466610000.0,181543000.0,443017000.0,421282140.0,1612375140.0,17.292814976680475,6.9761202848333035,0.6022736093548509,2.268202521618589,0.005370819257870437,17.292814976680475,-0.018386880793640314,1.08267300244402,-10.803214175812904,0.7945496449553483,0.0,1.1262676060217138,0.0,0.1948658495361386,5.161046522362614,-0.004882250572784295,4.5962898632946745,0.47453310477933147,-11.666666666666666,-3.5296726137770875,1.5895158928835151,0.5151154796232204,0.052593475125555095,-10.188501413760603,-0.5055477418346617,-1.5063200863555957,0.7850127634779714,0.20107227203649977,Specialty Retail,Consumer Cyclical,CONN
2016Q4,2016,Q4,2016-03-29,2016-01-31,1061000.0,456819000.0,25596000.0,0.03,175421000.0,0.38400548138321744,2025300000.0,538281000.0,1163000000.0,146125000.0,1487019000.0,201969000.0,452766000.0,431845320.0,1667580320.0,16.90209438879643,7.958939264328486,0.6161995753715499,2.318471207417687,0.00906402479579219,16.90209438879643,0.001971089449562589,0.9453313456752018,101.75431668237512,0.8022674402403207,0.0,1.3932732250989013,0.0,0.22555621389423788,5.901543199315654,0.0005238730064681776,-3.439189908096141,0.38400548138321744,1.4285714285714286,1.3363101596269158,5.2701003086191065,0.4996599157739531,-0.15240405289834416,1.4382486575795126,0.4286671131949096,-0.9357414618548701,0.3609347189950144,0.21380158080950992,Specialty Retail,Consumer Cyclical,CONN
2016Q3,2016,Q3,2015-12-08,2015-10-31,-2421000.0,395233000.0,17916000.0,-0.07,206963000.0,0.5236480759450755,2088843000.0,635208000.0,1277630000.0,203639000.0,1453635000.0,238153000.0,451705000.0,677304880.0,1727809880.0,17.790947792964374,6.273994667033328,0.5551283653199403,1.8255059759952645,0.007664779810528487,17.790947792964374,-0.0038113499829976953,1.71368504148186,-69.94061131763733,1.066272591025302,0.0,0.7905422144587723,0.0,0.18921144384714408,4.420322236899612,-0.0011590148230383997,-9.83611263596625,0.5236480759450755,-1.1555555555555557,0.6681818223294953,0.6245441468784616,0.2921419547451066,-0.001991551577810354,-1.1463901318176322,-0.503684414649011,-1.1873006769182448,1.1536330166511874,0.4602437237100566,Specialty Retail,Consumer Cyclical,CONN
2016Q2,2016,Q2,2015-09-09,2015-07-31,16538000.0,396050000.0,36098000.0,0.45,207376000.0,0.5236106552203005,1752072000.0,688621000.0,985634000.0,167083000.0,1063451000.0,173577000.0,454126000.0,1258806320.0,2063967320.0,18.883919267262655,5.899068127816713,0.463467825523152,1.1792103348576357,0.015275509501950018,18.883919267262655,0.024016113362793176,3.1784025249337207,19.02899866973032,1.8280103569307358,0.0,1.0869758090069537,0.0,0.22604664648484765,4.622582788195088,0.009439109808272719,-14.009931108167967,0.5236106552203005,0.046511627906976785,5.7065991536850476,0.2665895421945083,0.3533140373384128,0.08977781514724739,0.05492122217260956,0.0584061455462382,0.2662250972885789,1.0502369457021103,0.6007516210825917,Specialty Retail,Consumer Cyclical,CONN
2016Q1,2016,Q1,2015-06-02,2015-04-30,15677000.0,365076000.0,34106000.0,0.43,190292000.0,0.5212394131632866,1612672000.0,669977000.0,887878000.0,146197000.0,942695000.0,129389000.0,437588000.0,1017129050.0,1732280050.0,18.423676612127046,6.073161555982681,0.44653221485832206,1.0748279418547204,0.015586255970472022,18.423676612127046,0.023399310722606894,2.786074817298316,16.220084359252407,1.5181551754761728,0.0,1.3508412616219307,0.0,0.22637957377569648,4.949109762854231,0.009721133621716008,21.7572365184282,0.5212394131632866,0.023809523809523832,0.9357743109412556,0.2659726841127322,0.32867934300154944,-0.11572705812375694,0.01416742139992237,0.05856792575809305,0.20104771880158,0.936134467385994,0.6096999023771125,Specialty Retail,Consumer Cyclical,CONN
2015Q4,2015,Q4,2015-04-01,2015-01-31,15458000.0,426748000.0,32219000.0,0.42,215196000.0,0.5042694986268242,1647322000.0,653670000.0,925715000.0,145009000.0,993652000.0,159068000.0,421911000.0,571629580.0,1333816580.0,17.99900872869455,6.383845140646443,0.47010238435472845,1.1847109397708324,0.01531279389747834,17.99900872869455,0.02364801811311518,1.339501485654297,9.24488258506922,0.87449260330136,0.0,1.3299469409309226,0.0,0.2590556066148573,5.062292685281603,0.009383714902125997,-7.973964317100729,0.5042694986268242,6.25,0.6245376805667459,2.3102758585250314,0.3020001385823734,0.13525746872972247,6.045039164490862,5.972300367885739,0.779445302475246,0.9165025867256138,0.6398575039273768,Specialty Retail,Consumer Cyclical,CONN
2015Q3,2015,Q3,2014-12-10,2014-10-31,-3064000.0,370058000.0,4621000.0,-0.08,189557000.0,0.512235919774738,1556006000.0,636678000.0,910646000.0,163337000.0,919328000.0,168603000.0,406453000.0,1128204150.0,1819145150.0,17.556266372535504,5.575258514604775,0.4477495588063285,1.0942752851519921,0.0024529208384661337,17.556266372535504,-0.0048124797778468864,3.0487224975544374,-92.05321067232376,1.772016859385749,0.0,1.070568139356951,0.0,0.2378255610839547,4.23720283830363,-0.0019691440778505996,-12.660234643265929,0.512235919774738,-1.1666666666666665,0.8623194708484266,0.3891431860653913,0.2960188953079231,0.03937469842523139,-1.1735977337110481,-0.8640722437933874,0.7882889689142445,1.1692936604332285,0.6274131668139006,Specialty Retail,Consumer Cyclical,CONN
2015Q2,2015,Q2,2014-09-02,2014-07-31,17650000.0,352964000.0,33996000.0,0.48,182376000.0,0.5166985868247187,1449195000.0,638332000.0,816954000.0,158584000.0,810863000.0,137624000.0,409517000.0,1448360000.0,2051720000.0,17.629097738131403,5.151553750693639,0.4191161299894079,0.95151269245471,0.017358300270508418,17.629097738131403,0.027650188303265384,4.103421312088485,20.51501416430595,2.268976018748864,0.0,1.2395221763645876,0.0,0.24355866532799245,4.021219038490642,0.012179175335272342,-13.510568832671032,0.5166985868247187,-0.37662337662337664,1.4509714238928137,0.10154538488503424,0.24677746579371815,0.052693553135119225,-0.3800273982226281,-0.30664273622810057,5.517698693179927,1.0584289681214187,0.5554338346291446,Specialty Retail,Consumer Cyclical,CONN
2015Q1,2015,Q1,2014-06-02,2014-04-30,28469000.0,335448000.0,49031000.0,0.77,173247000.0,0.5164645489017672,1360383000.0,619373000.0,774956000.0,191594000.0,741010000.0,137864000.0,391867000.0,1598206820.0,2111718820.0,17.14100293352521,4.044782195684625,0.38055826925211506,0.8358533549250613,0.027706416667160835,17.14100293352521,0.04596422511152407,4.7643951372492905,14.03462380132776,2.5803624310391315,0.0,1.1765290431149538,0.0,0.24658349891170353,3.1595665835047027,0.020927194767944027,97.41599536754846,0.5164645489017672,0.02666666666666669,0.7012107503535902,-0.0016637489004608281,0.23140864291313676,-0.05115369659395247,0.026464755723814674,0.02245902323059599,5.2682561588552925,0.8942544757335068,0.5018144192181941,Specialty Retail,Consumer Cyclical,CONN
2014Q4,2014,Q4,2014-03-27,2014-01-31,27735000.0,361141000.0,47954000.0,0.75,182587000.0,0.505583691688288,1297986000.0,589290000.0,735595000.0,142607000.0,708696000.0,120530000.0,363398000.0,2188838340.0,2719162340.0,16.344649692128474,5.1581970029521695,0.41298673483381176,0.9096556873525768,0.02729297530037352,16.344649692128474,0.047065112253729065,6.060896824232087,19.729929150892374,3.714365320979484,0.0,1.4814071185596946,0.0,0.2782318145188007,4.098494463806125,0.021367718912222475,-18.939830575937975,0.505583691688288,0.1363636363636363,0.5156574330844933,0.35268037569739474,0.21681981817786555,0.15852490117573903,0.13779947489333771,0.15003117655523046,8.76547180077252,3.3784681982902574,0.4501999229692842,Specialty Retail,Consumer Cyclical,CONN
2014Q3,2014,Q3,2013-12-06,2013-10-31,24376000.0,310876000.0,41698000.0,0.66,157603000.0,0.5069641915104415,1174364000.0,558735000.0,679042000.0,167385000.0,615629000.0,131732000.0,335663000.0,2173120200.0,2592107200.0,15.539841468502294,4.05676733279565,0.3599292893855738,0.7565088995677737,0.027265956489201156,15.539841468502294,0.04362712198090329,6.990311892844735,22.2874979488021,3.8893575666460847,0.0,1.1635213919169223,0.0,0.2647186051343536,3.1194193028049106,0.020756767067110368,-24.60423898644747,0.5069641915104415,0.2692307692307693,3.1759962655750873,0.16927906247840271,0.20395734906489313,0.18204318575575074,0.27210103329506313,0.25626657025789346,4.317610572697615,0.26888742934225357,0.1286459476588624,Specialty Retail,Consumer Cyclical,CONN
2014Q2,2014,Q2,2013-09-05,2013-07-31,19162000.0,270689000.0,33192000.0,0.52,133331000.0,0.49256157435285514,1023460000.0,532220000.0,591027000.0,133430000.0,491240000.0,90561000.0,311287000.0,2313770144.0,2644654144.0,14.876037677837717,4.42949111893877,0.3270113145604127,0.6288433354627786,0.024383497373021677,14.876037677837717,0.03600390815828041,8.547706571009535,30.18696044254253,4.347394205403781,0.0,1.5167456189750554,0.0,0.26448420065268796,3.5258562542156935,0.018722763957555743,-51.69627419174654,0.49256157435285514,-0.14754098360655732,0.30239773482715393,-0.14025596805566803,0.12851768305730749,0.05650554675118859,-0.1359126984126984,-0.14909762100082036,6.920350569473002,-0.11765039702885119,0.0660896355500657,Specialty Retail,Consumer Cyclical,CONN
2014Q1,2014,Q1,2013-06-06,2013-04-30,22176000.0,251063000.0,39008000.0,0.61,126200000.0,0.5026626782919028,957274000.0,508430000.0,561270000.0,132499000.0,448844000.0,88862000.0,292125000.0,1529406030.0,1819091030.0,14.397813836264266,4.236031970052604,0.3071168756280856,0.5782408591153158,0.030675638662887708,14.397813836264266,0.04361662372401314,6.091722117556151,17.241680533008658,3.0080955687115236,0.0,1.4051338029754001,0.0,0.26226869214039034,3.403497384885924,0.023165781166102913,-111.30238192271305,0.5026626782919028,0.21999999999999997,0.47007451774342623,-0.1931104472729333,0.12972966710312533,-0.44654948601901556,0.25536371355788284,0.233922753297694,1.8198366720532473,-0.1034536578463239,0.03834203299216626,Specialty Retail,Consumer Cyclical,CONN
2013Q4,2013,Q4,2013-04-05,2013-01-31,17665000.0,359117000.0,31613000.0,0.5,228024000.0,0.6349574094236697,909857000.0,474450000.0,528244000.0,151163000.0,435407000.0,73685000.0,269949000.0,969007680.0,1260215680.0,13.92492369100728,3.4945323921859184,0.32428942130466654,0.6218927178838656,0.026204814538757108,13.92492369100728,0.037232585098535144,2.69830634584272,13.713666572318145,2.042381030667088,0.0,1.7791002239261722,0.0,0.3946960896052896,2.8291182366055185,0.01941513886248059,-20.00717857659034,0.6349574094236697,0.42857142857142866,-0.01544714475185796,0.9688332612517423,0.1346324401280437,2.793256034468418,0.4989393296563428,0.3232179481813235,0.9788025751582142,1.9692105548927996,0.007291726379168206,Specialty Retail,Consumer Cyclical,CONN
2013Q3,2013,Q3,2012-12-03,2012-10-31,11785000.0,167323000.0,23891000.0,0.35,60113000.0,0.3592632214339929,852864000.0,396611000.0,491605000.0,163762000.0,456253000.0,77150000.0,252284000.0,822614310.0,1149330310.0,12.18354683132123,3.001947948852603,0.3880864944469458,0.8345330815332908,0.020860739429625418,12.18354683132123,0.02971425401716039,4.916325370690222,17.450452057700467,2.0741086606271635,0.0,1.3896305897602075,0.0,0.19618954487468107,2.364046604218317,0.013818146855770675,-47.00921824104235,0.3592632214339929,0.0,1.3025955376365441,-0.30581411008477255,0.03309715000564674,0.013641575610414137,0.015423057039462347,0.03183035328668912,1.5899429505600804,-0.3002715664566472,-0.10059994703869057,Specialty Retail,Consumer Cyclical,CONN
2013Q2,2013,Q2,2012-09-06,2012-07-31,11606000.0,171655000.0,23154000.0,0.35,59304000.0,0.34548367364772364,819332000.0,382267000.0,473131000.0,185311000.0,437065000.0,70165000.0,240499000.0,578411400.0,888519400.0,11.796907789161832,2.553172774417061,0.3848293487865725,0.8248240104429626,0.02106697039171391,11.796907789161832,0.030360978059837757,3.3696157991319797,12.45931845597105,1.5131083771290748,0.0,1.601239934440248,0.0,0.2095060366249579,2.0185957660365546,0.014165197990558162,-26.427166811349203,0.34548367364772364,0.0,-0.034527174653253175,-0.3224612373800314,-0.005435767608571462,0.04144422590615341,0.004326756663205262,0.05948567767914341,0.8009183021217106,-0.4013867185262029,-0.16569077918491643,Specialty Retail,Consumer Cyclical,CONN
2013Q1,2013,Q1,2012-06-05,2012-04-30,11556000.0,166937000.0,21854000.0,0.35,56944000.0,0.3411107184147313,788632000.0,368485000.0,455965000.0,212857000.0,420147000.0,68890000.0,228893000.0,526388250.00000006,817744250.0,11.445410778071128,2.1421188873281123,0.37797857555868897,0.8089501607935194,0.020827420376844857,11.445410778071128,0.03136084236807468,3.153214985293854,11.387769340602286,1.4285201568584884,0.0,1.5966468282769632,0.0,0.2116792115967904,1.6691158853126746,0.014653222288722751,16.115734929430857,0.3411107184147313,0.46321906245942074,-0.27586152552587606,-0.3403824625165969,-0.00785273419727541,-0.1203114379286906,0.5005843396961434,0.33369949957280604,-0.22496547354817845,-0.44238833582735354,-0.17776236265368894,Specialty Retail,Consumer Cyclical,CONN
2012Q4,2012,Q4,2012-04-12,2012-01-31,7701000.0,197397000.0,16386000.0,0.23919863332815655,64732000.0,0.32792798269477247,783298000.0,353371000.0,452558000.0,94674000.0,429927000.0,62540000.0,217337000.0,373462000.0,688901000.0,10.975958999844696,4.780171958510256,0.4107044828405026,0.9103859682882862,0.0150515567966301,10.975958999844696,0.021792959807114903,1.891933514693739,12.123815088949486,1.0568552597694774,0.0,2.1212823792772624,0.0,0.2520075373612597,3.872457063185246,0.009831507293520473,-30.054884918718816,0.32792798269477247,1.5979965833203913,-0.5066831907918199,0.24279379545627788,-0.020029153604537716,0.8177529415068377,1.605281773166706,2.1344502907781777,-0.5287134649639538,-0.17201214566798395,-0.18286627819556026,Specialty Retail,Consumer Cyclical,CONN
2012Q3,2012,Q3,2011-12-13,2011-10-31,-12723000.0,149967000.0,-14444000.0,-0.4,35611000.0,0.23745890762634447,787052000.0,343927000.0,471362000.0,119074000.0,443125000.0,96703000.0,209636000.0,293624010.0,597790010.0,10.787836015181457,3.95856358231016,0.39473376600275456,0.9033195997987945,-0.015292329606079144,10.787836015181457,-0.03699331544193971,1.9579241433115286,-5.769551402970998,0.8537393400343678,0.0,1.1825486282742004,0.0,0.19054268332969104,2.916480507919445,-0.01616538678511712,-24.713745475970036,0.23745890762634447,-2.6363636363636367,-2.465055792303425,-0.2887423346256123,0.006289102873254468,-0.10921279735848112,-2.707167832167832,-2.159136505898403,-0.2808922248610664,-0.3638580447594424,-0.16420675993959036,Specialty Retail,Consumer Cyclical,CONN
2012Q2,2012,Q2,2011-09-09,2011-07-31,-3432000.0,150631000.0,12461000.0,-0.11,39977000.0,0.26539689705306346,772192000.0,360508000.0,451551000.0,105745000.0,411684000.0,77080000.0,226769000.0,294860160.0,585758160.0,11.333878269617706,4.2701877157312405,0.3874399113173926,0.8298789485947607,0.011508617509729932,11.333878269617706,-0.009519899697094101,1.9574998506283567,-21.47874125874126,0.8179018496122138,0.0,1.435573430202387,0.0,0.1950693609879408,3.3775213958106765,-0.0044444904894119595,8.75397559599798,0.26539689705306346,-1.846153846153846,-1.3313537006802048,-0.31803476153491006,0.06784438480902655,-0.09656497175141243,-1.859504132231405,-0.11998587570621469,-1.2623720893959527,-0.4618783320986278,-0.14019564067535492,Specialty Retail,Consumer Cyclical,CONN
2012Q1,2012,Q1,2011-05-26,2011-04-30,3993000.0,155690000.0,14160000.0,0.13,44250000.0,0.28421863960434196,797255000.0,362585000.0,468098000.0,109152000.0,434670000.0,85122000.0,230201000.0,208080400.0,520132400.0,11.413529337698312,4.288496775139255,0.40222137208295966,0.8844077940345022,0.012630017415910884,11.413529337698312,0.011012590151274874,1.3365045924593744,13.027823691460055,0.5738803315084738,0.0,1.3091797655130284,0.0,0.19528256329530702,3.3098614775725594,0.005008435193256862,4.099702492365284,0.28421863960434196,2.312310136638068,-0.7111211711416161,-0.3329140749538466,0.15251806600926124,1.672707094969519,2.26882745471878,2.435225618631732,-0.7057610329814,-0.4437925041151175,-0.10443329481920374,Specialty Retail,Consumer Cyclical,CONN
2011Q4,2011,Q4,2011-04-01,2011-01-31,-3147000.0,72676000.0,4122000.0,-0.09906194913120121,-65779000.0,-0.905099345038252,849029000.0,358045000.0,493870000.0,112167000.0,490984000.0,82354000.0,263262000.0,140414560.0,503173560.0,11.27061823218333,4.402988401223176,0.44019226669524836,1.0438241003225852,0.00454759485350405,11.27061823218333,-0.00878939798070075,1.9320623039242666,-11.154636161423577,0.3921701462106718,0.0,1.6812176700585277,0.0,0.08559896069509994,3.4623284923373183,-0.0037065871719340563,7.102405665149216,-0.905099345038252,0.5226758291033786,-1.2004389539385125,-0.5210079582044083,0.2015745672802109,-2.000076017879405,0.3822143698468787,40.25714285714286,-1.188117799578351,-0.572661774251617,-0.08164602188863054,Specialty Retail,Consumer Cyclical,CONN
2011Q3,2011,Q3,2010-12-02,2010-10-31,-5094000.0,169858000.0,-105000.0,-0.207536,65774000.0,0.3872293327367566,863349000.0,343218000.0,494210000.0,94522000.0,520131000.0,83729000.0,272122000.0,101704779.36,516879779.36,13.768570649401978,5.228518228560547,0.49527711273193115,1.2458466630538025,-8.884787567456808e-05,13.768570649401978,-0.014841878922434139,0.5987635516725736,-4.991400636042402,0.29632705557400835,0.0,1.2431057339750864,0.0,0.19674314790426584,4.098474429233406,-0.005900279029685562,5.658438820518526,0.3872293327367566,-4.285721070880104,-1.5818140260276663,0.022159107067265524,0.547559660388567,-0.1906631064735631,-4.023145400593472,-1.012009607686149,-2.299741038589251,-0.0797285164041352,0.16749837255774278,Specialty Retail,Consumer Cyclical,CONN
2011Q2,2011,Q2,2010-08-26,2010-07-31,1685000.0,213665000.0,8743000.0,0.063163,81269000.0,0.3803571010694311,892337000.0,347697000.0,513801000.0,231572000.0,544640000.0,99106000.0,277216000.0,131066933.67999999,552337933.68,13.953833882047068,2.2187526989446047,0.4815859927359282,1.2359525678967607,0.006634965217651412,13.953833882047068,0.004846173536153605,0.6134225712213044,19.44613259347181,0.3769573326200686,0.0,1.3359029725748188,0.0,0.23944429066597037,1.6974418323458795,0.0018883000480760072,-20.031626727800703,0.3803571010694311,-0.7200010639099578,-0.8121944489299673,0.3508539771371571,0.6340008508030484,0.0034448697370045686,-0.6962321975842798,-0.3742932798969441,-0.8177159698694026,0.09673651723189985,0.17640862604400145,Specialty Retail,Consumer Cyclical,CONN
2011Q1,2011,Q1,2010-05-27,2010-04-30,5547000.0,197519000.0,13973000.0,0.225583,80990000.0,0.41003650281745047,877029000.0,345374000.0,499905000.0,205924000.0,531655000.0,88901000.0,275531000.0,237370323.82,651435323.8199999,13.866157180186974,2.427618927371263,0.47863069522216484,1.2154157521990654,0.011234166997976712,13.866157180186974,0.016060849977126247,1.201759445015416,10.698139707048854,0.6872848674769959,0.0,1.310772657225453,0.0,0.22521376146056743,1.8917173326081467,0.00632476235107391,8.233734219709321,0.41003650281745047,-0.13902048182623353,-0.4131459149380596,0.2950622628053918,0.7016394013596479,2.993158438745878,-0.15001532332209622,0.49236355868845455,-0.5507095750016924,0.008796055113117977,0.20199005525180536,Specialty Retail,Consumer Cyclical,CONN
2010Q4,2010,Q4,2010-03-25,2010-01-31,6526000.0,88416000.0,9363000.0,0.2620073941810912,-40634000.0,-0.45957745204487876,551439000.0,344327000.0,409605000.0,94926000.0,207112000.0,63499000.0,275148000.0,137241393.94,231002393.94,13.824121976125129,4.3149927311800775,0.19205025397188083,0.3075680966058427,0.016474221876453827,13.824121976125129,0.018952913945174208,1.552223510903004,5.257485210695679,0.39857865906536516,0.0,2.0323154695349532,0.0,0.1603368640955754,3.433042580536418,0.011834491212990014,6.545902601354574,-0.45957745204487876,1.4270100591947847,-0.2681318018988162,0.0205022040121643,0.7782372724808323,-1.686385135135135,1.4272620138797958,1.4809183830705224,-0.45964301765451926,-0.2804776322116632,0.2342644969618727,Specialty Retail,Consumer Cyclical,CONN
2010Q3,2010,Q3,2009-11-25,2009-10-31,-15274000.0,182835000.0,-19469000.0,-0.613586,59200000.0,0.3237892088495091,569121000.0,337167000.0,420402000.0,99985000.0,231954000.0,71698000.0,268622000.0,157055660.22,271937660.22,13.546304329432083,4.204650697604641,0.22045224126328145,0.37211233602339494,-0.031026646292250708,13.546304329432083,-0.045300993276328944,0.8590021616211339,-2.5706373612020426,0.46580970326277477,0.0,1.7243856174509749,0.0,0.3212585724301159,3.162064309646447,-0.026837878061080157,14.519336250346676,0.3237892088495091,-4.090910922710351,-3.499132598793995,0.42138440513192915,0.8329784112143974,-0.22768841402162995,-4.0862800565770865,-3.153650442477876,-3.25281290170849,0.11070389280847508,0.26359896569886865,Specialty Retail,Consumer Cyclical,CONN
2010Q2,2010,Q2,2009-08-27,2009-07-31,4949000.0,220211000.0,9040000.0,0.198513,76653000.0,0.348088878393904,586371000.0,351859000.0,433219000.0,103078000.0,234512000.0,100867000.0,283896000.0,313792536.2,439235536.2,14.139730803450512,4.202826985389705,0.22220573664113674,0.3703045822332241,0.011439991685648302,14.139730803450512,0.014065293199832888,1.4249630409016807,15.851310173772479,0.8918133007824157,0.0,1.423240504823183,0.0,0.3755489272150226,2.9822173499679856,0.008440049047446071,-4.3385255326503245,0.348088878393904,-0.5686272379391946,-0.2476002246161776,0.6641256250724155,0.984201042673125,-0.07500995547188936,-0.5704365940456557,-0.5203989601570375,-0.38923964353459595,0.27437055374244185,0.33220348604336536,Specialty Retail,Consumer Cyclical,CONN
2010Q1,2010,Q1,2009-06-04,2009-04-30,11521000.0,231326000.0,18849000.0,0.460189,82869000.0,0.35823469908267985,524135000.0,346279000.0,392153000.0,117028000.0,177856000.0,90979000.0,278947000.0,408972339.72,461747339.72,13.919833218788227,3.3509331100249513,0.11393247922767989,0.17245053843865785,0.029274904591721433,13.919833218788227,0.03327085962475345,1.7679480029049914,8.874497433382519,1.1810486333852184,0.0,1.6317721672034207,0.0,0.4413481259599149,0.9477048227774549,0.02198097818310168,-259.00718158328056,0.35823469908267985,-0.09330218047623941,0.5282710234571472,0.7684068994442227,1.0327167714558885,19.32597498160412,-0.0875178203706637,-0.09007965242577842,0.06439869238899895,0.2657363667058829,0.4056002123287598,Specialty Retail,Consumer Cyclical,CONN
2009Q4,2009,Q4,2009-03-26,2009-01-31,12626000.0,184213000.0,20715000.0,0.5075439579657448,4077000.0,0.022131988513297108,516629000.0,334150000.0,397602000.0,118531000.0,182479000.0,95971000.0,267426000.0,302500222.08,353619222.08,13.432267824667642,3.3544136133163476,0.1217837171355073,0.18828969025886577,0.03275967994087222,13.432267824667642,0.03778542570701781,1.6421220113672759,5.989628981466815,0.9052827235672601,0.0,1.8769836721509623,0.0,0.35656728522789083,2.382026642819178,0.02443920105143149,-13.730039128540303,0.022131988513297108,2.6070875382049827,0.5479918116799476,0.31899937435848436,1.0681946347802358,-0.9248617766310357,2.6308447429604755,2.8999357974869304,0.02694910512743141,0.5504412275921774,0.4320307073244133,Specialty Retail,Consumer Cyclical,CONN
2009Q3,2009,Q3,2008-11-26,2008-10-31,-7742000.0,183746000.0,-10903000.0,-0.315816,54260000.0,0.29529894528316264,477044000.0,320733000.0,368522000.0,121803000.0,156311000.0,106339000.0,254800000.0,336703367.35,365848367.35,12.907302306491173,3.025557662783347,0.07007320079489524,0.10422376244415137,-0.020967786402875332,12.907302306491173,-0.0241384578449988,1.8324391679274652,-10.872622298824593,1.0497933400990855,0.0,1.2176717855161323,0.0,0.3851762101609076,0.6690804003185472,-0.01622911094154837,-4.573034271608628,0.29529894528316264,-1.7777780514174397,-2.084572558404772,0.16720919996632574,1.3832569591083121,-0.3173211207710019,-1.7581276929103016,-1.6710364352535696,-1.8870568367372704,0.10923464155445131,0.45075483015614487,Specialty Retail,Consumer Cyclical,CONN
2009Q2,2009,Q2,2008-08-28,2008-07-31,10212000.0,218532000.0,16248000.0,0.406049,79481000.0,0.363704171471455,439390000.0,327338000.0,364329000.0,111001000.0,112052000.0,96404000.0,262542000.0,389867628.09999996,343159628.09999996,13.181926965943957,3.282213673750687,0.00013200118345888618,0.00017718688328272305,0.03127435143520604,13.181926965943957,0.031197111242813238,1.7840299274248164,9.544350472483352,1.191024653721841,0.0,1.4423779096303058,0.0,0.49735314868340197,0.6871739894235187,0.023241311818657684,325.4320768781302,0.363704171471455,-0.04255404436731302,0.3797115978783353,0.3922405561614206,0.0,0.029946870545548787,-0.0362400906002265,-0.017832315783110682,0.14211332190710127,0.38637248542848224,0.5436101690509875,Specialty Retail,Consumer Cyclical,CONN
2009Q1,2009,Q1,2008-06-04,2008-04-30,10596000.0,218558000.0,16543000.0,0.424096,77170000.0,0.35308705240714133,419829000.0,316122000.0,347146000.0,102562000.0,103707000.0,89813000.0,252330000.0,437305574.01,391941574.01,12.74447706873399,3.384742887229188,0.00021437299471927857,0.0002847002106781559,0.03343438554003646,12.74447706873399,0.03351870480384155,2.000867385362238,10.31770418105889,1.3833443227930988,0.0,1.5742487167781947,0.0,0.5205881442206232,0.7779001969540376,0.02523884724494973,12.79981191306893,0.35308705240714133,-0.19464529993936616,0.556640649376665,0.35166636216765323,0.0,5.497979117547996,-0.18879191548001836,-0.1893070665490542,0.12567944701340317,0.4389619132572626,0.5639880644703498,Specialty Retail,Consumer Cyclical,CONN
2008Q4,2008,Q4,2008-01-31,2008-01-31,13062000.0,132789000.0,20406000.0,0.5265953001429935,11876000.0,0.0894351188727982,382852000.0,304418000.0,313828000.0,77065000.0,78434000.0,81495000.0,241734000.0,478729301.1,467833301.1,12.272629618659455,4.07225069746318,0.00031082507078453295,0.00039090986735344167,0.043024169660230864,12.272629618659455,0.042908106616560124,3.6051879380069134,9.162633997473588,1.5726051058084607,0.0,1.4836861157126204,0.0,0.3468415993647676,2.923051969116979,0.03411762247552579,-511.4629285256411,0.0894351188727982,2.4329141577550493,0.5894593334290986,0.5473453243962313,0.0,-0.8076761133603239,2.2484456602835117,2.1844569288389515,0.4709445687545352,0.5390261710216229,0.5786642693794855,Specialty Retail,Consumer Cyclical,CONN
2008Q3,2008,Q3,2007-11-29,2007-10-31,4021000.0,189366000.0,6408000.0,0.153396,61750000.0,0.3260881045171784,393877000.0,301610000.0,328731000.0,90802000.0,92267000.0,97466000.0,228672000.0,653949016.78,631043016.78,11.79322470423487,3.620305720138323,0.0003529020481013108,0.00046086005105931504,0.013032773509195966,11.79322470423487,0.01333178608136335,3.4533602483022294,40.65835717358866,2.168194081031796,0.0,1.3093386411671764,0.0,0.48077445496944476,0.647606880905707,0.010208770758383962,-75.96108918341271,0.3260881045171784,-0.5750014545635893,-0.33439827482226664,0.2783980927960061,0.0,-0.10151759861480932,-0.5836181008594802,-0.5304118422981093,-0.35970272022383687,0.43273307296316776,0.5957655871126496,Specialty Retail,Consumer Cyclical,CONN
2008Q2,2008,Q2,2007-08-30,2007-07-31,9657000.0,203527000.0,13646000.0,0.360933,68727000.0,0.337680012971252,393576000.0,308769000.0,329153000.0,82844000.0,84807000.0,84870000.0,224651000.0,660417861.13,616994861.13,11.861383513457126,3.973166433296316,0.00044718173872390594,0.0005700054085740473,0.030572430037501108,11.861383513457126,0.031275808128406676,3.2448660921155423,17.09686913974319,2.1388735952443416,0.0,1.5883115352892658,0.0,0.517122487143525,0.8588431268408092,0.02453655710714068,-98.80578413076002,0.337680012971252,-0.259258423138413,0.24462614778640968,0.23691669611176958,0.0,-0.03842010269612301,-0.2540553066584273,-0.29210976811744566,0.40346832187052156,0.47027411001130087,0.6644849793890079,Specialty Retail,Consumer Cyclical,CONN
2008Q1,2008,Q1,2007-05-31,2007-04-30,12946000.0,205310000.0,19277000.0,0.487259,71473000.0,0.3481223515659247,384644000.0,301296000.0,322503000.0,80286000.0,83348000.0,81255000.0,214994000.0,677759297.4,625042297.4,11.535999919135893,4.016926986024961,0.00042376847162571107,0.000540996229621369,0.04068413314307648,11.535999919135893,0.04296771281397695,3.3011509298134527,13.088199007415417,2.2494799048112157,0.0,1.647123253953603,0.0,0.5337662877881886,1.0272276611115263,0.033657095912064144,-81.07168629186603,0.3481223515659247,0.004909818227100401,0.8062447562544428,0.20588940699064356,0.0,6.771864653153517,0.0222678458622868,-0.021571414069637602,0.6356855086526352,0.4949334396044527,0.6846049907760793,Specialty Retail,Consumer Cyclical,CONN
2007Q4,2007,Q4,2007-03-29,2007-01-31,12664000.0,128852000.0,19702000.0,0.484878335510385,-12383000.0,-0.09610250519976407,389947000.0,292528000.0,317762000.0,97022000.0,97419000.0,87098000.0,196417000.0,612986925.24,556614925.24,11.200291355826113,3.275154088763373,0.0005077613111525413,0.0006768582836514795,0.042907316012801566,11.200291355826113,0.043291582344254224,4.7572946111818215,12.100973729469361,2.09548120261992,0.0,1.621564215022159,0.0,0.33043464881124873,2.317680526066253,0.03247620830523122,41.3342498476062,-0.09610250519976407,0.7912084474282689,0.4635421086083951,0.42597164415651617,0.0,-1.2022308596812123,0.7701984903550462,0.7902771467514766,0.4788624339839685,-0.12124162042553886,0.7245325057884023,Specialty Retail,Consumer Cyclical,CONN
2007Q3,2007,Q3,2006-10-31,2006-10-31,7154000.0,173693000.0,11005000.0,0.270699,61232000.0,0.35253003863137833,352221000.0,281551000.0,280651000.0,70203000.0,70670000.0,77224000.0,183753000.0,,,,,,,,,,,,,,,,,,,,,,,,,,,,,,,Specialty Retail,Consumer Cyclical,CONN
2007Q2,2007,Q2,2006-07-31,2006-07-31,8544000.0,182204000.0,12244000.0,0.315816,61059000.0,0.3351133893877193,354954000.0,278492000.0,282629000.0,75038000.0,76462000.0,79642000.0,176599000.0,,,,,,,,,,,,,,,,,,,,,,,,,,,,,,,Specialty Retail,Consumer Cyclical,CONN
2007Q1,2007,Q1,2006-10-04,2006-04-30,11378000.0,192115000.0,17524000.0,0.424096,64821000.0,0.3374072820966609,340011000.0,258967000.0,268417000.0,79649000.0,81044000.0,80527000.0,159696000.0,,,,,,,,,,,,,,,,,,,,,,,,,,,,,,,Specialty Retail,Consumer Cyclical,CONN
