Quarters,Year,Quarter,FillingDate,Date,NetIncome,Revenue,OperatingIncome,EPSDiluted,GrossProfit,GrossProfitRatio,TotalAssets,CommonStockEquity,CurrentAssets,CurrentLiability,TotalLiability,Inventory,RetainedEarnings,MarketCap,EnterpriseValue,bookValuePerShare,currentRatio,debtToAssets,debtToEquity,roic,shareholdersEquityPerShare,roe,priceToSalesRatio,peRatio,pbRatio,payoutRatio,inventoryTurnover,dividendYield,assetTurnover,quickRatio,returnOnAssets,priceToFreeCashFlowsRatio,grossProfitMargin,epsdilutedGrowth,fiveYNetIncomeGrowthPerShare,fiveYRevenueGrowthPerShare,fiveYShareholdersEquityGrowthPerShare,grossProfitGrowth,netIncomeGrowth,operatingIncomeGrowth,threeYNetIncomeGrowthPerShare,threeYRevenueGrowthPerShare,threeYShareholdersEquityGrowthPerShare,Industry,Sector,Symbol
2023Q1,2023,Q1,2023-05-09,2023-03-31,10873000.0,120852000.0,20598000.0,0.91,43094000.0,0.3565849138,298208000.0,-70732000.0,168332000.0,57460000.0,368940000.0,69715000.0,37164000.0,512885304.19,784712304.19,-6.207328020497557,2.929550991994431,0.9792426762528168,-4.128513261324436,0.07189871635065957,-6.207328020497557,-0.15372108805067014,4.243912423377354,11.79263552354456,-7.251107054657015,0.0,1.1153697195725454,0.0,0.4052607575920163,1.5730595196658546,0.03646112780341238,133.00967432313277,0.35658491377883694,-0.14150943396226418,2.4572367457274606,0.9991928746769478,0.43998231866708987,-0.0927196934607773,-0.1285565440410355,-0.09059602649006622,3.43127292695171,0.609384656254359,0.5354529955656653,Credit Services,Financial Services,PMTS
2022Q4,2022,Q4,2023-03-08,2022-12-31,12477000.0,126436000.0,22650000.0,1.06,47498000.0,0.3756683223,296666000.0,-82077000.0,167570000.0,68012000.0,378743000.0,68399000.0,26291000.0,410801215.44,690983215.44,-7.208688895499438,2.4638299123684058,0.981639284582662,-3.5481194488102634,0.08500306812011708,-7.208688895499438,-0.15201579005080595,3.2490842437280523,8.231169660976196,-5.005071036222084,0.0,1.1540812000175442,0.0,0.4261897217746557,1.349644180438746,0.042057397881792996,25.36436252408002,0.3756683223132652,0.04950495049504955,1.8353334295741395,0.9033063926676193,0.32873279088629975,-0.019446738232865402,0.04760705289672544,-0.03390914907229686,6.498371102063023,0.7162259318353675,0.46920522830934674,Credit Services,Financial Services,PMTS
2022Q3,2022,Q3,2022-11-03,2022-09-30,11910000.0,124577000.0,23445000.0,1.01,48440000.0,0.3888358204,305047000.0,-94260000.0,176667000.0,64002000.0,399307000.0,72219000.0,13814000.0,177548487.92,471577487.91999996,-8.366940306860599,2.7603356145120466,1.0343848652830547,-3.347506895820072,0.07669229815575089,-8.366940306860599,-0.12635264162953533,1.425210816763929,3.7268784198152813,-1.8836037335030764,0.0,1.0542516512275164,0.0,0.40838624867643347,1.552576481984938,0.039043163840326245,13.055035876470587,0.3888358204162887,0.9423076923076923,17.005795436814584,0.8084265398369151,0.11818384514734934,0.19454514068703607,0.936270525117867,0.5573933838182543,18.347285461921164,0.7314488976107784,0.3745294163699487,Credit Services,Financial Services,PMTS
2022Q2,2022,Q2,2022-08-08,2022-06-30,6151000.0,113308000.0,15054000.0,0.52,40551000.0,0.3578829385,289684000.0,-106965000.0,163353000.0,63937000.0,396649000.0,75797000.0,1904000.0,189129914.4,494566914.4,-9.501468901420917,2.5549056102100507,1.085624335482802,-2.940101902491469,0.05526660973577299,-9.501468901420917,-0.057504791286869535,1.6691664701521518,7.68695799057064,-1.7681476595147945,0.0,0.9598928717495415,0.0,0.3911434528658814,1.2901137056790277,0.021233482001077036,67.83712855093258,0.3578829385392029,0.01960784313725492,3.8121687381216125,0.7001278909549531,0.0007769206672168654,0.0324100005091909,0.02482505831389537,-0.16278293754518658,3.012935553299784,0.681740856017299,0.2893867523586427,Credit Services,Financial Services,PMTS
2022Q1,2022,Q1,2022-05-05,2022-03-31,6002000.0,111424000.0,17981000.0,0.51,39278000.0,0.3525093337,285735000.0,-114057000.0,159995000.0,60554000.0,399792000.0,70516000.0,-4247000.0,163204257.0,470528257.0,-10.133476481560159,2.6421871387521882,1.1180289429016397,-2.800880261623574,0.0527525003458276,-10.133476481560159,-0.05262281140131689,1.46471367927915,6.797911404531822,-1.430900839054157,0.0,1.0231153213455102,0.0,0.3899557282097048,1.3758463520163822,0.02100547710291004,-8.5380202458802,0.35250933371625504,7.931698774080561,2.3118178431944165,0.9592840841267293,-0.10258038947258001,1.2426230318304516,7.918276374442794,0.9531827069302629,2.94806703459899,0.6523137686667762,0.2582417906145083,Credit Services,Financial Services,PMTS
2021Q4,2021,Q4,2022-03-08,2021-12-31,673000.0,-99615000.0,9206000.0,0.0571,-161889000.0,1.6251468152,268140000.0,-121020000.0,145701000.0,64775000.0,389160000.0,58009000.0,0.0,208762330.70000002,491705330.70000005,-10.75347737531271,2.249340023157082,1.1323413142388306,-2.5088910923814245,0.019007840149082206,-10.75347737531271,-0.005561064286894729,-2.095691720122472,77.54915702080238,-1.7250233903487027,0.0,1.0735230740057577,0.0,-0.3715036921011412,1.2603010420686993,0.0025098828969941076,0.0,1.6251468152386688,-0.8980357142857143,1.1659631175154237,-2.463415399398367,-0.2573645044899493,-5.295847154040069,-0.8984304255961364,-0.4488085259250389,1.090839694901588,-2.441794555235317,0.19764626965916762,Credit Services,Financial Services,PMTS
2021Q3,2021,Q3,2021-11-05,2021-09-30,6626000.0,99602000.0,16702000.0,0.56,37685000.0,0.37835585630810625,252275000.0,-122533000.0,137958000.0,51921000.0,374808000.0,46442000.0,-10922000.0,390206900.15999997,676153900.16,-10.902794794903814,2.6570751718957646,1.2161331879892974,-2.5038152987358506,0.0619398040629247,-10.902794794903814,-0.05407522871389748,3.917661293548322,14.722566411107758,-3.1845045837447867,0.0,1.333211317342061,0.0,0.3948151818452086,1.664432503226055,0.026264988603706272,-41.711052929983964,0.37835585630810625,0.05660377358490571,0.618325429900376,0.20611725508869555,-0.35447470867109665,0.016096850733390854,0.06322207958921694,0.05795908025590676,2.0759778070503883,0.39327735941857983,0.1451744394269326,Credit Services,Financial Services,PMTS
2021Q2,2021,Q2,2021-08-12,2021-06-30,6232000.0,93219000.0,15787000.0,0.53,37088000.0,0.3978588056082987,248368000.0,-129263000.0,135477000.0,53744000.0,377631000.0,40273000.0,-17548000.0,216122958.48,491838958.48,-11.507431406137023,2.5207837153914854,1.233584841847581,-2.370229686762647,0.062221467082667674,-11.507431406137023,-0.048211785274982016,2.3184432195153346,8.669887615532735,-1.67196304031316,0.0,1.3937625704566334,0.0,0.37532612896991563,1.6591247395058053,0.025091799265605876,10.08836103626943,0.3978588056082987,1.5238095238095242,20.012449031879456,0.2652435161269806,-0.4214657204179214,0.03826880546457266,1.5858921161825725,-0.11154257414598458,1.3699919235087323,0.5047679827286999,0.08576960738764972,Credit Services,Financial Services,PMTS
2021Q1,2021,Q1,2021-05-11,2021-03-31,2410000.0,89092000.0,17769000.0,0.21,35721000.0,0.40094509046828,246294000.0,-135576000.0,133198000.0,45726000.0,381870000.0,33490000.0,-23780000.0,157114443.18,453749443.18,-12.072144365664805,2.912959804050212,1.3054276596263004,-2.3715038059833597,0.05979691862307912,-12.072144365664805,-0.017776007552959227,1.7635078702913842,16.298178753112033,-1.1588661944591963,0.0,1.5936398925052255,0.0,0.3617302898162359,2.066985959847789,0.009785053635086523,-66.01447192436976,0.40094509046828,-0.6718750000000001,-0.5753017654501448,0.03839790286199475,-0.6597801216292316,0.1536672803022963,-0.6691832532601235,0.4287207525930691,1.3277257867379066,0.49538289243904743,-0.08913437054577515,Credit Services,Financial Services,PMTS
2020Q4,2020,Q4,2021-02-25,2020-12-31,7285000.0,84140000.0,12437000.0,0.64,30963000.0,0.3679938198241027,266151000.0,-138037000.0,152534000.0,56927000.0,404188000.0,24796000.0,-26190000.0,49301815.98,328406815.98,-12.29128010712274,2.679466685404114,1.26510138981255,-2.4392590392431015,0.0723945663188114,-12.29128010712274,-0.052775705064584136,0.5859497977180889,1.6918948517501715,-0.35716377478502137,0.0,2.1445797709307954,0.0,0.3161363286254795,2.1554973913959983,0.027371679986173264,6.114574721567655,0.3679938198241027,0.23076923076923075,4.064702592221536,-0.13217532221855446,-0.5380826265682959,0.01163132616721665,0.25408848338784645,-0.07751075508084854,1.4944769341645971,0.28412488153531545,-0.14455394227016233,Credit Services,Financial Services,PMTS
2020Q3,2020,Q3,2020-11-03,2020-09-30,5809000.0,82702000.0,13482000.0,0.52,30607000.0,0.3700877850596116,253688000.0,-145374000.0,141670000.0,47635000.0,399062000.0,20166000.0,-33475000.0,22010854.88,312321854.88,-12.945114651539605,2.9740736853154193,1.3235115575037053,-2.3096220782258174,0.05561463531805777,-12.945114651539605,-0.03995900229752225,0.2661465850886315,0.9472738371492512,-0.1514084697401186,0.0,2.58330853912526,0.0,0.3259988647472486,2.461152513907841,0.022898205669956796,-6.263760637450199,0.3700877850596116,51.0,-0.6041515128929162,-0.22762825677450757,0.3041117246595605,0.32200241879751207,50.86607142857143,4.379888268156424,8.831533370532433,0.20436726241324216,-0.3643232540797848,Credit Services,Financial Services,PMTS
2020Q2,2020,Q2,2020-08-05,2020-06-30,112000.0,71378000.0,2506000.0,0.01,23152000.0,0.3243576452128107,246504000.0,-149853000.0,132233000.0,44857000.0,396357000.0,18895000.0,-37929000.0,32566475.099999998,317532475.1,-13.344204390115282,2.9478788149006845,1.3582700483562133,-2.2343162966373713,-0.0003568046674532047,-13.344204390115282,-0.0007473991178021127,0.45625367900473535,72.6930247767857,-0.21732281035414705,0.0,2.552315427361736,0.0,0.28956122415863433,2.433644693135965,0.000454353681887515,4.004731320708313,0.3243576452128107,-0.9523809523809523,-0.9932250389629141,-0.4506602019468976,-28.859519725392676,-0.09949436017113963,-0.9536615639222176,-0.6738253286476636,1.0513324342445458,0.073652107643352,-0.40334480281706736,Credit Services,Financial Services,PMTS
2020Q1,2020,Q1,2020-05-06,2020-03-31,2417000.0,73969000.0,7683000.0,0.21,25710000.0,0.3475780394489583,237390000.0,-149983000.0,119978000.0,35390000.0,387373000.0,19146000.0,-38041000.0,7520415.0,299181415.0,-13.36210967080939,3.3901667137609492,1.4065040650406504,-2.2261856343718955,0.06635334231262793,-13.36210967080939,-0.016115159718101384,0.10166982114128892,0.7778666735622674,-0.05014178273537668,0.0,2.5205787109579023,0.0,0.31159273768903495,2.720655552415937,0.010181557774126965,3.357328125,0.3475780394489583,2.05,-0.7151134391686975,-0.29617681547007196,-5.776994454533744,0.168742612964815,2.08046490835941,0.9659672466734903,1.5297252435104816,0.3042621437727704,-0.4538742071218653,Credit Services,Financial Services,PMTS
2019Q4,2019,Q4,2020-03-06,2019-12-31,-2237000.0,72625000.0,3908000.0,-0.2,21998000.0,0.3028984509466437,213487000.0,-152435000.0,92215000.0,39770000.0,365922000.0,20192000.0,-40458000.0,10101771.9,303691771.9,-13.580934251742509,2.318707568518984,1.4416709214144188,-2.019076983632368,0.02396586319734961,-13.580934251742509,0.014675107422835962,0.13909496592082618,-1.128941875279392,-0.06626937317545184,0.0,2.5072801109350236,0.0,0.3401846482455606,1.6514458134272065,-0.010478389784858095,2.028875657762603,0.3028984509466437,-2.3333333333333335,-1.3270944063080463,-0.39196065498837823,-4.168999733284328,-0.13458436602541407,-2.27046783625731,-0.5096612296110414,0.4468846914924198,0.06974976896543444,-0.5879686235408316,Credit Services,Financial Services,PMTS
2019Q3,2019,Q3,2019-11-06,2019-09-30,-684000.0,71681000.0,7970000.0,-0.06,25419000.0,0.3546127983705584,213749000.0,-150140000.0,90377000.0,36857000.0,363889000.0,22105000.0,-38221000.0,29069421.849999998,326491421.85,-13.377032470977747,2.452098651545161,1.4376067256455,-2.0466697748767815,-0.0174067090459687,-13.377032470977747,0.004555747968562675,0.40553873202103763,-10.624788687865497,-0.19361543792460367,0.0,2.092829676543768,0.0,0.3353512764972,1.7445261415741922,-0.003200014970830273,-10.838710607755406,0.3546127983705584,-1.4285714285714286,-1.0673891252475551,-0.31846388409977366,0.0,0.13574013672311336,-1.4494086727989488,-0.2105784469096672,-1.1672819671290633,-0.13083120649982868,-0.6618539099241326,Credit Services,Financial Services,PMTS
2019Q2,2019,Q2,2019-08-07,2019-06-30,1522000.0,66901000.0,10096000.0,0.14,22381000.0,0.334539095080791,210292000.0,-149465000.0,83969000.0,35611000.0,359757000.0,14854000.0,-37537000.0,28616862.72,321757862.72,-13.370801815133424,2.3579511948555223,1.4589047609989918,-2.0526277054828888,0.04174594643962231,-13.370801815133424,-0.010182985983340581,0.42774940165318903,4.7005359264126145,-0.19146196581139396,0.0,2.997172478793591,0.0,0.3181338329560801,1.8255314369155597,0.007237555399159264,3.30105695235898,0.334539095080791,1.5185185185185186,-0.4116808184038024,-0.07559063354219996,0.0,0.03996096835648901,1.4981996726677578,1.8280112044817927,5.665938948641354,-0.08753530147592647,-0.6516402109142905,Credit Services,Financial Services,PMTS
2019Q1,2019,Q1,2019-05-09,2019-03-31,-3055000.0,66866000.0,3570000.0,-0.27,21521000.0,0.3218526605449705,205584000.0,-152468000.0,77678000.0,36314000.0,358052000.0,14232000.0,-39059000.0,38392027.12,336817027.12,-13.661428149147442,2.139064823484056,1.489935987236361,-2.0089920507909858,0.026677515560152836,-13.661428149147442,0.020036991368680642,0.5741636574641821,-3.1417370801963993,-0.2518038350342367,0.0,3.1861298482293425,0.0,0.32524904661841386,1.6129316517045766,-0.014860105844812826,-3.1213030178861785,0.3218526605449705,0.5909090909090909,-1.0547189540345563,0.16314443627368694,0.0,0.025835359168692503,0.5841840206887164,10.130434782608695,-1.5417394002720572,-0.21576497798744879,-0.8782882467436641,Credit Services,Financial Services,PMTS
2018Q4,2018,Q4,2019-03-06,2018-12-31,-7347000.0,68516000.0,-391000.0,-0.66,20979000.0,0.30619125459746627,207204000.0,-149576000.0,84473000.0,41276000.0,356780000.0,9827000.0,-36004000.0,25557263.330000002,311084263.33,-13.402414631692102,2.0465403624382206,1.475927105654331,-2.044565973150773,-0.002726365158334595,-13.402414631692102,0.049118842595068726,0.3730116079455894,-0.8696496301211378,-0.17086473317911965,0.0,4.8373867914928255,0.0,0.3306692920986081,1.6873970345963756,-0.035457809694793535,3.3312387030761212,0.30619125459746627,-0.19999999999999996,-2.080421843493903,-0.42308248950370425,-4.101053901920909,-0.09992277329672215,-0.20147179067865903,-1.083422231704715,-2.1102002368906705,-0.2888830681144487,-0.6771256467521733,Credit Services,Financial Services,PMTS
2018Q3,2018,Q3,2018-11-07,2018-09-30,-6115000.0,70987000.0,4687000.0,-0.55,23308000.0,0.32834180906363136,207148000.0,-142339000.0,84330000.0,34454000.0,349487000.0,10481000.0,-28686000.0,34037951.199999996,326549951.2,-12.754408966894577,2.447611307830731,1.4739703014269991,-2.145090242308854,0.021666989622467225,-12.754408966894577,0.042960818890114445,0.4794955583416681,-1.3915760915780866,-0.23913299376839794,0.0,4.549088827401966,0.0,0.34268735396914285,2.0585998722934926,-0.02951995674590148,-6.58119706109822,0.32834180906363136,0.6333333333333333,-1.60590318714729,-0.3212080230200522,0.0,0.17272955974842769,0.634029564905141,0.7660135644310475,-1.4193159104248951,-0.3328761693984257,0.3143634569583905,Credit Services,Financial Services,PMTS
2018Q2,2018,Q2,2018-08-09,2018-06-30,-16709000.0,61454000.0,2654000.0,-1.5,19875000.0,0.32341263383994534,215599000.0,-140260000.0,90441000.0,40377000.0,355859000.0,10455000.0,-22571000.0,22286460.0,309377460.0,-12.587014716558844,2.2399138123188944,1.4139258530883725,-2.17339940111222,0.003809393280651034,-12.587014716558844,0.11912876087266505,0.3626527158525076,-0.3334499371596146,-0.15889391130757163,0.0,3.9769488283118126,0.0,0.28503842782202143,1.6858359957401492,-0.07750035946363387,-13.361187050359712,0.32341263383994534,-1.3076923076923077,-7.479175969147374,-0.1481701705837684,0.0,0.37619443290402993,-1.2917295295569882,1.668850806451613,-2.0185934991926984,-0.5233621723381258,-27.165202152576573,Credit Services,Financial Services,PMTS
2018Q1,2018,Q1,2018-05-09,2018-03-31,-7291000.0,59070000.0,-3968000.0,-0.65,14442000.0,0.24448958862366685,228903000.0,-123419000.0,84263000.0,31397000.0,352322000.0,8603000.0,-5861000.0,33571162.71,317730162.71,-11.08416435303143,2.68379144504252,1.3296243386936826,-2.466030351890714,-0.01723745068597631,-11.08416435303143,0.05907518291348982,0.568328469781615,-1.1511165378548895,-0.27200968011408294,0.0,5.18749273509241,0.0,0.25805690620044297,2.2740707710927794,-0.03185191980882732,-11.395506690427698,0.24448958862366685,0.5038167938931297,-3.9150941975453764,0.02990889536807176,0.0,-0.2250067078078884,0.5008557540905045,0.8176386782480812,-1.866304056609504,-0.43341022857457684,-4.62166620423229,Credit Services,Financial Services,PMTS
2017Q4,2017,Q4,2018-03-13,2017-12-31,-14607000.0,64964000.0,-21759000.0,-1.31,18635000.0,0.2868511791145865,234005000.0,-119574000.0,89374000.0,34542000.0,353579000.0,16237000.0,-1366000.0,40864103.11,321528103.11,-10.738926015792348,2.587400845347693,1.2985577231255743,-2.541263150852192,-0.06367098001683104,-10.738926015792348,0.12215866325455367,0.6290268935102519,-0.6993924678236462,-0.34174739583856023,-0.00020538098172109262,2.853298023033812,7.34140669115985e-05,0.27761799961539285,2.002692374500608,-0.0624217431251469,4.880461377045265,0.2868511791145865,-25.2,-3.1530162299472524,-0.451726271973189,-3.087311276414478,-0.11160373760488176,-18.8734693877551,-7.223970251716247,-3.1530162299472524,-0.451726271973189,-3.087311276414478,Credit Services,Financial Services,PMTS
2017Q3,2017,Q3,2017-11-08,2017-09-30,-735000.0,68044000.0,3496000.0,-0.05,20976000.0,0.3082711186879078,251508000.0,-105585000.0,84470000.0,31532000.0,357093000.0,18637000.0,13242000.0,65654669.00000001,354222669.0,-9.488304632226537,2.678865913992135,1.2062558646245845,-2.8733532225221388,0.008718677199727388,-9.488304632226537,0.006961216081829805,0.9648855005584622,-22.331520068027213,-0.6218181465170242,-3.416326530612245,2.52551376294468,0.03824556635873071,0.27054407812077547,1.9644171000887987,-0.0029223722505844745,-95.01399276411,0.3082711186879078,0.7500000000000001,-1.0730371943908308,-0.34747421000368883,0.0,0.08762833143212694,0.6598796853308654,0.7755205688166582,-1.0730371943908308,-0.34747421000368883,0.0,Credit Services,Financial Services,PMTS
2017Q2,2017,Q2,2017-08-03,2017-06-30,-2161000.0,65846000.0,1969000.0,-0.2,19286000.0,0.29289554414846763,255534000.0,-105762000.0,85830000.0,35910000.0,361296000.0,22087000.0,13978000.0,158495240.25,443461240.25,-9.508856528579571,2.390142021720969,1.1853491120555386,-2.8639492445301715,0.0071756114451215795,-9.508856528579571,0.020432669578865754,2.407059506272211,-18.335867682785747,-1.4986029032166561,-1.1564090698750578,2.1080273464028614,0.015767034997759184,0.2576799956170216,1.6401280980228348,-0.008456800269240101,-27.55959663536776,0.29289554414846763,0.5,-1.839525355826467,-0.08558820337690641,0.0,0.19826032929481205,0.5204172214824678,2.0884466556108348,-1.839525355826467,-0.08558820337690641,0.0,Credit Services,Financial Services,PMTS
2017Q1,2017,Q1,2017-05-04,2017-03-31,-4506000.0,56008000.0,-1809000.0,-0.4,16095000.0,0.2873696614769319,261804000.0,-101878000.0,90837000.0,38741000.0,363682000.0,23975000.0,18663000.0,232783131.0,509283131.0,-9.190691743036998,2.34472522650422,1.155085483797039,-2.9683150434833823,-0.00598049954945485,-9.190691743036998,0.04422937238658003,4.156247875303528,-12.915175932090547,-2.284920502954514,-0.5608078118064802,1.6647758081334723,0.010855597607714968,0.2139310323753648,1.5954157094550991,-0.01721134894806802,-28.066449360983842,0.2873696614769319,-0.142857142857143,-2.051285115907069,-0.019090910515017188,0.0,-0.2124192601291838,-0.12257100149476831,-0.9900990099009901,-2.051285115907069,-0.019090910515017188,0.0,Credit Services,Financial Services,PMTS
2016Q4,2016,Q4,2017-03-02,2016-12-31,-4014000.0,67380000.0,-909000.0,-0.35,20436000.0,0.30329474621549424,264420000.0,-95273000.0,92417000.0,35276000.0,359693000.0,19369000.0,25968000.0,231153360.75,496120360.75,-8.552394581613282,2.619826510942284,1.1418273958096967,-3.169019554333337,-0.002910754230790256,-8.552394581613282,0.04213155878370577,3.4305930654496883,-14.396696608744396,-2.4262210778499678,-0.6198305929247633,2.4236666838762972,0.010763416945042188,0.25482187429090086,1.9403277015534641,-0.015180394826412525,12.65830791030064,0.30329474621549424,-2.0,-1.5913674803010147,-0.4316060048326418,-2.255101931270254,-0.29683790386401954,-1.9970193740685545,-1.077718878248974,-1.5913674803010147,-0.4316060048326418,-2.255101931270254,Credit Services,Financial Services,PMTS
2016Q3,2016,Q3,2016-11-10,2016-09-30,4026000.0,81202000.0,11696000.0,0.35,29063000.0,0.3579099036969533,270712000.0,-88955000.0,92754000.0,34088000.0,359667000.0,23384000.0,32481000.0,333741619.4,613908619.4,-8.049463548566937,2.721016193381835,1.113497000502379,-3.3886459445787196,0.033745974060398094,-8.049463548566937,-0.0452588387386881,4.110017233565675,20.72414427471436,-3.751802814906413,0.6177347242921013,2.2296869654464593,0.007451872512847285,0.29995715003398443,1.911728467495893,0.014871893377463873,268.065557751004,0.3579099036969533,12.994288719512195,-0.5971524820989091,-0.21587599440189517,0.0,0.27991368300524067,13.274390243902438,1.5818984547461368,-0.5971524820989091,-0.21587599440189517,0.0,Credit Services,Financial Services,PMTS
2016Q2,2016,Q2,2016-08-11,2016-06-30,-328000.0,73725000.0,4530000.0,-0.029180554861133474,22707000.0,0.3079959308240081,277134000.0,-90996000.0,99676000.0,42788000.0,368130000.0,23407000.0,31000000.0,281571068.1,560033068.1,-8.095468811413724,2.3295316443862766,1.1184372902639157,-3.406270605301332,0.013877026536058764,-8.095468811413724,0.003604554046331707,3.8192074343845372,-214.61209458841466,-3.0943235757615724,0.0,2.179604391848592,0.0,0.2660265431163264,1.6702813873048519,-0.0011835429792086138,21.360269162494312,0.3079959308240081,-1.058361109722267,-1.126088058174766,0.013090553478997279,0.0,-0.23524855179846424,-1.0574028701435072,-0.6684961580680571,-1.126088058174766,0.013090553478997279,0.0,Credit Services,Financial Services,PMTS
2016Q1,2016,Q1,2016-05-12,2016-03-31,5714000.0,86393000.0,13665000.0,0.5,29692000.0,0.34368525227738356,279957000.0,-82250000.0,101142000.0,37172000.0,362207000.0,23731000.0,39831000.0,465907027.6,748536027.6,-7.273339527536244,2.7209189712686968,1.105462624617352,-3.762699088145897,0.04029333266652716,-7.273339527536244,-0.06947112462006079,5.392879372171357,20.384451680084005,-5.664523131914894,0.0,2.389321983902912,0.0,0.30859381976517825,1.9519799849348973,0.020410277292584218,35.905288810110974,0.34368525227738356,3.4999999999999996,4.792818009918962,0.48315798660554016,0.0,-0.05526742817143403,3.4908456843940714,0.37267704671019586,4.792818009918962,0.48315798660554016,0.0,Credit Services,Financial Services,PMTS
2015Q4,2015,Q4,2016-03-24,2015-12-31,-2294000.0,93567000.0,9955000.0,-0.2,31429000.0,0.3358983402267894,280353000.0,-86610000.0,101019000.0,42021000.0,366963000.0,25640000.0,36661000.0,577667318.8,873061318.8,-7.991300268794088,2.4040122795744985,1.102181892114584,-3.5677173536543125,0.2434120572301246,-7.991300268794088,0.026486548897355962,6.173836061859416,-62.95415418482999,-6.669753132432744,-4.1730601569311245,2.423478939157566,0.01657182203051782,0.3337470974093375,1.6924632921634422,-0.008182541296151638,-108.74761272590361,0.3358983402267894,-1.1530518149266844,-1.3473801560037246,-0.18871639159740036,-2.0415454630959355,-0.26992496922112014,-1.155420054200542,-0.6226307808946171,-1.3473801560037246,-0.18871639159740036,-2.0415454630959355,Credit Services,Financial Services,PMTS
2015Q3,2015,Q3,2015-11-23,2015-09-30,14760000.0,107697000.0,26380000.0,1.306747,43049000.0,0.3997232977705971,289311000.0,-210117000.0,106910000.0,51175000.0,499428000.0,27096000.0,38955000.0,564761150.0,975392150.0,-18.602288772873276,2.089106008793356,1.4741541109740037,-2.0297691286283355,0.08442967700362486,-18.602288772873276,-0.07024657690715173,5.243982190775974,9.565737635501355,-2.6878412979435264,0.0,2.385887215825214,0.0,0.3722533882223628,1.4782999511480215,0.05101776289183612,25.461482800595103,0.3997232977705971,-0.11232692416042774,0.44498019770660496,0.0174902257169435,0.0,0.20131156690386492,0.21431509666803786,0.33997053893432216,0.44498019770660496,0.0174902257169435,0.0,Credit Services,Financial Services,PMTS
2015Q2,2015,Q2,2015-06-30,2015-06-30,12155000.0,95536000.0,19687000.0,1.4721039035278416,35835000.0,0.37509420532574106,287784000.0,-3690000.0,107808000.0,39897000.0,291474000.0,28043000.0,24194000.0,412844500.0,567257500.0,-0.4468994984794517,2.7021580569967667,0.5589747866455397,-43.59457994579946,0.08378667770708101,-0.4468994984794517,-3.294037940379404,4.321350066990454,8.491248457424929,-111.8819783197832,0.0,2.128909175195236,0.0,0.33197120062268926,1.8769832318219415,0.04223653851499736,303.1163729809104,0.37509420532574106,0.947604550552796,5.36090449652638,0.7871637121099788,0.0,0.4048533793319743,0.947604550552796,0.683081131914166,5.36090449652638,0.7871637121099788,0.0,Credit Services,Financial Services,PMTS
2015Q1,2015,Q1,2015-03-31,2015-03-31,6241000.0,77310000.0,11697000.0,0.755853596208742,25508000.0,0.3299443797697581,278831000.0,-16280000.0,101993000.0,40514000.0,295111000.0,27302000.0,12039000.0,412844500.0,567337500.0,-1.9716866762182856,2.5174754405884388,0.5944712029867554,-10.181633906633907,0.047024292779064586,-1.9716866762182856,-0.38335380835380833,5.340117707929116,16.5375941355552,-25.358998771498772,0.0,1.8973701560325251,0.0,0.2772647230759851,1.7232808411906995,0.02238273362717919,58.80138156957698,0.3299443797697581,0.24050884516000803,6.673636363636364,0.8177329477322423,0.0,-0.12840839199070594,0.24050884516000795,0.04223469660518578,6.673636363636364,0.8177329477322423,0.0,Credit Services,Financial Services,PMTS
2014Q4,2014,Q4,2014-12-31,2014-12-31,5031000.0,87865000.0,11223000.0,0.6093093162195451,29266000.0,0.3330791555226768,266624000.0,-21694000.0,88719000.0,36588000.0,288318000.0,21605000.0,5798000.0,412844500.0,579327500.0,-2.6273814959385433,2.4248114135782224,0.6492213754200672,-7.979072554623398,0.04724663849220684,-2.6273814959385433,-0.23190743984511847,4.698622887384055,20.515031802822502,-19.030354014935007,0.0,2.712288822031937,0.0,0.3295464774363898,1.5439215043183558,0.018869269083053287,20.59691179405308,0.3330791555226768,-0.32623543591803944,0.0,0.0,0.0,0.09762592356449011,-0.3262354359180394,-0.18157952308028877,0.0,0.0,0.0,Credit Services,Financial Services,PMTS
2014Q3,2014,Q3,2014-09-30,2014-09-30,7467000.0,77374000.0,13713000.0,0.9043356518011019,26663000.0,0.34459896089125547,,,,,,,,412844500.0,,,0.0,0.0,0.0,0.0,,0.0,5.335700622948277,13.822301459756261,0.0,0.0,0.0,0.0,0.0,0.0,0.0,-129.4995294855709,0.34459896089125547,2.9075996606797596,0.0,0.0,0.0,0.7142214221422142,2.9238045191802415,0.9963604600378512,0.0,0.0,0.0,Credit Services,Financial Services,PMTS
2014Q2,2014,Q2,2014-06-30,2014-06-30,1903000.0,53236000.0,6869000.0,0.23142996476864908,15554000.0,0.29217071154857616,,,,,,,,411139500.0,,,0.0,0.0,0.0,0.0,,0.0,7.722960027049365,54.01202049395691,0.0,0.0,0.0,0.0,0.0,0.0,0.0,-53.01605415860735,0.29217071154857616,2.737174328907828,0.0,0.0,0.0,0.5183522061694651,2.73,1.5755530558680164,0.0,0.0,0.0,Credit Services,Financial Services,PMTS
2014Q1,2014,Q1,2014-03-31,2014-03-31,-1100000.0,42531000.0,2667000.0,-0.13322207271745173,10244000.0,0.240859608285721,,,,,,,,412844500.0,,,0.0,0.0,0.0,0.0,,0.0,9.706907902471139,-93.82829545454545,0.0,0.0,0.0,0.0,0.0,0.0,0.0,724.2885964912281,0.240859608285721,0.0,0.0,0.0,0.0,0.0,0.0,0.0,0.0,0.0,0.0,Credit Services,Financial Services,PMTS
