Quarters,Year,Quarter,FillingDate,Date,NetIncome,Revenue,OperatingIncome,EPSDiluted,GrossProfit,GrossProfitRatio,TotalAssets,CommonStockEquity,CurrentAssets,CurrentLiability,TotalLiability,Inventory,RetainedEarnings,MarketCap,EnterpriseValue,bookValuePerShare,currentRatio,debtToAssets,debtToEquity,roic,shareholdersEquityPerShare,roe,priceToSalesRatio,peRatio,pbRatio,payoutRatio,inventoryTurnover,dividendYield,assetTurnover,quickRatio,returnOnAssets,priceToFreeCashFlowsRatio,grossProfitMargin,epsdilutedGrowth,fiveYNetIncomeGrowthPerShare,fiveYRevenueGrowthPerShare,fiveYShareholdersEquityGrowthPerShare,grossProfitGrowth,netIncomeGrowth,operatingIncomeGrowth,threeYNetIncomeGrowthPerShare,threeYRevenueGrowthPerShare,threeYShareholdersEquityGrowthPerShare,Industry,Sector,Symbol
2023Q1,2023,Q1,2023-04-27,2023-03-31,22196000.0,202728000.0,47388000.0,0.15,131515000.0,0.6487263723,7582970000.0,4599018000.0,205932000.0,359106000.0,2961934000.0,0.0,-1039694000.0,3240759020.0,5686116020.0,30.34073321502319,0.5734574192578236,0.32295287994018174,0.5324923711975035,0.006624895520346558,30.34073321502319,0.004826247690267792,15.98574947713192,36.501610875833485,0.7046632607221802,2.1808884483690756,0.0,0.01493693289172732,0.026734643549954702,0.5734574192578236,0.002927085297713165,122.32048841247075,0.6487263722820725,9.06711409395973,-0.04126494696082532,0.19863839973217623,0.14522431288276044,0.012463817207612244,8.79523389232127,0.027850078084331077,-0.8766022334012115,0.016879657369016445,-0.013618244025120385,REIT—Office,Real Estate,CUZ
2022Q4,2022,Q4,2023-02-09,2022-12-31,2266000.0,194542000.0,46104000.0,0.0149,129896000.0,0.667701576,7537016000.0,4625664000.0,197841000.0,399739000.0,2890067000.0,0.0,-1013292000.0,3829968180.0,6159429180.0,30.54412910553215,0.4949254388488489,0.6195040583700498,1.009414432176656,0.0004589849511000167,30.54412910553215,0.0004898756156953899,19.68710191115543,422.5472396293027,0.8279823566951685,21.384377758164167,0.0,0.012652063339074529,0.02581154133147654,0.7772071276507921,0.000300649487807907,-15.355312781900627,0.6677015760092936,-0.9718867924528302,-0.950437553366297,0.16966560686255078,0.14489259974305463,0.010564969114191912,-0.9718994531182182,0.07445990351674474,-0.9812489413259171,-0.03038956098813444,0.02831743904744444,REIT—Office,Real Estate,CUZ
2022Q3,2022,Q3,2022-10-27,2022-09-30,80639000.0,195170000.0,42909000.0,0.53,128538000.0,0.658595071,7496072000.0,4645357000.0,197414000.0,376469000.0,2830356000.0,0.0,-988488000.0,3536007250.0,5875920250.0,30.675583583715785,0.524383149741413,0.6191788179195717,0.9991501191404665,0.004588585346424626,30.675583583715785,0.017359053351550805,18.11757570323308,10.962460006944532,0.7611917124991686,0.6215478862585101,0.0,0.014174461887769035,0.026036302746291658,0.7825398638400506,0.010757500728381478,30.839334461315726,0.6585950709637751,1.3043478260869568,3.633474634334981,0.1958726411855519,0.1647636562030758,0.041096999935203785,1.3681134735111007,-0.15508516294181351,2.8358020881020924,0.004377691249359377,0.05086384408812108,REIT—Office,Real Estate,CUZ
2022Q2,2022,Q2,2022-07-28,2022-06-30,34052000.0,185680000.0,50785000.0,0.23,123464000.0,0.66492891,7380124000.0,4612095000.0,192963000.0,283643000.0,2747429000.0,0.0,-1020590000.0,4350505510.0,6701471510.0,30.98755685750183,0.6803023519000998,0.6315151344340556,1.0105299218684785,0.0054299233725860615,30.98755685750183,0.007383195706072837,23.430124461439036,31.94016144426172,0.9432818513061852,1.3979795606719136,0.0,0.010942176694312473,0.02515946886529278,0.9998977588024383,0.004614014615472586,32.57244100206643,0.6649289099526067,0.21052631578947373,-0.8572871992162004,0.09887944376395501,0.16949887076091433,0.011825833258209652,0.2168381932532876,0.16061430171172614,2.152930651887961,-0.008029729355283812,-0.1872813272883818,REIT—Office,Real Estate,CUZ
2022Q1,2022,Q1,2022-04-28,2022-03-31,27984000.0,186898000.0,43757000.0,0.19,122021000.0,0.6528748301,7360095000.0,4547643000.0,198908000.0,266979000.0,2777450000.0,0.0,-1005951000.0,5992694310.0,8384512310.0,30.57465089855384,0.74503238082396,0.32592215182005124,0.5274859965920807,0.006215002979121688,30.57465089855384,0.0061535173275474786,32.06398308168092,53.536791648799316,1.317758300288743,1.6471197827329902,0.0,0.007691531991392366,0.02539342223164239,0.6902827563216583,0.003802124836703874,248.40183668393783,0.6528748301212426,-0.8303571428571429,2.9875752235000577,0.05546945547412298,0.1725767160213817,-0.032792212939330045,-0.8327366187501868,-0.761878329768882,-0.4403423590487631,-0.004784289702927392,0.16019957007833802,REIT—Office,Real Estate,CUZ
2021Q4,2021,Q4,2022-02-03,2021-12-31,167305000.0,190154000.0,183759000.0,1.12,126158000.0,0.6634517286,7312034000.0,4566770000.0,184585000.0,299038000.0,2711634000.0,0.0,-985338000.0,5989152640.0,8267194640.0,30.713776498439685,0.6172626890227998,0.31276919664213815,0.5007869894914787,0.026590077195837822,30.713776498439685,0.03663530241286511,31.49632739779337,8.94945255670781,1.3114636033783178,0.27552673261408805,0.0,0.007696748233152395,0.02600562305919256,0.5897444471940021,0.02288077435088513,65.89379190458901,0.6634517285989251,2.1111111111111116,1.9254475219076508,7.307491452873502,0.1996731504025745,0.022532380165021317,2.0972083379614204,3.2402335187022637,4.288693774357953,0.09561295481739839,0.16704999460354783,REIT—Office,Real Estate,CUZ
2021Q3,2021,Q3,2021-10-28,2021-09-30,54018000.0,188732000.0,43337000.0,0.36,123378000.0,0.6537206197147277,6977364000.0,4445092000.0,181619000.0,280102000.0,2499822000.0,0.0,-1105516000.0,5544575520.0,7645189520.0,29.89543204562574,0.648403081734511,0.3018541099475389,0.4738138153271068,0.006542200469846538,29.89543204562574,0.012152279412889542,29.378036157090477,25.660777518604906,1.247347753432325,0.8533081565404125,0.0,0.008313350559250747,0.027049183617194116,0.6105454441596275,0.007741892210296037,42.35830859377984,0.6537206197147277,0.894736842105263,0.6375196386452352,-0.295885559988016,-0.05540357020859165,0.00371783503225649,0.9187297978901006,-0.01845895995651386,0.9595186016865858,0.12378743355556263,0.134169874040633,REIT—Office,Real Estate,CUZ
2021Q2,2021,Q2,2021-07-29,2021-06-30,28153000.0,186637000.0,44152000.0,0.19,122921000.0,0.6586100290939095,6945970000.0,4435863000.0,452990000.0,261385000.0,2478566000.0,0.0,-1113273000.0,5467898700.0,7566418700.0,29.837978004237716,1.7330374734586913,0.30353024847501503,0.47528789775518315,0.006709516412143705,29.837978004237716,0.006346679327111771,29.296970589968762,48.555204596313004,1.2326572529404087,1.636770504031542,0.0,0.008427369000087729,0.026869825236791982,0.6853109398014423,0.004053141605852026,41.45079484205499,0.6586100290939095,-0.050000000000000044,0.2811514942745751,-0.2884728094040934,-0.06008482558876513,-0.0019000446591693394,-0.032875300583991754,-0.03073410607657183,-0.06476842194079664,0.13104368816271458,0.12876373540865244,REIT—Office,Real Estate,CUZ
2021Q1,2021,Q1,2021-04-29,2021-03-31,29110000.0,189550000.0,45552000.0,0.2,123155000.0,0.6497230282247428,7106182000.0,4450955000.0,329308000.0,228425000.0,2624934000.0,0.0,-1095361000.0,5253858400.0,7512258400.0,29.947754063946604,1.4416460545036665,0.31985896223879434,0.510671530042429,0.0066703322503963445,29.947754063946604,0.006540169469248735,27.71753310472171,45.120735142562694,1.1803890176377878,1.531054620405359,0.0,0.008483098821239644,0.026673957970679615,0.7953945496333589,0.004096433218287964,146.8501663079632,0.6497230282247428,1.6737967914438503,-0.5469778499517105,-0.2630771279348631,-0.05759428336197187,0.015292662819455894,1.6180411907545642,0.09893609321849894,0.28237838026299045,0.14300553016647521,0.13039114207309488,REIT—Office,Real Estate,CUZ
2020Q4,2020,Q4,2021-02-11,2020-12-31,11119000.0,183147000.0,41451000.0,0.0748,121300000.0,0.6623095109393001,7107398000.0,4467134000.0,296568000.0,261192000.0,2611860000.0,0.0,-1078304000.0,4976961000.0,7194009000.0,30.068346728053523,1.1354405954240558,0.3125388503640854,0.49726245060031776,0.0060376509305346375,30.068346728053523,0.00248906793483249,27.174679355927207,111.90217195790987,1.1141284322341798,4.008364061516324,0.0,0.008955063139936197,0.025768502059403457,0.6235987319672884,0.0015644262499440724,54.049814836937045,0.6623095109393001,-0.6063157894736841,-0.9288340689382527,-0.28949554969331287,-0.036250557753791025,0.006338355346120661,-0.6045171616574783,-0.04446749654218534,-0.7520948963968359,0.12247081724463094,0.12705873971773224,REIT—Office,Real Estate,CUZ
2020Q3,2020,Q3,2020-10-28,2020-09-30,28115000.0,183380000.0,43380000.0,0.19,120536000.0,0.6573017777293053,6886596000.0,4499812000.0,197682000.0,241427000.0,2359503000.0,0.0,-1044743000.0,4247501940.0,6204492940.0,30.288302841834607,0.8188065129418002,0.28952809196299595,0.4430991783656739,0.006587437067197994,30.288302841834607,0.006248038806954601,23.162296542698222,37.7690017784101,0.9439287552457747,1.585310332562689,0.0,0.010493461952368173,0.026628540428391616,0.7792086220679543,0.00408256851425581,33.86649502866392,0.6573017777293053,0.1875,-0.8091860757849141,-0.3200481667813604,-0.02095097880140253,0.018952778670093158,0.2170468810873988,0.17615161456497574,0.6466700084341344,0.145330083006593,0.15005845812071486,REIT—Office,Real Estate,CUZ
2020Q2,2020,Q2,2020-07-30,2020-06-30,23101000.0,179915000.0,36883000.0,0.16,118294000.0,0.6574993747047216,6908448000.0,4515336000.0,195354000.0,240549000.0,2368119000.0,0.0,-1028289000.0,4431186840.0,6401571840.0,30.396477906131352,0.81211728171807,0.2893037625816971,0.4426337264823703,0.005578603275455432,30.396477906131352,0.005116119819211683,24.629335186060082,47.95449158045106,0.9813636991798617,1.9290074022769577,0.0,0.010056447992159141,0.026042752294002935,0.7620692665527605,0.0033438769460231877,36.73553223239156,0.6574993747047216,-0.864406779661017,0.059255739947041454,-0.33001794180636507,-0.005136739716510793,-0.08554421768707483,-0.8679512755583247,-0.291991400161247,-0.9029947624604712,0.06683288356265886,0.14719100798434412,REIT—Office,Real Estate,CUZ
2020Q1,2020,Q1,2020-04-30,2020-03-31,174943000.0,193898000.0,52094000.0,1.18,129360000.0,0.667154895873088,6901934000.0,4534707000.0,279606000.0,200274000.0,2342936000.0,0.0,-1006820000.0,4315100480.0,6193779480.0,30.759625298458868,1.3961173192725966,0.29025357240448835,0.4417729745273509,0.007879781206849581,30.759625298458868,0.03857867774036999,22.25448679202467,6.166437754011306,0.9515720596722125,0.24328495567127578,0.0,0.009863269742446414,0.02809328515746456,1.3113184936636808,0.02534695347709787,332.85255168157977,0.667154895873088,0.4936708860759492,7.919679689407204,-0.22577905683165442,0.001474882006308175,0.009591745947506848,0.49380934490060796,0.3552734273375306,24.15083066484935,0.10476781079054846,0.17967071932196954,REIT—Office,Real Estate,CUZ
2019Q4,2019,Q4,2020-02-05,2019-12-31,117112000.0,194439000.0,38438000.0,0.79,128131000.0,0.6589778799520672,7151447000.0,4359274000.0,510108000.0,283404000.0,2723612000.0,0.0,-1137200000.0,6046594400.0,8253966400.0,29.703015767024162,1.7999322521912182,0.310842686801706,0.5099415636640413,-0.14074759218015334,29.703015767024162,0.0268650238548896,31.097641933974153,12.907717398729423,1.3870645433161577,0.36348965093244073,0.0,0.007040161317914758,0.027188763336986208,0.4996295041707245,0.01637598656607537,57.68990573598443,0.6589778799520672,4.642857142857142,0.7545079278454909,-0.3622357176033657,-0.09381785083960786,0.04445821140067005,4.7481103367036415,0.10412776836239336,1.074660735900508,7.534267089380819,0.1601930652680723,REIT—Office,Real Estate,CUZ
2019Q3,2019,Q3,2019-10-23,2019-09-30,20374000.0,188323000.0,34813000.0,0.14,122677000.0,0.6514180424058665,6704120000.0,4284104000.0,183465000.0,283043000.0,2355042000.0,0.0,-1211752000.0,5516783580.000001,7355204580.000001,29.19082596312397,0.6481877311927869,0.27607157986432224,0.43201962417345613,0.005587355538083239,29.19082596312397,0.00475572021594247,29.29426347286312,67.69391847452636,1.287733346342666,2.0886914695199765,0.0,0.007713733805740481,0.02809063680244387,0.5031073017174069,0.003039026747731246,45.75433824871034,0.6514180424058665,1.7,-0.6230907298090176,-0.24447645428212456,-0.08084006403325715,0.28706919162776057,1.909188272569057,-0.03396509143380415,-0.3742705194239029,-0.2881911702024166,-0.07766678383014781,REIT—Office,Real Estate,CUZ
2019Q2,2019,Q2,2019-07-24,2019-06-30,-22409000.0,142020000.0,36037000.0,-0.2,95315000.0,0.6711378679059288,6676672000.0,4305673000.0,172737000.0,244814000.0,2307054000.0,0.0,-1189567000.0,4163581619.9999995,5989145620.0,38.128269840426476,0.705584647936801,0.27520432335151407,0.4267507077290821,0.005821294394490559,38.128269840426476,-0.005204529001621814,29.31686818757921,-46.4498819670668,0.966999031278037,-1.3606586639296712,0.0,0.007323262225372203,0.021271076368586026,0.5419747236677641,-0.0033563128456812015,125.07003965154699,0.6711378679059288,-1.606060606060606,-4.96160677291883,-0.2616838230516345,0.3142052258404797,0.06800304775564171,-1.6340793978665007,0.12880187940485513,-2.342496227122004,-0.28721581614061953,0.20106460940393842,REIT—Office,Real Estate,CUZ
2019Q1,2019,Q1,2019-05-09,2019-03-31,35341000.0,132733000.0,31925000.0,0.33,89246000.0,0.6723723565353001,4251193000.0,2770417000.0,115395000.0,146551000.0,1422964000.0,0.0,-1124596000.0,4066331700.0,5179349700.0,26.35292383058667,0.787405067177979,0.2626260440304639,0.4029985377652534,0.008062032838824892,26.35292383058667,0.01275656336212202,30.635423745413725,28.764973401997683,1.467768823249352,0.7732095865991342,0.0,0.006720061720493683,0.031222529769878715,0.7182073134949608,0.008313195848788799,91.37618705197636,0.6723723565353001,0.5714285714285715,1.3096397268743742,-0.2594255250339563,-0.18321927628406182,0.10865973490353917,0.5805456171735242,0.006907209991799659,-0.22244937587776684,-0.27045889540730267,-0.1707175765153673,REIT—Office,Real Estate,CUZ
2018Q4,2018,Q4,2019-02-06,2018-12-31,22360000.0,122676000.0,31706000.0,0.21,80499000.0,0.6561919201799863,4146296000.0,2765865000.0,104719000.0,151425000.0,1325140000.0,0.0,-1129445000.0,3321041500.0,4381064500.0,26.317447102061205,0.6915568763414232,0.25626969227474355,0.384172763312743,0.009178642042655803,26.317447102061205,0.0080842702011848,27.071648081124263,37.131501565295174,1.2007243665182503,1.2220483005366727,0.0,0.008227840573506836,0.0295868891174195,0.6569853062572231,0.005392765012435195,65.12229150734358,0.6561919201799863,0.16666666666666666,1.5873700582536452,-0.25819303051975045,-0.14376712301342617,0.04372009802014858,0.14754939697202976,0.12648333688623606,-0.7976932305282899,-0.32724209309934715,-0.15647424198778026,REIT—Office,Real Estate,CUZ
2018Q3,2018,Q3,2018-10-24,2018-09-30,19485000.0,118706000.0,28146000.0,0.18,77127000.0,0.6497312688490894,4143599000.0,2770218000.0,175018000.0,154264000.0,1319144000.0,0.0,-1124518000.0,3703591850.0,4685897850.0,26.358866277341008,1.1345356013068506,0.25702583671827317,0.38445061002419306,0.00810638262548392,26.358866277341008,0.007033742470809156,31.199702205448755,47.518499486784705,1.3369315519572829,1.402309468822171,0.0,0.007377702810313722,0.028648042438469554,1.0994139915988177,0.004702433802112608,50.5120204307088,0.6497312688490894,-0.10000000000000009,-0.8761428520564908,-0.1138294112138285,-0.26422402085981106,0.016206174157081307,-0.08417935702199661,0.2706424089205905,-0.8130589851524932,-0.3777984880395207,-0.14796737329597148,REIT—Office,Real Estate,CUZ
2018Q2,2018,Q2,2018-07-25,2018-06-30,21276000.0,116628000.0,22151000.0,0.2,75897000.0,0.650761395205268,4166252000.0,2777535000.0,201354000.0,138446000.0,1333908000.0,0.0,-1116640000.0,4072648860.0,5051680860.0,26.434210338477353,1.4543865478237001,0.2614493794422421,0.3921693155981833,0.010694962855393227,26.434210338477353,0.007660029486577127,34.9199922831567,47.85496404399323,1.466281742624305,1.2854389922917842,0.0,0.006715285540231918,0.02799350591370853,1.4025107262037184,0.005106748223583211,48.59382961460446,0.650761395205268,0.3333333333333335,18.759284384389574,-0.25432729398725795,0.04421246811613603,-0.014465465972393555,0.32618587545970207,-0.11780636425186188,0.3792202906265019,-0.3859945333475674,-0.13482000244994263,REIT—Office,Real Estate,CUZ
2018Q1,2018,Q1,2018-04-25,2018-03-31,16043000.0,117202000.0,25109000.0,0.15,77011000.0,0.657079230729851,4159310000.0,2782813000.0,200343000.0,125859000.0,1323395000.0,0.0,-1110590000.0,3646936720.0,4630042720.0,26.493266754570943,1.5918051152480157,0.2623651519122162,0.39214205194527985,0.007484303469395452,26.493266754570943,0.0057650298456992976,31.11667650722684,56.83065386773047,1.3105216627922895,1.5688462257682478,0.0,0.006901408478510699,0.028178231485510817,1.5161013515124067,0.0038571301489910585,174.44450014349948,0.657079230729851,-0.5,-0.9295061765183849,-0.29621000814819604,0.03233641058063778,0.041463249712624245,-0.4885552155062484,0.03687644532540469,0.1480424638280642,-0.3431801220511073,-0.13742963577892098,REIT—Office,Real Estate,CUZ
2017Q4,2017,Q4,2018-02-07,2017-12-31,31368000.0,114112000.0,24216000.0,0.3,73945000.0,0.6480037156477846,4204619000.0,2771973000.0,282225000.0,175292000.0,1379508000.0,0.0,-1121647000.0,3844392500.0,4788691500.0,26.678597723827625,1.6100278392624878,0.2600064357793179,0.39438623680677987,0.013289471560875484,26.678597723827625,0.011316127538038791,33.68964263180034,30.639445453965827,1.3868794898074406,0.8033983677633256,0.0,0.0065552619822247605,0.02713967662706181,1.2636458024325126,0.007460366801367734,229.7079648661568,0.6480037156477846,1.7272727272727273,-0.7641245894500656,-0.19798860359878256,0.1194210448477456,0.020339170150818948,1.5994862020386178,0.37154508382419577,-0.33621353799747794,-0.47131650087634397,-0.18608705555066485,REIT—Office,Real Estate,CUZ
2017Q3,2017,Q3,2017-10-25,2017-09-30,12067000.0,113159000.0,17656000.0,0.11,72471000.0,0.6404351399358424,4224200000.0,2765300000.0,142142000.0,196019000.0,1406880000.0,0.0,-1127813000.0,3922781320.0,4955791320.0,26.33631588721851,0.7251439911437156,0.2592625822640973,0.3960427440060753,0.005598941205346009,26.33631588721851,0.0043637218384985355,34.66610097296724,81.27084859534267,1.4185735073952193,2.082953509571559,0.0,0.006407443583931413,0.026788267600965865,0.6731031175549309,0.0028566355759670472,57.120119401246434,0.6404351399358424,-0.929936305732484,-0.7637270421023127,-0.3580210221676922,0.15460796411240116,-0.06530038434751206,-0.9282106503102523,-0.06463233735961009,-0.6879772784531263,-0.3654583536752145,-0.170722799859239,REIT—Office,Real Estate,CUZ
2017Q2,2017,Q2,2017-07-27,2017-06-30,168089000.0,119035000.0,18876000.0,1.57,77534000.0,0.6513546435922207,4136046000.0,2778165000.0,103620000.0,163515000.0,1306369000.0,0.0,-1114662000.0,3686543579.9999995,4689742580.0,26.496440169574775,0.6337033299697276,0.24652022728954176,0.36701167857200706,0.07740639193456139,26.496440169574775,0.060503605797351846,30.970248918385344,5.483023249588015,1.3269707090831537,0.14999196854047558,0.0,0.006838926341947652,0.02877990235118275,0.5148763110418004,0.04064002189530774,35.75072809790725,0.6513546435922207,30.4,3.3360525100681118,-0.3461130458088757,0.17110201067219366,-0.010452694855334193,34.379709534834774,0.09191878290044542,31.004542368588666,-0.3335140610509382,-0.08672068565502775,REIT—Office,Real Estate,CUZ
2017Q1,2017,Q1,2017-04-27,2017-03-31,4751000.0,119879000.0,17287000.0,0.05,78353000.0,0.6536007140533371,4206289000.0,2625604000.0,173112000.0,285895000.0,1523773000.0,0.0,-1257697000.0,3330998870.0,4409009870.0,26.07475526402685,0.6055090155476661,0.2647858955958566,0.4241942044573363,0.005052619370783404,26.07475526402685,0.0018094884072388678,27.78634181132642,175.2788291938539,1.268660037842721,4.9680067354241215,0.0,0.007085862505861493,0.028499943774666935,0.3533255216075832,0.0011294991856241926,144.0805774471214,0.6536007140533371,-0.868421052631579,1.1241002682516972,-0.34370840206452513,0.156298576448603,19.204693308550187,-0.8712152015396709,2.2045850463382344,-0.6758412196534823,-0.3017028126122948,-0.1918408138625998,REIT—Office,Real Estate,CUZ
2016Q4,2016,Q4,2017-02-21,2016-12-31,36891000.0,-19447000.0,-14351000.0,0.38,-4304000.0,0.22131948372499613,4171607000.0,2455557000.0,126900000.0,142582000.0,1657367000.0,0.0,-1214114000.0,3264895540.0,4610128540.0,25.60178702685232,0.8900141672861932,0.3310283063577178,0.5623652800566226,0.002767414231031864,25.60178702685232,0.0150234753255575,-167.88684835707306,22.125284893334417,1.329594686663759,5.224960017348405,0.0,0.059038336032031215,-0.004661752653114255,0.7212270833625563,0.008843354611304468,-409.6995281716652,0.22131948372499613,0.7272727272727273,1.0792711718044354,-1.1223016219899327,0.0989257879515837,-1.0755631243526045,2.164707900832118,-1.6916811258916522,3.67750927561441,-1.1288520692907382,-0.16705098040142252,REIT—Office,Real Estate,CUZ
2016Q3,2016,Q3,2016-11-01,2016-09-30,11657000.0,94719000.0,20748000.0,0.22,56959000.0,0.6013471426007454,2760734000.0,1662912000.0,385610000.0,225380000.0,1095297000.0,0.0,-132766000.0,2194174800.0,2886311800.0,31.648893752676404,1.7109326470849233,0.28593048080691585,0.47469619558942383,0.00973602685777792,31.648893752676404,0.0070099921102259165,23.165096759889778,47.05702153212661,1.3194773986837547,1.4429956249463842,0.0,0.007666207815348166,0.03430935396166382,0.7522850297275712,0.004222427803620341,37.09070439677468,0.6013471426007454,0.46666666666666673,0.6849775821001769,0.03439123459994142,0.11557250994725178,0.05465958116540449,0.5012234385061172,0.22515500442869796,-0.8517878017341236,0.41435442177195503,-0.11655928048782711,REIT—Office,Real Estate,CUZ
2016Q2,2016,Q2,2016-07-28,2016-06-30,7765000.0,92688000.0,16935000.0,0.15,54007000.0,0.5826752114621094,2622995000.0,1667657000.0,100696000.0,91129000.0,953865000.0,0.0,-127602000.0,2185341600.0,2961880600.0,31.745394495762127,1.1049830460116976,0.29641116357446357,0.4662139756556654,0.008636617974349586,31.745394495762127,0.004656233266193228,23.57739513205593,70.35871216999357,1.3104263046897533,2.1648422408242114,0.0,0.00769216126211115,0.03533670479737857,0.9747281326471267,0.002960356386497115,40.03483677133331,0.5826752114621094,-0.6511627906976745,3.5899674571585733,0.006715984364116089,0.11240103686177454,-0.029384278063333453,-0.6593700649236708,0.11553916079309663,13.42413859619066,0.1853214026361839,0.2540165305974332,REIT—Office,Real Estate,CUZ
2016Q1,2016,Q1,2016-05-04,2016-03-31,22796000.0,91251000.0,15181000.0,0.43,55642000.0,0.6097686600694787,2610408000.0,1675526000.0,102061000.0,78652000.0,934124000.0,0.0,-118557000.0,2189183520.0,2951530520.0,31.777984296172665,1.2976275237756192,0.29413448012724447,0.4582507224596932,0.020915040383700394,31.777984296172665,0.01360527977482892,23.99078936121248,24.008417266187053,1.3065649354292326,0.7421477452184594,0.0,0.007727995321287637,0.03495660448481617,1.1301556222346538,0.008732734499741037,397.4552505446623,0.6097686600694787,-0.5904761904761906,3.416551901353335,-0.0851494021826731,0.0990124232138535,-0.04285001634183682,-0.5982658959537572,-0.2998985427042981,-0.8004517987359717,0.09161471743724907,0.23826067006775392,REIT—Office,Real Estate,CUZ
2015Q4,2015,Q4,2016-02-10,2015-12-31,56744000.0,93618000.0,21684000.0,1.05,58133000.0,0.6209596445128074,2597803000.0,1683415000.0,96047000.0,102874000.0,914388000.0,0.0,-124435000.0,2035248610.0,2754538610.0,31.199340212299667,0.9336372650037911,0.2776550030929982,0.42847010392565116,0.03953626160865926,31.199340212299667,0.033707671608011094,21.73992832574932,8.966800939306358,1.2089999257461765,0.30285140279148454,0.0,0.008443685904298443,0.036037374658509515,0.7785154655209285,0.021843072781115427,41.85945599638016,0.6209596445128074,0.06060606060606066,5.676490341522869,-0.21757867185404214,0.040964515246335625,0.023198099093549238,0.05826184259604625,0.017741481272880878,-0.17833270474485038,0.2670355367505421,0.30910921108195333,REIT—Office,Real Estate,CUZ
2015Q3,2015,Q3,2015-10-27,2015-09-30,53620000.0,98146000.0,21306000.0,0.99,56815000.0,0.5788824812014753,2637607000.0,1672587000.0,137636000.0,93024000.0,965020000.0,0.0,-163994000.0,1993926420.0000002,2768165420.0,30.93645178742353,1.4795751633986929,0.2955595735073497,0.46608636800357767,0.0365315500649656,30.93645178742353,0.03205812313499985,20.31592138243026,9.296561077955987,1.19212119907664,0.3232748974263335,0.0,0.008693400030277947,0.037210243982519,0.844749742002064,0.02032903309704592,34.39286623544632,0.5788824812014753,5.6,5.899819066500289,-0.1184736531470891,0.02042128512029483,0.00529053719300729,5.743805810589863,0.35698363161582064,1.0389685667571575,0.0813675322980341,0.3562820923056227,REIT—Office,Real Estate,CUZ
2015Q2,2015,Q2,2015-07-28,2015-06-30,7951000.0,97903000.0,15701000.0,0.15,56516000.0,0.5772652523416034,2685466000.0,1654697000.0,176481000.0,83122000.0,1030769000.0,0.0,-200279000.0,2248619400.0,3096419400.0,30.5534228869501,2.1231563244387766,0.31643372137275244,0.5135514236141119,0.007360654910765273,30.5534228869501,0.004805109334216476,22.96782938214355,70.70240850207522,1.3589312121796318,2.1793485096214313,0.0,0.007706061772837145,0.03645661497855493,0.9507230336132432,0.0029607524355177092,52.75229672031155,0.5772652523416034,0.15384615384615377,1.6905836950763125,-0.1327816742874184,-0.003123707032556327,0.046166376661360184,0.1038456198806053,0.09171186204978446,-0.6029100548050307,0.041204158130019417,0.3504144234783563,REIT—Office,Real Estate,CUZ
2015Q1,2015,Q1,2015-05-06,2015-03-31,7203000.0,91976000.0,14382000.0,0.13,54022000.0,0.587348873619205,2684661000.0,1662935000.0,93155000.0,73924000.0,1021726000.0,0.0,-190903000.0,2295620800.0,3139180800.0,30.714325292748697,1.2601455548942158,0.3158491891527459,0.5099104895861835,0.008166630023805075,30.714325292748697,0.004331498224524711,24.958911020266157,79.67585728168818,1.3804633374124664,2.408579758433986,0.0,0.007557432830369895,0.034259819023705416,1.0910935555435313,0.0026830203142966655,941.2139401394014,0.587348873619205,-0.7111111111111111,1.0122557801449785,-0.3897313929369598,-0.019024940405191763,-0.09395545417952503,-0.6897932816537468,-0.20930232558139536,1.3499256633584622,-0.06351043808724312,0.3620427211288769,REIT—Office,Real Estate,CUZ
2014Q4,2014,Q4,2015-02-12,2014-12-31,23220000.0,106057000.0,18189000.0,0.45,59624000.0,0.5621882572578897,2667330000.0,1673458000.0,77141000.0,109945000.0,993872000.0,0.0,-180757000.0,2332146720.0,3124490720.0,32.778195635993264,0.7016326344990678,0.29705510754199893,0.473477075612295,0.024553101883021344,32.778195635993264,0.013875460274473575,21.98955957645417,25.109245478036176,1.3936093526099849,0.6978466838931955,0.0,0.006948104877380956,0.03976148433077272,0.6245941152394379,0.008705334548031178,48.78559785791984,0.5621882572578897,0.21621621621621626,2.634186309798145,-0.4809796149342456,-0.31839664318272837,0.18271080871997303,0.20173895041921125,0.43355926860025223,1.093736132519755,0.25305145741872465,0.4069644602986033,REIT—Office,Real Estate,CUZ
2014Q3,2014,Q3,2014-10-29,2014-09-30,19322000.0,89098000.0,12688000.0,0.37,50413000.0,0.5658151698130148,2533660000.0,1666025000.0,261964000.0,111571000.0,866057000.0,0.0,-187773000.0,2507576050.0,3171440050.0,31.758157444516986,2.3479578026548116,0.2648634781304516,0.4027994777989526,0.005427582821721211,31.758157444516986,0.011597665101063909,28.144021751329998,32.4445716023186,1.5051251031647184,0.8402856847117276,0.0,0.006474778701128526,0.035165728629729325,0.6489410330641475,0.007626121894808301,56.2956255752868,0.5658151698130148,6.3999999999999995,1.1025241854873735,-0.5698464320576344,-0.40058561365451445,0.03845836938161744,6.775452716297787,0.6574787720444154,1.7973314285840476,-0.025458811407574746,0.11942387903159436,REIT—Office,Real Estate,CUZ
2014Q2,2014,Q2,2014-07-29,2014-06-30,2485000.0,84505000.0,7655000.0,0.05,48546000.0,0.5744748831430093,2279500000.0,1439306000.0,88698000.0,96258000.0,838620000.0,0.0,-190857000.0,2470578000.0,3130173000.0,29.01241685144124,0.9214610733653307,0.29210440886159245,0.46262017944759487,0.003611681532160703,29.01241685144124,0.0017265265343158439,29.235879533755398,248.5490945674044,1.7165064274032067,6.463581488933602,0.0,0.006501312648295257,0.037071726255757845,0.7120966569012446,0.0010901513489800395,57.39390419551178,0.5744748831430093,-0.6666666666666666,1.0083838396372582,-0.5640378196777122,-0.29144454735395225,0.03584688260145948,-0.6438297262433711,0.0758959943780745,1.8776796231702617,-0.028097644752875264,0.016633848784510182,REIT—Office,Real Estate,CUZ
2014Q1,2014,Q1,2014-05-07,2014-03-31,6977000.0,81723000.0,7115000.0,0.15,46866000.0,0.5734738078631475,2294011000.0,1546585000.0,109254000.0,80274000.0,745853000.0,0.0,-173752000.0,2199246330.0,2757608330.0,32.26438022520197,1.3610135286643248,0.2560763658064412,0.37983169369934405,0.0033088140332097416,32.26438022520197,0.004511229580010151,26.91098381116699,78.80343736562993,1.422001590601228,2.2943958721513544,0.0,0.007278857207414323,0.035624502236475765,1.090004235493435,0.003041397796261657,313.8641829598972,0.5734738078631475,0.8749999999999999,-0.9885925094348796,-0.5541304639534511,-0.32715059709180866,0.09520471116096467,0.7894331879969223,-0.11888544891640866,1.813543089537989,-0.09877920691292492,0.11583398003828146,REIT—Office,Real Estate,CUZ
2013Q4,2013,Q4,2014-02-13,2013-12-31,3899000.0,74612000.0,8075000.0,0.08,42792000.0,0.5735270465876803,2273206000.0,1457401000.0,83692000.0,102422000.0,814234000.0,0.0,-164721000.0,1953549500.0000002,2582668500.0,30.7363192998181,0.8171291324129581,0.27718297417831905,0.4323408588302053,0.0038224317670023274,30.7363192998181,0.0026753103641345105,26.182778909558788,125.2596499102334,1.3404337584508315,2.644780713003334,0.0,0.005278596728672603,0.03282236629676325,0.5147526898517897,0.0017151987105436112,50.52631647010139,0.5735270465876803,-0.9466666666666667,2.703195456953271,-0.6179024961014258,-0.15875306519676283,0.4655798342352216,-0.9362470976814153,1.2682584269662922,1.3656553303773291,-0.2904082103640599,0.025515844331164224,REIT—Office,Real Estate,CUZ
2013Q3,2013,Q3,2013-10-30,2013-09-30,61158000.0,52075000.0,3560000.0,1.5,29198000.0,0.5606913106096976,2263766000.0,1463667000.0,63340000.0,74876000.0,798536000.0,0.0,-158308000.0,1681653539.9999998,2319079540.0,35.82458115599721,0.8459319408088039,0.2839666290597173,0.43919416096694125,0.00169016009526994,35.82458115599721,0.04178409433293229,32.2929148343735,6.874217355047581,1.1489317857135537,0.16864514863141372,0.0,0.006133249063894577,0.023003702679517228,0.7240904962871948,0.027016043177607578,21.696515714506887,0.5606913106096976,149.0,0.7760573034350533,-0.7677881015316808,-0.10410205320989428,0.1610004373931369,200.17763157894737,-0.308334952399456,8.395432270719661,-0.3810593210996013,0.1816534550662335,REIT—Office,Real Estate,CUZ
2013Q2,2013,Q2,2013-07-29,2013-06-30,304000.0,44158000.0,5147000.0,0.01,25149000.0,0.5695230762262784,1200788000.0,750975000.0,109075000.0,60218000.0,427174000.0,0.0,-206995000.0,1207968980.0,1543417980.0,25.314972906009558,1.8113354810853897,0.28345886201394416,0.45324278438030563,0.004720532254101621,25.314972906009558,0.0004048070841239722,27.355608949680693,993.3955427631579,1.6085342121908184,28.480263157894736,0.0,0.007167402593401033,0.036774184951881596,0.7999435384768674,0.0002531670869462386,62.27286215073719,0.5695230762262784,-0.9953703703703705,-0.9804942728345495,-0.5921351404468453,-0.38013761653420236,0.047525824725091634,-0.994609642356863,-0.0874113475177305,1.0482035192214527,-0.2859108446975985,-0.17404028869404428,REIT—Office,Real Estate,CUZ
2013Q1,2013,Q1,2013-05-08,2013-03-31,56397000.0,41268000.0,5640000.0,2.16,24008000.0,0.5817582630609673,1096444000.0,668012000.0,57807000.0,38527000.0,405805000.0,0.0,-211623000.0,1102620210.0,1441410210.0,25.66340437384147,1.5004282710826173,0.3145003301582206,0.5162062956952869,0.005571359206786728,25.66340437384147,0.08442513008748345,26.718527915091595,4.887760918133943,1.650599405399903,0.1403620759969502,0.0,0.0071792625676614435,0.03763803714553593,1.2423754769382511,0.05143627946342905,622.9492711864407,0.5817582630609673,0.6875000000000001,3.9017653510093355,-0.5492446209555587,-0.24184403891462403,0.18722183760261102,0.6928410625844215,-0.3235787958743104,31.771028291469996,-0.43045999993192524,-0.18034469599830777,REIT—Office,Real Estate,CUZ
2012Q4,2012,Q4,2013-02-13,2012-12-31,33315000.0,35644000.0,8338000.0,1.28,20222000.0,0.5673325103804286,1124242000.0,620342000.0,233004000.0,46639000.0,481289000.0,0.0,-260104000.0,869376950.0,1117894950.0,23.832496134156766,4.995904714938142,0.37839717783181914,0.6857668834288183,0.00794156565825139,23.832496134156766,0.053704247012132014,24.390555212658512,6.523915278403122,1.401447830390333,0.2374606033318325,0.0,0.009099620136006598,0.03170491762449722,4.850918758978537,0.02963329959208071,6.3444741624035785,0.5673325103804286,1.6122448979591837,15.18901225071524,-0.5998602794119219,-0.4424196734603361,-0.30206391937599225,1.6294396211523283,-0.19385091366141352,5.598829298504721,-0.6578633239822453,-0.50441721848355,REIT—Office,Real Estate,CUZ
2012Q3,2012,Q3,2012-10-30,2012-09-30,12670000.0,43728000.0,10343000.0,0.49,28974000.0,0.662596048298573,1199101000.0,594154000.0,57221000.0,52571000.0,571201000.0,0.0,-285508000.0,829376280.0,1342537280.0,22.8097472958836,1.0884518080310437,0.4325156930066775,0.8728881737731295,0.00898574059804146,22.8097472958836,0.021324437772025435,18.9667096597146,16.36496211523283,1.3958944650713452,0.6248618784530386,0.0,0.009545727543594567,0.03646732010064206,0.3163721443381332,0.010566249215036932,-14.20675722434437,0.662596048298573,0.32432432432432434,-0.46097512321974793,-0.5303137467092977,-0.5046359299351201,0.13494457283873243,0.3159534690486082,0.8151983151983152,1.1353937228567617,-0.5748297645255187,-0.5694809844700796,REIT—Office,Real Estate,CUZ
2012Q2,2012,Q2,2012-07-31,2012-06-30,9628000.0,45213000.0,5698000.0,0.37,25529000.0,0.564638488930175,1135315000.0,589189000.0,58762000.0,51397000.0,512418000.0,0.0,-290261000.0,807278750.0,1265290750.0,22.625219603513656,1.1432963013405453,0.40607320435297695,0.7824670861132845,0.005662412491046765,22.625219603513656,0.016341106164575375,17.85501404463318,20.961745689655174,1.3701524468379416,0.8218737017033652,0.0,0.009802066510483523,0.03982418976231266,0.27657256260093,0.008480465773816077,55.71666436607081,0.564638488930175,1.9736842105263157,0.13862590995656066,-0.40292683010731756,-0.5136439102406515,-0.0843585237258348,1.9740010116337885,0.02982107355864811,1.0618813887191292,-0.5556377731104699,-0.44743580655578946,REIT—Office,Real Estate,CUZ
2012Q1,2012,Q1,2012-05-09,2012-03-31,-9885000.0,47164000.0,5533000.0,-0.38,27881000.0,0.591150029683657,1199634000.0,586305000.0,56988000.0,34857000.0,579288000.0,0.0,-291976000.0,788320000.0,1313486000.0,22.550192307692306,1.6349083397882778,0.4411078712340597,0.9025473089944653,0.004969960639181556,22.550192307692306,-0.016859825517435464,16.714443219404632,-19.93727870510875,1.344556161042461,-0.8006069802731411,0.0,0.010039070428252486,0.03931532450730806,1.5166537567776917,-0.008240013204027228,361.11772789738893,0.591150029683657,0.9216494845360825,-1.2698019478806046,-0.3763410311635822,-0.5352877767252329,0.21290294514290686,0.9213791457885946,-0.020014169323414807,-1.0297971815895188,-0.5255928249842117,-0.5297326858972485,REIT—Office,Real Estate,CUZ
2011Q4,2011,Q4,2012-02-21,2011-12-31,-125730000.0,42959000.0,5646000.0,-4.85,22987000.0,0.5350915989664564,1235535000.0,603692000.0,58287000.0,40055000.0,595377000.0,0.0,-274177000.0,664402910.0,1198986910.0,23.297102777590183,1.4551741355636,0.43660600468622907,0.8935715563565527,0.0049405002474003715,23.297102777590183,-0.20826845477495146,15.465977094438884,-1.3210906506004931,1.1005660336728,-0.005225483178239084,0.0,0.0009888578001562335,0.0347695532704456,1.3321183372862315,-0.10176158506234141,-5.106510003151204,0.5350915989664564,-38.3076923076923,-2.466926932023195,-0.545546750769825,-0.5286441684578455,-0.10975562526625615,-37.82776801405976,-0.05331991951710262,-99.4994926495775,-0.5974374399367328,-0.3623629390927198,REIT—Office,Real Estate,CUZ
2011Q3,2011,Q3,2011-11-02,2011-09-30,3414000.0,45188000.0,5964000.0,0.13,25821000.0,0.5714127644507392,1294376000.0,735601000.0,61758000.0,34771000.0,513671000.0,0.0,-140553000.0,606732750.0,1063232750.0,28.370091115074963,1.7761352851514194,0.3570322688306953,0.6282400377378498,0.0037187913706107616,28.370091115074963,0.004641102989256404,13.426855581127732,44.42975615114236,0.8248122963399995,4.431458699472759,0.0,0.024935195932640857,0.034911030488822416,1.6175548589341693,0.0026375643553341534,-72.3161799761621,0.5714127644507392,3.166666666666667,-0.990651134396396,-0.29299747915158575,-0.5359595831595538,0.0006588125871957836,3.308316430020284,0.2301980198019802,-0.8437763445729785,-0.6824896476295546,-0.2905232787072236,REIT—Office,Real Estate,CUZ
2011Q2,2011,Q2,2011-08-03,2011-06-30,-1479000.0,45419000.0,4848000.0,-0.06,25804000.0,0.5681322794425241,1337132000.0,739548000.0,69298000.0,57227000.0,555261000.0,0.0,-136075000.0,885247859.9999999,1378932860.0,28.537724654878012,1.2109319027731664,0.372464349069501,0.6734302574004662,0.0040477323844620985,28.537724654878012,-0.0019998701909815183,19.49069464321099,-149.63621703853954,1.197012039786464,-5.334685598377282,0.0,0.008912758060776335,0.03396747665899851,0.9567861324200115,-0.001106098724733235,83.08285875175973,0.5681322794425241,0.6666666666666666,-3.1850758849208964,-0.5843156329548218,-0.40772494565416795,-0.0799400984097554,0.6805615550755939,-0.12774379273119826,-1.108631987354239,-0.5197742412752857,-0.30122532269967334,REIT—Office,Real Estate,CUZ
2011Q1,2011,Q1,2011-05-04,2011-03-31,-4630000.0,48956000.0,5558000.0,-0.18,28046000.0,0.5728817713865512,1335453000.0,748285000.0,69365000.0,30612000.0,545413000.0,0.0,-126706000.0,864350250.0,1356076250.0,28.915036468144713,2.26594146086502,0.3720258219495557,0.6639488964766098,0.004418922087313509,28.915036468144713,-0.006187482042269991,17.655655078029252,-46.67117980561555,1.1551083477552002,-1.7019438444924406,0.0,0.009116674635079935,0.03665872179702318,1.7480399843198746,-0.003466988355262222,570.1518799472295,0.5728817713865512,0.18181818181818185,-1.1842494430214399,-0.49340774774267354,-0.4182617527394353,-0.1728795564468562,0.18814658951429072,-0.29467005076142133,-1.4047661704532257,-0.4621512989084056,-0.14578335188958788,REIT—Office,Real Estate,CUZ
2010Q4,2010,Q4,2011-02-28,2010-12-31,-5703000.0,56237000.0,7880000.0,-0.22,33908000.0,0.6029482369258673,1371282000.0,760079000.0,71515000.0,36604000.0,564142000.0,0.0,-114196000.0,846009600.0,1347919600.0,29.971569400630916,1.9537482242377882,0.3715566892878343,0.670336899190742,0.006237062251128978,29.971569400630916,-0.007503167433911475,15.043647420737237,-37.08616517622304,1.113054827195594,-1.1067859021567596,0.0,0.007460908245012823,0.04101052883360243,1.5297235274833352,-0.004158881980511667,77.26820714220477,0.6029482369258673,-0.09999999999999995,-1.1714705838127426,-0.4049759908207481,-0.40760075331809525,0.07843012531009477,-0.1060899922420481,0.68808911739503,-1.493033550153941,-0.3520227179237245,-0.2987911396591414,REIT—Office,Real Estate,CUZ
2010Q3,2010,Q3,2010-11-08,2010-09-30,-5156000.0,52457000.0,4668000.0,-0.2,31442000.0,0.5993861639056751,1391052000.0,772281000.0,72149000.0,58093000.0,572456000.0,0.0,-96029000.0,727516020.0,1232668020.0,30.31733288842217,1.241956862272563,0.3697654724625679,0.6660308877209202,0.003634878750893096,30.31733288842217,-0.0066763263630725085,13.868807213527269,-35.27521431342126,0.9420353731349081,-1.2191621411947247,0.0,0.008640359562116584,0.037710308457196424,0.9384435302015733,-0.0037065472750120055,-363.213190214678,0.5993861639056751,0.04761904761904753,-1.1844996488050195,-0.4410430383730295,-0.4041667724751725,0.018892381477040733,0.039493293591654245,0.09218530650444548,-1.2243051764848303,-0.4238363192563505,-0.3415921176894881,REIT—Office,Real Estate,CUZ
2010Q2,2010,Q2,2010-08-09,2010-06-30,-5368000.0,52635000.0,4274000.0,-0.21,30859000.0,0.5862828916120452,1469022000.0,773899000.0,67426000.0,67273000.0,649635000.0,0.0,-78487000.0,680746740.0,1243987740.0,30.649161889486244,1.002274315104128,0.3950778136746761,0.7499402376795938,0.0031628964051590557,30.649161889486244,-0.006936305641950694,12.933347392419492,-31.703927906110287,0.8796325360286033,-1.059612518628912,0.0,0.008355530281349565,0.03582996034096154,0.9287827211511305,-0.003654131796528575,74.04249945616706,0.5862828916120452,-4.0,-1.2581591928928417,-0.22132567449726473,-0.4048257343479573,-0.1746723722920567,-4.24546553808948,-0.44716078127021086,-1.6547170218553449,-0.2831389181157922,-0.34115969735574025,REIT—Office,Real Estate,CUZ
2010Q1,2010,Q1,2010-05-10,2010-03-31,1654000.0,69640000.0,7731000.0,0.07,37390000.0,0.5369040781160253,1485477000.0,783290000.0,79252000.0,642667000.0,669364000.0,0.0,-61956000.0,831573390.0,1382203390.0,31.309996102689144,0.12331736342460403,0.3911060218367568,0.741716350266185,0.0032087393679332637,31.309996102689144,0.0021116061739585596,11.94103087306146,125.69126209189844,1.0616417801835847,4.1094316807738815,0.0,0.008173662218797069,0.04688056429012365,0.11845014603208194,0.0011134470611123565,29.91809282245008,0.5369040781160253,1.25,-0.911873452423846,0.16952864934590522,-0.40190620953754813,0.18770051777262475,1.3629580864603905,-0.4234469386233127,-0.9530821943616314,-0.04296221737611556,-0.3547665713413169,REIT—Office,Real Estate,CUZ
2009Q4,2009,Q4,2010-02-26,2009-12-31,-4557000.0,65535000.0,13409000.0,-0.28,31481000.0,0.48036926832990007,1491552000.0,787411000.0,62727000.0,56577000.0,671293000.0,0.0,-51402000.0,499726850.0,1080470850.0,48.08983891900145,1.108701415769659,0.39570058569865485,0.7495551878244018,0.008480307121040132,48.08983891900145,-0.005787320725770912,7.6253429465171285,-27.415341781874037,0.6346455027933315,-1.4937458854509547,0.0,0.013621441393433234,0.04393745575078844,1.0453364441380772,-0.0030552069254038746,-207.52776162790698,0.48036926832990007,0.9220055710306406,-1.0282528054855626,0.49137531561829456,-0.10699410525742091,-0.05863883739010825,0.9153917564054957,2.3792842741935485,-1.0841422158982033,0.09716944201411681,-0.02702811466332544,REIT—Office,Real Estate,CUZ
2009Q3,2009,Q3,2009-11-04,2009-09-30,-53860000.0,59195000.0,3968000.0,-3.59,33442000.0,0.5649463637131514,1629424000.0,794319000.0,233281000.0,789699000.0,802282000.0,0.0,-34713000.0,496543319.99999994,1077647320.0,52.98197401991029,0.2954049580916273,0.43002926187413465,0.8821392916447925,0.002667372295399618,52.98197401991029,-0.06780651098614032,8.388264549370723,-2.304787040475306,0.6251182711228108,-0.12231711845525436,0.0,0.013267724556238116,0.036328788578049664,0.21238345242934334,-0.033054625438191654,102.91053264248704,0.5649463637131514,0.39865996649916247,-1.1943844614528898,0.49345583316074965,-0.2033640492893312,0.022753685240687504,0.3102476756396793,-0.5769271777374987,-1.2550800618434637,0.6017606928178985,-0.1333909641141491,REIT—Office,Real Estate,CUZ
2009Q2,2009,Q2,2009-08-10,2009-06-30,-78086000.0,51065000.0,9379000.0,-5.97,32698000.0,0.6403211593067659,1590775000.0,535142000.0,112021000.0,1010015000.0,1022770000.0,0.0,30217000.0,444363000.0,1334034000.0,40.945866330004975,0.11091023400642565,0.59329069164401,1.76362909283891,0.007422890471883987,40.945866330004975,-0.1459164109712936,8.701909331244492,-1.4226717977614425,0.8303646508777109,-0.10361652536946443,0.0,0.01820808663187529,0.03210070563090318,0.10667267317812111,-0.04908676588455313,-202.16696997270245,0.6403211593067659,-1.4678683385579938,-2.528342239450414,0.16271175069708582,-0.17591944953664868,0.08833710557848488,-1.476721327488736,5.459366391184573,-229.74919634114136,-0.07330352584264099,-0.1502050181251727,REIT—Office,Real Estate,CUZ
2009Q1,2009,Q1,2009-05-07,2009-03-31,163798000.0,49087000.0,1452000.0,12.76,30044000.0,0.6120561452115632,1672710000.0,615582000.0,115601000.0,66358000.0,1024285000.0,0.0,124364000.0,330694000.0,1216301000.0,47.95185978578384,1.742080834262636,0.5651123027900832,1.5355695910536695,0.0009531358133139081,47.95185978578384,0.2660864027863063,6.736895715769959,0.5047283849619654,0.5372054413546855,0.13069146143420554,0.0,0.06473356033069846,0.02934579215763641,1.6735284366617438,0.09792372856024056,-30.258395095617164,0.6120561452115632,267.3883089770355,11.139591477677055,0.08960773847162473,0.013387626270156393,-0.1671794871794872,266.0453074433657,4.299270072992701,12.140038141222382,0.023957535648838655,-0.035262124071735124,REIT—Office,Real Estate,CUZ
2008Q4,2008,Q4,2009-02-27,2008-12-31,-618000.0,52715000.0,274000.0,-0.0479,36075000.0,0.6843403205918619,1693795000.0,467687000.0,137866000.0,65026000.0,1185588000.0,0.0,-22225000.0,709147700.0,1568423700.0,36.5366196632944,2.1201673176883093,0.5562886890090005,2.0146786205303973,0.00027954595300993005,36.5366196632944,-0.0013213965750598156,13.4524841126814,-286.87204692556634,1.5162869611513683,-34.359223300970875,0.0,0.02994298648927438,0.031122420363739415,2.0642512225878877,-0.0003648611549803843,-46.737474461214,0.6843403205918619,-1.0570238095238094,-1.055769914813305,0.12281334374018785,-0.23753289013180268,-0.2637304324754577,-1.0572752548656164,-0.985346809989839,-1.0368126469091221,0.1050167751473576,-0.27784008653269754,REIT—Office,Real Estate,CUZ
2008Q3,2008,Q3,2008-11-10,2008-09-30,10790000.0,70270000.0,18699000.0,0.84,48997000.0,0.6972676817987762,1656582000.0,511928000.0,110046000.0,1024665000.0,1100260000.0,0.0,-4948000.0,1292003070.0,2090133070.0,39.98734597434045,0.10739705171934241,0.514777415183794,1.6658026128674346,0.012136769654809247,39.98734597434045,0.02107718272882124,18.386268251031733,29.935196246524562,2.5237984052444875,2.283410565338276,0.0,0.019069614130251253,0.042418666869493936,0.10739705171934241,0.006513411349392906,-71.04382876938304,0.6972676817987762,0.6153846153846153,-0.8318488709869359,0.6081764881410084,-0.17480774770050247,0.5765307764085074,0.6049382716049383,2.577386646259805,-0.23175076948806336,0.4898513107531436,-0.21411987328403892,REIT—Office,Real Estate,CUZ
2008Q2,2008,Q2,2008-08-11,2008-06-30,6723000.0,46703000.0,5227000.0,0.52,31079000.0,0.6654604629252939,1610043000.0,522615000.0,62895000.0,959448000.0,1041970000.0,0.0,7070000.0,1182419700.0,1961602700.0,40.83966632152695,0.06555331815794081,0.4891210980079414,1.5068568640394937,0.0007611454489073197,40.83966632152695,0.012864154300967252,25.317853242832367,43.96919901829541,2.2625062426451596,3.489067380633646,0.0,0.019838133617022784,0.029007299805036264,0.06555331815794081,0.0041756648735468554,-31.26770943515972,0.6654604629252939,0.18181818181818185,-0.9558224283727311,0.04159870086234157,-0.09671084678372235,-0.3089716509171762,0.18949044585987262,1.123853754472431,-0.3620242141576488,0.36330178570201094,-0.206936930281042,REIT—Office,Real Estate,CUZ
2008Q1,2008,Q1,2008-05-12,2008-03-31,5652000.0,44975000.0,-42203000.0,0.44,44975000.0,1.0,1623000000.0,432837000.0,323160000.0,0.0,1144303000.0,0.0,23151000.0,1263867080.0,1998841080.0,33.849769296942206,0.0,0.4891447935921134,1.8341361759738655,-0.0028088214162454595,33.849769296942206,0.01305803339363317,28.101547081712063,55.90353326256193,2.919960816658465,4.136765746638358,0.0,0.018499571964482216,0.027711028958718423,0.0,0.0034824399260628466,-26.670614501561577,1.0,5.878048780487805,-0.807238714955885,-0.36864159817804676,-0.023079598724399263,0.016682867283043606,5.847341337907376,-0.03953396719050199,-0.41082500343411066,0.4777268957724633,-0.35339063094457357,REIT—Office,Real Estate,CUZ
2007Q4,2007,Q4,2008-02-26,2007-12-31,-1166000.0,44237000.0,-40598000.0,-0.0902,44237000.0,1.0,1509611000.0,552503000.0,271716000.0,0.0,911325000.0,0.0,40286000.0,1142680500.0,1801044500.0,42.742713470650806,0.0,0.44792267676904846,1.2238648477926817,-0.02067196078900484,42.742713470650806,-0.0021103957806563947,25.830876867780365,-245.00010720411663,2.0681887700157287,-58.625214408233276,0.0,0.05982162117932352,0.029303575556881872,0.0,-0.0007723844089636337,-16.92283370110925,1.0,-1.1002222222222222,-1.0800491799022696,-0.14963173771291177,0.2871401937080526,-0.0422196722021348,-1.0999914244061402,0.04951654063165781,-1.0091570736099273,0.2751900571896782,-0.20628773261491368,REIT—Office,Real Estate,CUZ
2007Q3,2007,Q3,2007-11-05,2007-09-30,11661000.0,46187000.0,-42713000.0,0.9,46187000.0,1.0,1441010000.0,595035000.0,243968000.0,0.0,799867000.0,0.0,64417000.0,1546047900.0,2098607900.0,46.04643064422519,0.0,0.38692097903553757,0.9370154696782542,-0.35728372956002874,46.04643064422519,0.019597166553227963,33.473659254768656,33.145697195780805,2.59824699387431,5.980361890060887,0.0,0.04510662315184413,0.03205182476179902,0.0,0.008092240858842062,-22.474566440377377,1.0,1.8125000000000002,-0.06861805527701574,-0.15378634900084537,0.36437129773951654,0.22593231585932316,1.7718088899453293,-0.1387400357247594,-0.9511739865165021,0.3519087769909473,-0.30764674718782176,REIT—Office,Real Estate,CUZ
2007Q2,2007,Q2,2007-08-09,2007-06-30,4207000.0,37675000.0,-37509000.0,0.32,37675000.0,1.0,1365138000.0,602723000.0,247926000.0,0.0,715408000.0,0.0,75753000.0,1503443250.0,1964501250.0,46.51986493005306,0.0,0.35012650735676537,0.7930193471959756,0.06732450033186438,46.51986493005306,0.006979989149244346,39.90559389515594,89.34176669835988,2.4944182485154873,0.14404563822201094,0.0,0.0004030747419298999,0.027597942479075377,0.0,0.00308173972155196,-21.238073880491594,1.0,-0.7647058823529411,-0.6831528398477594,-0.26392548162900803,0.2640143402296314,0.0017815358434375664,-0.769099890230516,-0.041916666666666665,-0.9169385314454126,-0.13467024005910977,-0.06373660310256231,REIT—Office,Real Estate,CUZ
2007Q1,2007,Q1,2007-05-09,2007-03-31,18220000.0,37608000.0,-36000000.0,1.36,37608000.0,1.0,1270561000.0,627417000.0,227056000.0,0.0,597017000.0,0.0,94610000.0,1699486340.0,2058526340.0,48.52506815677024,0.0,0.28938476783090306,0.5860233305759965,-0.05928314328180022,48.52506815677024,0.029039697681127543,45.18949000212721,23.318967343578485,2.7087030475744203,0.035729967069154774,0.0,0.000383056918245074,0.029599523360153507,0.0,0.014340122197989707,-24.81364199153161,1.0,-0.5736677115987461,0.8752876702796545,-0.27137859998171526,0.3057287874517215,-0.18592116371192935,-0.5650201733234655,0.21825801828407634,0.34070793233484137,-0.17115321848397894,0.02550148948687158,REIT—Office,Real Estate,CUZ
