Quarters,Year,Quarter,FillingDate,Date,NetIncome,Revenue,OperatingIncome,EPSDiluted,GrossProfit,GrossProfitRatio,TotalAssets,CommonStockEquity,CurrentAssets,CurrentLiability,TotalLiability,Inventory,RetainedEarnings,MarketCap,EnterpriseValue,bookValuePerShare,currentRatio,debtToAssets,debtToEquity,roic,shareholdersEquityPerShare,roe,priceToSalesRatio,peRatio,pbRatio,payoutRatio,inventoryTurnover,dividendYield,assetTurnover,quickRatio,returnOnAssets,priceToFreeCashFlowsRatio,grossProfitMargin,epsdilutedGrowth,fiveYNetIncomeGrowthPerShare,fiveYRevenueGrowthPerShare,fiveYShareholdersEquityGrowthPerShare,grossProfitGrowth,netIncomeGrowth,operatingIncomeGrowth,threeYNetIncomeGrowthPerShare,threeYRevenueGrowthPerShare,threeYShareholdersEquityGrowthPerShare,Industry,Sector,Symbol
2023Q3,2023,Q3,2023-05-09,2023-04-01,-39300000.0,383400000.0,-49800000.0,-0.57,112000000.0,0.292123109,4354000000.0,1538000000.0,2463600000.0,768900000.0,2816000000.0,410200000.0,-140600000.0,3705086000.0,5550386000.0,22.419825072886297,3.204057744830277,0.5499540652273771,1.556892067620286,-0.010046919917864477,22.419825072886297,-0.025552665799739922,9.66376108502869,-23.569249363867684,2.4090286085825747,0.0,0.6616284739151633,0.0,0.08805695911805236,2.5298478345688644,-0.009026182820395039,-255.5231724137931,0.2921231090245175,-0.23913043478260854,-14.240038872691933,0.1671642839579895,0.5333155244937581,-0.32611311672683513,-0.23974763406940064,-5.225,-1.9873708535422072,0.037863237222822275,-0.03298182709497457,Communication Equipment,Technology,LITE
2023Q2,2023,Q2,2023-02-09,2022-12-31,-31700000.0,506000000.0,-8000000.0,-0.46,166200000.0,0.328458498,4418100000.0,1543600000.0,2492600000.0,814300000.0,2874500000.0,366900000.0,-101300000.0,3563211000.0,5363111000.0,22.60029282576867,3.061034016947071,0.5414092030510853,1.549624254988339,-0.002335629605984074,22.60029282576867,-0.020536408395957502,7.041918972332016,-28.101033123028394,2.3083771702513602,0.0,0.926137912237667,0.0,0.11452886987619113,2.4694829915264647,-0.007175029990267309,64.78565454545455,0.3284584980237154,-76.96610169491525,-1.1409610061310396,0.13892288463055533,0.5617578199786816,-0.17395626242544732,-78.25,-1.289855072463768,-1.7259693516980614,0.242840064552155,0.03217322134814098,Communication Equipment,Technology,LITE
2023Q1,2023,Q1,2022-11-08,2022-10-01,-400000.0,506800000.0,27600000.0,-0.0059,201200000.0,0.3970007893,4387400000.0,1526400000.0,2438400000.0,802800000.0,2861000000.0,366200000.0,-69600000.0,4669617000.0,6455617000.0,22.41409691629956,3.0373692077727954,0.5450380635456079,1.5666273584905661,-0.0001472022767285462,22.41409691629956,-0.0002620545073375262,9.213924625098658,-2918.510625,3.0592354559748425,0.0,0.8345166575641726,0.0,0.11551260427588093,2.448181365221724,-9.117016912066372e-05,-2223.6271428571426,0.39700078926598265,-1.0120408163265306,-1.0510434117184753,0.888039550969936,1.0430636426882596,0.10731975784259769,-1.0115273775216138,0.2545454545454545,-1.0094892582583694,0.2720372841868269,0.10398005051139195,Communication Equipment,Technology,LITE
2022Q4,2022,Q4,2022-08-24,2022-07-02,34700000.0,422100000.0,22000000.0,0.49,181700000.0,0.430466714,4162200000.0,1875000000.0,3139200000.0,716500000.0,2287200000.0,250100000.0,-129100000.0,5361798000.0,6007598000.0,27.213352685050797,4.381297976273552,0.46513862860986976,1.0325333333333333,0.005315634049860006,27.213352685050797,0.018506666666666668,12.702672352523098,38.62966858789625,2.8596255999999998,0.0,0.9612155137944822,0.0,0.10141271442986882,3.9232379623168177,0.008336937196674835,62.56473745624271,0.4304667140488036,0.4000000000000001,1.5623392313772766,0.6863060095685423,1.548393705459233,0.0867224880382775,0.3346153846153846,-0.5299145299145299,2.493316906875485,0.15832835311192692,0.39056942115181736,Communication Equipment,Technology,LITE
2022Q3,2022,Q3,2022-05-04,2022-04-02,26000000.0,395400000.0,46800000.0,0.35,167200000.0,0.4228629236,4133500000.0,1912100000.0,3100600000.0,660700000.0,2221400000.0,224000000.0,-60500000.0,6780500000.0,7568700000.0,26.930985915492958,4.692901468139851,0.4641345107052135,1.0033471052769207,0.010661038722315514,26.930985915492958,0.013597615187490194,17.148457258472433,65.19711538461539,3.546101145337587,0.0,1.01875,0.0,0.09565743316801742,4.247464810049947,0.006290068948832708,116.90517241379311,0.42286292362164896,-0.5333333333333333,1.3988933601609659,0.3280291601052759,2.2569193910489105,-0.1942168674698795,-0.5414462081128748,-0.45707656612529,1.3755615794362406,-0.019730022546923878,0.3645462642200701,Communication Equipment,Technology,LITE
2022Q2,2022,Q2,2022-02-03,2022-01-01,56700000.0,446700000.0,86200000.0,0.75,207500000.0,0.4645175733,3615700000.0,2021900000.0,2540100000.0,656700000.0,1593800000.0,208100000.0,237500000.0,7647171000.0,8374571000.0,27.96542185338866,3.867976244860667,0.3538457283513566,0.6327711558435135,0.020992284609325937,27.96542185338866,0.02804292991740442,17.119254533243787,33.71768518518518,3.7821707305010137,0.0,1.149447381066795,0.0,0.12354454185911441,3.4438860971524288,0.015681610753104515,42.39008314855876,0.4645175733154242,-0.3055555555555556,3.007560306631971,0.4058827213653801,2.0538119119147704,-0.10637381567614125,-0.3042944785276074,-0.25625539257981017,2.213909324644248,0.10441175327580987,0.19772403654956872,Communication Equipment,Technology,LITE
2022Q1,2022,Q1,2021-11-04,2021-10-02,81500000.0,448400000.0,115900000.0,1.08,232200000.0,0.5178412132024978,3519000000.0,1971400000.0,2423000000.0,611700000.0,1547600000.0,207000000.0,210700000.0,6206399000.0,6860399000.0,27.11691884456671,3.9610920385810036,0.35947712418300654,0.6416759663183524,0.02869005669337563,27.11691884456671,0.041341178857664605,13.84121097234612,19.03803374233129,3.1482190321598864,0.0,1.0444444444444445,0.0,0.12742256322818982,3.5111982998201734,0.023159988633134412,141.05452272727274,0.5178412132024978,2.857142857142857,20.750182053564203,0.4314296571016534,2.0560742028025327,0.4262899262899263,2.7906976744186047,1.5305676855895196,0.49236211469596464,0.09909346476546892,0.6786790729835765,Communication Equipment,Technology,LITE
2021Q4,2021,Q4,2021-08-31,2021-07-03,21500000.0,392100000.0,45800000.0,0.28,162800000.0,0.4152002040295843,3551600000.0,1972800000.0,2436800000.0,664600000.0,1578800000.0,196400000.0,220900000.0,6243556000.0,6709156000.0,26.37433155080214,3.6665663557026784,0.3491102601644329,0.6284975669099757,0.010559236329263304,26.37433155080214,0.010898215733982157,15.923376689619994,72.59948837209302,3.164819545823195,0.0,1.1675152749490836,0.0,0.11040094605248339,3.2482696358712007,0.006053609640725307,59.01281663516068,0.4152002040295843,-0.9017543859649123,0.1939531057178116,0.2882644990143347,1.9381757204006886,-0.12,-0.9046563192904656,-0.8284001498688648,-0.46202809482001755,0.09157110203762685,0.719171003467402,Communication Equipment,Technology,LITE
2021Q3,2021,Q3,2021-05-12,2021-04-03,225500000.0,419500000.0,266900000.0,2.85,185000000.0,0.4410011918951132,3745900000.0,2165000000.0,2569800000.0,674200000.0,1580900000.0,210700000.0,440400000.0,7016805999.999999,7555705999.999999,28.562005277044854,3.8116285968555323,0.32745134680584104,0.5665588914549654,0.06890075128509292,28.562005277044854,0.10415704387990762,16.726593563766386,7.779164079822616,3.2410189376443417,0.0,1.1129568106312293,0.0,0.11198910809151338,3.3808958765944825,0.06019915107183854,19.203081554460862,0.4410011918951132,1.6886792452830188,24.173170393000973,0.42200784227499266,2.2992599266362053,-0.19425087108013936,1.7103365384615385,1.3148308759757155,67.75403107593081,0.15575759502389516,0.953385718202103,Communication Equipment,Technology,LITE
2021Q2,2021,Q2,2021-02-02,2020-12-26,83200000.0,478800000.0,115300000.0,1.06,229600000.0,0.47953216374269003,3468200000.0,1921900000.0,2266200000.0,647300000.0,1546300000.0,207100000.0,214900000.0,7431480000.0,8325780000.0,25.42195767195767,3.501004171172563,0.35049881783057496,0.6324990894427389,0.030523321069544432,25.42195767195767,0.043290493782194704,15.521052631578947,22.33016826923077,3.866736042457984,0.0,1.2032834379526798,0.0,0.13805432212675162,3.0542252433183994,0.023989389308575054,71.2510067114094,0.47953216374269003,0.2325581395348838,22.189720332577476,0.7117117117117115,1.9601253259236282,0.11618862421001458,0.2399403874813711,0.16464646464646465,-0.6657572751322751,-0.026363486571099083,0.7567445474900202,Communication Equipment,Technology,LITE
2021Q1,2021,Q1,2020-11-02,2020-09-26,67100000.0,452400000.0,99000000.0,0.86,205700000.0,0.4546861184792219,3387400000.0,1816100000.0,2166700000.0,293400000.0,1571300000.0,212600000.0,131700000.0,5587260000.0,6519660000.0,24.11819389110226,7.3847989093387865,0.3548149022849383,0.6618027641649689,0.025755389056070745,24.11819389110226,0.036947304663840094,12.35026525198939,20.816915052160955,3.076515610373878,0.0,1.1603951081843837,0.0,0.1335537580445179,6.388207225630539,0.019808702839936233,71.26607142857142,0.4546861184792219,15.333333333333332,262.9840637450199,0.6616581650819113,1.831768771559131,0.5158437730287398,15.58695652173913,2.6666666666666665,6.743804126218133,0.5242254665548334,1.198393504330048,Communication Equipment,Technology,LITE
2020Q4,2020,Q4,2020-08-25,2020-06-27,-4600000.0,368100000.0,27000000.0,-0.06,135700000.0,0.3686498234175496,3292600000.0,1749200000.0,2050000000.0,283000000.0,1543400000.0,188900000.0,64600000.0,5709750000.0,6601050000.0,23.322666666666667,7.243816254416961,0.36120391180222317,0.6799108163731992,-0.002828545075666996,23.322666666666667,-0.002629773610793506,15.511409942950285,-310.3125,3.2642064943974387,0.0,1.2302805717310747,0.0,0.11179614894004739,6.315547703180212,-0.0013970722225596793,56.19832677165354,0.3686498234175496,-1.1071428571428572,0.7880200781065089,0.3723060506462424,2.5783283776201738,-0.13950538998097653,-1.1059907834101383,-0.36470588235294116,0.9315166970248937,0.3509672204759767,1.1840505143089928,Communication Equipment,Technology,LITE
2020Q3,2020,Q3,2020-05-05,2020-03-28,43400000.0,402800000.0,42500000.0,0.56,157700000.0,0.3915094339622642,3268700000.0,1734200000.0,1963000000.0,286700000.0,1534500000.0,172700000.0,69200000.0,5236000000.0,5728300000.0,23.184491978609625,6.846878269968609,0.3611833450607275,0.6807749971168262,0.012695749948859083,23.184491978609625,0.02502594856417945,12.999006951340617,30.161290322580644,3.0192596009687467,0.0,1.4192240880138969,0.0,0.12322941842322636,6.119637251482386,0.013277449750665402,38.9873417721519,0.3915094339622642,-0.11111111111111104,1.7583939686157624,0.5718749411280273,2.5118843947750285,-0.16604970914859862,-0.11608961303462322,-0.4318181818181818,1.6320187165775402,0.2841541478344126,1.803834279728761,Communication Equipment,Technology,LITE
2020Q2,2020,Q2,2020-02-04,2019-12-28,49100000.0,457800000.0,74800000.0,0.63,189100000.0,0.4130624726955002,3221200000.0,1681600000.0,1883000000.0,304200000.0,1539600000.0,179600000.0,25800000.0,6067968000.0,6156468000.0,21.895833333333332,6.190006574621959,0.36430522786539177,0.6978472882968602,0.021675168503265608,21.895833333333332,0.02919838249286394,13.254626474442988,30.89596741344196,3.608449096098954,0.0,1.4961024498886415,0.0,0.1421209487147647,5.4543063773833005,0.01524276667080591,44.42143484626647,0.4130624726955002,0.03278688524590167,10.133184590637702,0.6586253090483968,2.740070712975114,0.12760882528324388,0.031512605042016806,0.2508361204013378,2.2670484639830506,0.35639445754716975,1.3910154835204636,Communication Equipment,Technology,LITE
2020Q1,2020,Q1,2019-10-31,2019-09-28,47600000.0,449900000.0,59800000.0,0.61,167700000.0,0.3727494998888642,2867800000.0,1561300000.0,1423200000.0,316800000.0,1306500000.0,202200000.0,176700000.0,4059551000.0,4453451000.0,20.30299089726918,4.492424242424242,0.32530162493897763,0.5975148914366233,0.02065039666596586,20.30299089726918,0.030487414334208672,9.023229606579239,21.321171218487393,2.60010952411452,0.0,1.3956478733926805,0.0,0.15687983820350093,3.694760101010101,0.016598089127554224,61.695303951367784,0.3727494998888642,2.7941176470588234,7.349109383977985,0.5494356069377891,0.0,0.9320276497695853,2.8449612403100777,5.333333333333333,11.905071521456437,0.3577770735327534,1.2881451641513146,Communication Equipment,Technology,LITE
2019Q4,2019,Q4,2019-08-27,2019-06-29,-25800000.0,404600000.0,-13800000.0,-0.34,86800000.0,0.21453287197231835,2716600000.0,1497100000.0,1332800000.0,294000000.0,1219500000.0,228800000.0,129100000.0,4085864999.9999995,4494565000.0,19.569934640522877,4.533333333333333,0.3096885813148789,0.5619531093447332,-0.0072147826446421655,19.569934640522877,-0.017233317747645447,10.098529411764705,-39.59171511627906,2.7291864270923782,0.0,1.388986013986014,0.0,0.14893617021276595,3.5874149659863948,-0.009497165574615328,96.82144549763032,0.21453287197231835,0.6530612244897959,-1.9195200468247002,0.5261470425649529,2.38216987231921,-0.01698754246885617,0.6527590847913862,0.819371727748691,-2.4009049773755655,0.2997931319817955,1.1801465072150394,Communication Equipment,Technology,LITE
2019Q3,2019,Q3,2019-05-07,2019-03-30,-74300000.0,432900000.0,-76400000.0,-0.98,88300000.0,0.20397320397320398,2771400000.0,1503900000.0,1418100000.0,358000000.0,1267500000.0,272200000.0,154900000.0,4308348000.0,4789248000.0,19.736220472440944,3.9611731843575417,0.3024464169733709,0.5573508876920008,-0.02936675332065857,19.736220472440944,-0.04940488064365982,9.952293832293833,-14.496460296096904,2.8647835627368843,0.0,1.2659808963997061,0.0,0.15620264126434294,2.86927374301676,-0.026809554737677706,265.9474074074074,0.20397320397320398,-13.25,-7.500437445319336,0.5433439672499953,0.0,-0.29246794871794873,-5.558282208588957,-7.643478260869565,-6.595247962425749,0.45972769028871374,1.2797741501824467,Communication Equipment,Technology,LITE
2019Q2,2019,Q2,2019-02-07,2018-12-29,16300000.0,373700000.0,11500000.0,0.08,124800000.0,0.33395772009633395,2796600000.0,1559700000.0,1356900000.0,325500000.0,1236900000.0,303200000.0,229200000.0,2776876000.0,3243476000.0,23.34880239520958,4.168663594470046,0.29961381677751553,0.5372186959030583,0.004409357765103667,23.34880239520958,0.01045072770404565,7.430762643831951,42.590122699386505,1.780391100852728,0.018404907975460124,0.820910290237467,0.00010803507250593832,0.1336265465207752,2.9204301075268817,0.005828506043052278,35.55539052496799,0.33395772009633395,-0.888888888888889,4.485885397619395,0.5566119317635513,2.9882552397959983,-0.009523809523809525,-0.6561181434599156,-0.7985989492119089,4.141680923866553,0.5119760479041915,1.7187277310388103,Communication Equipment,Technology,LITE
2019Q1,2019,Q1,2018-11-01,2018-09-29,47400000.0,354100000.0,57100000.0,0.72,126000000.0,0.35583168596441683,1645000000.0,1019300000.0,1181100000.0,213900000.0,625700000.0,136600000.0,213000000.0,3782845000.0,3667345000.0,16.153724247226624,5.521739130434782,0.20905775075987842,0.3373884038065339,0.03759691150069261,16.153724247226624,0.046502501716864514,10.6829850324767,19.9517141350211,3.7112184832728348,0.008438818565400843,1.6698389458272327,0.00010574052069275902,0.21525835866261397,4.553062178588125,0.028814589665653496,137.05960144927536,0.35583168596441683,0.7999999999999998,9.132311207754395,0.48621091403802047,0.0,0.3193717277486911,0.41492537313432837,1.7320574162679425,221.84944532488115,0.5520676016357736,0.8966433421264487,Communication Equipment,Technology,LITE
2018Q4,2018,Q4,2018-08-28,2018-06-30,33500000.0,301100000.0,20900000.0,0.4,95500000.0,0.3171703752906011,1581500000.0,961900000.0,1127200000.0,214000000.0,619600000.0,153600000.0,166400000.0,3630330000.0,3574930000.0,15.341307814992026,5.267289719626168,0.21618716408472968,0.3554423536750182,0.01927272076644953,15.341307814992026,0.034826905083688534,12.056891398206576,27.092014925373135,3.7741241293273724,0.0,1.3385416666666667,0.0,0.19038887132469176,4.245794392523364,0.02118242175150174,209.8456647398844,0.3171703752906011,9.0,5.625199362041467,0.3857189332444633,1.6513583232107794,-0.015463917525773196,11.407407407407407,-0.1803921568627451,2.8466110316808697,0.34273292651643034,1.3537718858989296,Communication Equipment,Technology,LITE
2018Q3,2018,Q3,2018-05-02,2018-03-31,2700000.0,298800000.0,25500000.0,0.04,97000000.0,0.3246318607764391,1518200000.0,912400000.0,1064700000.0,191500000.0,605800000.0,144200000.0,133200000.0,3981120000.0,4144220000.0,14.621794871794872,5.559791122715405,0.22388354630483467,0.37253397632617274,0.020201219995246773,14.621794871794872,0.0029592284085927225,13.323694779116465,368.6222222222222,4.363349408154318,0.18518518518518517,1.3994452149791956,0.0001255927980065911,0.19681201422737452,4.526370757180157,0.001778421815307601,54.9878453038674,0.3246318607764391,-0.9873817034700315,-0.7115384615384616,0.30084669428931726,0.0,-0.4330800701344243,-0.98681640625,-0.7191629955947136,-0.7942938209331653,0.39773915063296034,1.2148448748083118,Communication Equipment,Technology,LITE
2018Q2,2018,Q2,2018-02-06,2017-12-30,204800000.0,404600000.0,90800000.0,3.17,171100000.0,0.42288680177953536,1507400000.0,900100000.0,1053800000.0,217700000.0,607300000.0,147300000.0,130700000.0,3041580000.0,3177380000.0,14.471061093247588,4.840606338998622,0.22416080668701074,0.37540273302966337,0.1557517498770877,14.471061093247588,0.22753027441395401,7.517498764211567,3.7128662109375,3.379157871347628,0.0,1.5852002715546503,0.0,0.2684091813718986,3.8888378502526413,0.13586307549422846,34.602730375426624,0.42288680177953536,27.81818181818182,48.037207509999206,0.809960985053196,1.4718306426882863,1.4978102189781022,27.845070422535212,32.629629629629626,48.037207509999206,0.809960985053196,1.4718306426882863,Communication Equipment,Technology,LITE
2018Q1,2018,Q1,2017-11-01,2017-09-30,7100000.0,243200000.0,2700000.0,0.11,68500000.0,0.2816611842105263,1248400000.0,676900000.0,922500000.0,177200000.0,571500000.0,147200000.0,-73900000.0,3353395000.0,3531495000.0,10.970826580226904,5.205981941309255,0.26345722524831783,0.4858915644851529,0.005406320064300521,10.970826580226904,0.010488993942975328,13.788630756578947,118.07728873239436,4.954047865268135,0.028169014084507043,1.186820652173913,5.964105033853751e-05,0.19480935597564883,3.9858916478555306,0.00568727971803909,-143.9225321888412,0.2816611842105263,1.1222222222222222,0.5521465455504881,0.043908142951236934,0.0,0.017830609212481426,1.1293260473588342,-0.3076923076923077,0.5521465455504881,0.043908142951236934,0.0,Communication Equipment,Technology,LITE
2017Q4,2017,Q4,2017-08-29,2017-07-01,-54900000.0,222700000.0,3900000.0,-0.9,67300000.0,0.3022002694207454,1232900000.0,654600000.0,930300000.0,184200000.0,578300000.0,145200000.0,-83200000.0,3497165000.0,3541765000.0,10.67862969004894,5.050488599348534,0.25752291345607914,0.48502902535899783,0.00798025789080565,10.67862969004894,-0.0838680109990834,15.703480017961382,-15.925159380692167,5.342445768408188,-0.00546448087431694,1.0702479338842976,8.578377056844616e-05,0.1806310325249412,3.920195439739414,-0.04452915889366534,-139.8866,0.3022002694207454,0.021739130434782625,-6.752915682598428,0.04831470705201557,0.8455319488165628,-0.18026796589524968,0.019642857142857142,-0.7132352941176471,-6.752915682598428,0.04831470705201557,0.8455319488165628,Communication Equipment,Technology,LITE
2017Q3,2017,Q3,2017-05-04,2017-04-01,-56000000.0,255800000.0,13600000.0,-0.92,82100000.0,0.32095387021110244,1244500000.0,504400000.0,941600000.0,192100000.0,740100000.0,116900000.0,-28000000.0,3254350000.0,2989850000.0,8.268852459016394,4.90161374284227,0.2518280433909201,0.6213322759714512,0.020974753183117083,8.268852459016394,-0.11102299762093576,12.722243940578577,-14.528348214285714,6.451923076923077,-0.0035714285714285713,1.485885372112917,6.14562047720743e-05,0.20554439533949379,3.9734513274336285,-0.04499799116110888,-168.61917098445596,0.32095387021110244,-5.842105263157896,-7.120218579234973,0.13920221138710803,0.0,-0.05632183908045977,-5.745762711864407,0.022556390977443608,-7.120218579234973,0.13920221138710803,0.0,Communication Equipment,Technology,LITE
2017Q2,2017,Q2,2017-02-07,2016-12-31,11800000.0,265000000.0,13300000.0,0.19,87000000.0,0.3283018867924528,796700000.0,552200000.0,527600000.0,202000000.0,244500000.0,121000000.0,28200000.0,2330595000.0,2174695000.0,9.1575456053068,2.611881188118812,0.0,0.0,0.01587757653995496,9.1575456053068,0.021369069177834116,8.794698113207547,49.3770127118644,4.220563201738501,0.01694915254237288,1.4710743801652892,8.581499574143084e-05,0.3326220660223422,1.7247524752475247,0.014811095770051462,-143.86388888888888,0.3283018867924528,4.166666666666667,3.7955460995833836,0.22281929111371104,0.5642185250378804,0.06487148102815178,4.470588235294118,-0.20833333333333334,3.7955460995833836,0.22281929111371104,0.5642185250378804,Communication Equipment,Technology,LITE
2017Q1,2017,Q1,2016-10-27,2016-10-01,-3400000.0,258100000.0,16800000.0,-0.06,81700000.0,0.31654397520340954,737500000.0,531500000.0,489300000.0,163500000.0,206000000.0,103700000.0,16600000.0,2502023000.0,2335223000.0,8.873121869782972,2.992660550458716,0.0,0.0,0.01885428528989454,8.873121869782972,-0.006396989651928504,9.694006199147617,-183.9722794117647,4.7074750705550334,-0.058823529411764705,1.7010607521697203,7.993531634201603e-05,0.34996610169491527,1.9773700305810398,-0.0046101694915254236,338.11121621621623,0.31654397520340954,-1.2608695652173914,-1.7656171137943084,0.1411561125467865,0.0,0.027672955974842768,-1.2377622377622377,0.6633663366336634,-1.7656171137943084,0.1411561125467865,0.0,Communication Equipment,Technology,LITE
2016Q4,2016,Q4,2016-09-02,2016-07-02,14300000.0,241700000.0,10100000.0,0.23,79500000.0,0.3289201489449731,726300000.0,533200000.0,489500000.0,173700000.0,193100000.0,100600000.0,20200000.0,1404810000.0,1247710000.0,8.976430976430976,2.818077144502015,0.0,0.0,0.018810692256397435,8.976430976430976,0.0268192048012003,5.8122052130740585,24.559615384615384,2.634677419354839,0.013986013986013986,1.6123260437375746,0.00014236800706145315,0.33278259672311716,1.897524467472654,0.019688833815227867,-255.42,0.3289201489449731,2.769230769230769,3.084024322830293,0.1741461044943632,0.5513498111829457,0.2659235668789809,2.8815789473684212,5.391304347826087,3.084024322830293,0.1741461044943632,0.5513498111829457,Communication Equipment,Technology,LITE
2016Q3,2016,Q3,2016-05-04,2016-04-02,-7600000.0,230400000.0,-2300000.0,-0.13,62800000.0,0.2725694444444444,704900000.0,512500000.0,483300000.0,169000000.0,192400000.0,107200000.0,6200000.0,1573536000.0,1416336000.0,8.657094594594595,2.8597633136094673,0.0,0.0,-0.004547642276422765,8.657094594594595,-0.014829268292682926,6.829583333333333,-51.76105263157895,3.070314146341463,0.0,1.5634328358208955,0.0,0.3268548730316357,1.8976331360946745,-0.01078167115902965,-218.54666666666665,0.2725694444444444,-14.000000000000002,-1.8558558558558558,0.05728210646243443,0.0,-0.07782672540381791,-3.7142857142857144,-1.3709677419354838,-1.8558558558558558,0.05728210646243443,0.0,Communication Equipment,Technology,LITE
2016Q2,2016,Q2,2016-02-04,2015-12-26,2800000.0,218300000.0,6200000.0,0.01,68100000.0,0.3119560238204306,682000000.0,506700000.0,478700000.0,157400000.0,175300000.0,107300000.0,14000000.0,1226020000.0,1064120000.0,8.58813559322034,3.0412960609911055,0.0,0.0,0.010382092087243064,8.58813559322034,0.005525952239984212,5.616216216216216,109.46607142857142,2.419617130451944,0.0,1.3998136067101585,0.0,0.3200879765395894,2.04574332909784,0.004105571847507331,59.515533980582525,0.3119560238204306,1.0588235294117647,1.6779661066556428,0.02952155486935876,0.4669564716846836,0.017937219730941704,15.0,3.48,1.6779661066556428,0.02952155486935876,0.4669564716846836,Communication Equipment,Technology,LITE
2016Q1,2016,Q1,2015-11-17,2015-09-26,-200000.0,212600000.0,-2500000.0,-0.17,66900000.0,0.3146754468485419,649700000.0,500800000.0,453700000.0,132600000.0,148900000.0,102900000.0,11400000.0,998424000.0,856324000.0,8.517006802721088,3.4215686274509802,0.0,0.0,-0.001996805111821086,8.517006802721088,-0.00039936102236421724,4.696255879586077,-1248.03,1.9936581469648564,0.0,1.4159378036929058,0.0,0.32722795136216715,2.288838612368024,-0.00030783438510081576,-302.5527272727273,0.3146754468485419,-0.019979600407991835,-1.0458788166429362,-0.04243158450594855,0.0,0.05188679245283019,0.9881656804733728,0.8407643312101911,-1.0458788166429362,-0.04243158450594855,0.0,Communication Equipment,Technology,LITE
2015Q4,2015,Q4,2015-09-25,2015-06-27,-16900000.0,208900000.0,-15700000.0,-0.16667,63600000.0,0.3044518908568693,512600000.0,380700000.0,310800000.0,122100000.0,131900000.0,99700000.0,0.0,992964645.0,978464645.0,6.517754718245784,2.5454545454545454,0.0,0.0,-0.043559561334384024,6.517754718245784,-0.04439190964013659,4.753301316419339,-14.688826109467456,2.6082601654846336,0.0,1.4573721163490472,0.0,0.407530238002341,1.3513513513513513,-0.03296917674600078,-183.88234166666666,0.3044518908568693,-1.7923649242910455,-1.5046960527639648,0.03201381740116807,0.1264295996968279,0.1138353765323993,-2.3852459016393444,-0.4537037037037037,-1.5046960527639648,0.03201381740116807,0.1264295996968279,Communication Equipment,Technology,LITE
2015Q3,2015,Q3,2015-03-28,2015-03-28,12200000.0,198700000.0,-10800000.0,0.210345,57100000.0,0.2873678912934072,495700000.0,382900000.0,305600000.0,106600000.0,112800000.0,97000000.0,0.0,986000000.0,975400000.0,6.6017241379310345,2.8667917448405253,0.0,0.0,0.030724172667238748,6.6017241379310345,0.03186210498824758,4.962254655259184,20.204918032786885,2.5750848785583704,0.0,1.4597938144329896,0.0,0.40084728666532177,1.5553470919324577,0.02461166027839419,-32.01298701298701,0.2873678912934072,4.004928571428572,0.4022988505747127,-0.06932084309133485,0.0,-0.14648729446935724,3.975609756097561,-2.375,0.4022988505747127,-0.06932084309133485,0.0,Communication Equipment,Technology,LITE
2015Q2,2015,Q2,2014-12-31,2014-12-31,-4100000.0,210500000.0,-3200000.0,-0.07,66900000.0,0.3178147268408551,496700000.0,342900000.0,302500000.0,137100000.0,153800000.0,95000000.0,0.0,995714293.0,976214293.0,5.854390201065438,2.2064186725018233,0.0,0.0,-0.011594510282174324,5.854390201065438,-0.011956838728492273,4.730234171021378,-60.71428615853658,2.90380371245261,0.0,1.5115789473684211,0.0,0.42379706059995975,1.2297592997811817,-0.008254479565129856,191.4835178846154,0.3178147268408551,-1.9441851681998434,0.0,0.0,0.0,-0.04836415362731152,-1.9534883720930232,-1.6153846153846154,0.0,0.0,0.0,Communication Equipment,Technology,LITE
2015Q1,2015,Q1,2014-09-30,2014-09-30,4300000.0,219000000.0,5200000.0,0.074138,70300000.0,0.32100456621004564,,,,,,,,986000000.0,,,0.0,0.0,0.0,0.0,,0.0,4.502283105022831,57.32558139534884,0.0,0.0,0.0,0.0,0.0,0.0,0.0,-73.58208955223881,0.32100456621004564,1.6417916417910448,0.0,0.0,0.0,0.10188087774294671,1.6417910447761195,1.7647058823529411,0.0,0.0,0.0,Communication Equipment,Technology,LITE
2014Q4,2014,Q4,2014-06-30,2014-06-30,-6700000.0,201000000.0,-6800000.0,-0.11551724137931034,63800000.0,0.3174129353233831,492100000.0,335600000.0,286000000.0,136900000.0,156500000.0,96500000.0,0.0,986000000.0,966100000.0,5.786206896551724,2.0891161431701972,0.0,0.0,-0.0193938361995573,5.786206896551724,-0.019964243146603097,4.9054726368159205,-36.791044776119406,2.938021454112038,0.0,1.4217616580310881,0.0,0.4084535663483032,1.1424397370343315,-0.013615118878276773,-55.706214689265536,0.3174129353233831,-1.7701149425287355,0.0,0.0,0.0,-0.10518934081346423,-1.7701149425287357,-1.9066666666666667,0.0,0.0,0.0,Communication Equipment,Technology,LITE
2014Q3,2014,Q3,2014-03-31,2014-03-31,8700000.0,213500000.0,7500000.0,0.15,71300000.0,0.3339578454332553,,,,,,,,986000000.0,,,0.0,0.0,0.0,0.0,,0.0,4.618266978922716,28.333333333333336,0.0,0.0,0.0,0.0,0.0,0.0,0.0,60.1219512195122,0.3339578454332553,0.0,0.0,0.0,0.0,0.0,0.0,0.0,0.0,0.0,0.0,Communication Equipment,Technology,LITE
