Quarters,Year,Quarter,FillingDate,Date,NetIncome,Revenue,OperatingIncome,EPSDiluted,GrossProfit,GrossProfitRatio,TotalAssets,CommonStockEquity,CurrentAssets,CurrentLiability,TotalLiability,Inventory,RetainedEarnings,MarketCap,EnterpriseValue,bookValuePerShare,currentRatio,debtToAssets,debtToEquity,roic,shareholdersEquityPerShare,roe,priceToSalesRatio,peRatio,pbRatio,payoutRatio,inventoryTurnover,dividendYield,assetTurnover,quickRatio,returnOnAssets,priceToFreeCashFlowsRatio,grossProfitMargin,epsdilutedGrowth,fiveYNetIncomeGrowthPerShare,fiveYRevenueGrowthPerShare,fiveYShareholdersEquityGrowthPerShare,grossProfitGrowth,netIncomeGrowth,operatingIncomeGrowth,threeYNetIncomeGrowthPerShare,threeYRevenueGrowthPerShare,threeYShareholdersEquityGrowthPerShare,Industry,Sector,Symbol
2023Q3,2023,Q3,2023-05-05,2023-03-31,4669000.0,117470000.0,5277000.0,0.16,32204000.0,0.2741465906,291019000.0,167743000.0,145822000.0,66037000.0,123276000.0,67661000.0,21506000.0,394302580.0,442525580.0,5.9260580795591045,2.2081863197904203,0.17034282984959745,0.29552947067835916,0.015848055324810692,5.9260580795591045,0.027834246436513,3.3566236485911296,21.112796101949023,2.3506350786620005,0.29363889483829514,1.2601942034554618,0.003477025182031525,0.4036506207498479,1.1136786952768902,0.016043626017545245,33.62348256160996,0.2741465906188814,-0.2727272727272727,18.40005893385919,0.3619641745204371,0.08113822143984531,-0.05670767428236673,-0.2724014336917563,-0.21109283898938555,1.3311555836797466,0.5370967880114927,0.24981960555930305,Electronic Components,Technology,LYTS
2023Q2,2023,Q2,2023-02-07,2022-12-31,6417000.0,128804000.0,6689000.0,0.22,34140000.0,0.2650538803,296283000.0,161316000.0,149025000.0,64134000.0,134967000.0,73205000.0,18208000.0,343674720.0,403730720.0,5.745281002920436,2.3236504818037234,0.21203038986374514,0.38942820303007764,0.023429314210884598,5.745281002920436,0.039779067172506136,2.6681991242508,13.389228611500702,2.13044409729971,0.20040517375720743,1.2931357147735811,0.0037419103738558367,0.4347330086437629,1.1139489194499017,0.02165834691831796,38.53719668087015,0.26505388031427596,0.0,5.025638242474788,0.28508804967646856,0.04379655565676909,-0.017214577695894986,0.024752475247524754,-0.09449032083389738,2.445829965430699,0.46346577245247433,0.2184838132944006,Electronic Components,Technology,LYTS
2023Q1,2023,Q1,2022-11-04,2022-09-30,6262000.0,127069000.0,7387000.0,0.22,34738000.0,0.2733790303,319501000.0,153729000.0,170407000.0,79935000.0,165772000.0,80457000.0,13078000.0,212559290.0,281077290.0,5.561629463478167,2.131819603427785,0.24270972547816752,0.504433125825316,0.02125312038975769,5.561629463478167,0.04073401895543456,1.6727863601665236,8.486078329607155,1.3826883021420813,0.22484829128074096,1.1475819381781573,0.006624034169478078,0.39771080528699443,1.0708075311190342,0.01959931267820758,20.943865405458666,0.2733790302906295,0.22222222222222227,1.3738490682718931,0.3555476138507338,-0.006607023196494284,0.07024462382155401,0.2098145285935085,0.6121780881711043,0.32820128143380234,0.35973716295139685,0.18477817603252064,Electronic Components,Technology,LYTS
2022Q4,2022,Q4,2022-09-09,2022-06-30,5176000.0,127470000.0,4582000.0,0.18,32458000.0,0.2546324625,311080000.0,147769000.0,158917000.0,74619000.0,163311000.0,74421000.0,8224000.0,169582450.0,246716450.0,5.376350736765509,2.1297122716734345,0.25586987270155587,0.5386515439638896,0.015597629014165726,5.376350736765509,0.03502764449918454,1.3303714599513612,8.190806124420401,1.1476185803517651,0.25753477588871715,1.276682656776985,0.00786048320448254,0.4097659765976598,1.0889049705838996,0.01663880673781664,21.30700464882523,0.25463246254020555,0.3846153846153845,5.277363410345036,0.289838244938015,-0.220808998782095,0.21143582278953457,0.4306246545052515,0.7033457249070632,4.721066669142882,0.4897835239061128,0.1738704215019417,Electronic Components,Technology,LYTS
2022Q3,2022,Q3,2022-05-06,2022-03-31,3618000.0,110111000.0,2690000.0,0.13,26793000.0,0.243327188,312555000.0,142545000.0,158558000.0,75171000.0,170010000.0,78364000.0,4403000.0,164268000.0,247978000.0,5.206552706552706,2.1092974684386268,0.2718177600742269,0.5960082780876215,0.008670597260451118,5.206552706552706,0.025381458486793643,1.49184005231085,11.350746268656716,1.1523939808481531,0.3681592039800995,1.0632178040937166,0.008108700416392724,0.35229319639743406,1.009631373801067,0.01157556270096463,49.1232057416268,0.2433271880193623,0.18181818181818185,7.334235950924348,0.30975051532162173,-0.1695721846683452,0.0528528764539453,0.16521739130434782,-0.3074150360453141,2.090069830454446,0.4430434275381272,0.13155993752139758,Electronic Components,Technology,LYTS
2022Q2,2022,Q2,2022-02-04,2021-12-31,3105000.0,111143000.0,3884000.0,0.11,25448000.0,0.2289662867,303469000.0,138886000.0,146643000.0,67791000.0,164583000.0,0.0,6162000.0,187223120.0,273824119.08599997,5.088890517367727,2.163163251759083,0.2853701696054622,0.6235401696355284,0.013770195177549039,5.088890517367727,0.0223564650144723,1.6845246214336485,15.074325281803544,1.348034503117665,0.8557165861513688,0.0,0.014191623342245338,0.36624169190263256,1.3482615686448054e-08,0.010231687585881919,-10.829657565941694,0.22896628667572408,0.0,0.43567483830203657,0.20348199800256836,-0.18375253734224664,0.038270093839249286,-0.00893712097031599,-0.126012601260126,1.1880276612721998,0.18626673899345336,0.06763347166299948,Electronic Components,Technology,LYTS
2022Q1,2022,Q1,2021-11-04,2021-09-30,3133000.0,106397000.0,4444000.0,0.11,24510000.0,0.23036363807250204,299588000.0,135373000.0,140912000.0,73802000.0,164215000.0,67906000.0,400000.0,209219000.0,298157000.0,5.0145577122536675,1.9093249505433456,0.30544614604056236,0.675969358734755,0.014036361114624977,5.0145577122536675,0.02314346287664453,1.9663994285553164,16.69478135971912,1.545500210529426,0.42323651452282157,1.2058875504373694,0.006337856504428373,0.3551443983070083,0.9155036448876724,0.01045769523478911,-25.55814805765942,0.23036363807250204,14.399444444444445,2.5383240889370913,0.18364252835623562,-0.19215923043889419,0.0701187565490744,14.823232323232324,3.248565965583174,0.7273434659993674,0.20764233875206303,-0.07460520217642137,Electronic Components,Technology,LYTS
2021Q4,2021,Q4,2021-09-10,2021-06-30,198000.0,97015000.0,1046000.0,0.007143114830982358,22904000.0,0.23608720300984384,286821000.0,131170000.0,125008000.0,70895000.0,155651000.0,58941000.0,-1405000.0,215036460.0,295030460.0,4.886016538776727,1.763283729459059,0.28685486767007995,0.6272470839368758,0.001004623398068357,4.886016538776727,0.0015094914995806969,2.2165279595938774,271.5106818181818,1.6393722649996187,6.691919191919192,1.2573760200878845,0.006161745780227224,0.338242318379756,0.8638408914592002,0.0006903260221531897,80.871177134261,0.23608720300984384,-0.8571377033803529,-0.8698407098815091,0.12649503808352397,-0.20825293985524504,0.26597391112093743,-0.8654891304347826,-0.5009541984732825,1.071868626057332,0.12469391686411176,-0.08915481159844418,Electronic Components,Technology,LYTS
2021Q3,2021,Q3,2021-04-28,2021-03-31,1472000.0,72204000.0,2096000.0,0.05,18092000.0,0.25056783557697637,197094000.0,131070000.0,116402000.0,55305000.0,66024000.0,40390000.0,-260000.0,228356629.99999997,215053629.99999997,4.895969519255911,2.104728324744598,0.05187879894872498,0.07801174944686046,0.010176115743606549,4.895969519255911,0.011230640115968566,3.162658993961553,38.783395040760865,1.7422494087129015,0.8994565217391305,1.3397375588016835,0.005797948585946465,0.3663429632561113,1.297079830033451,0.007468517560148965,21.583802457466916,0.25056783557697637,-0.375,1.641801881174388,-0.04377709995900571,-0.2050000936010835,-0.08190398863290368,-0.3333333333333333,-0.21965748324646314,5.4669707043917946,-0.1148560995222625,-0.10678908184682473,Electronic Components,Technology,LYTS
2021Q2,2021,Q2,2021-01-29,2020-12-31,2208000.0,76387000.0,2686000.0,0.08,19706000.0,0.25797583358424864,181281000.0,129273000.0,99417000.0,41236000.0,52008000.0,34825000.0,-403000.0,228029840.0,224737840.0,4.852772251210631,2.410927345038316,0.05677373800894744,0.07961445932251901,0.014344200357076913,4.852772251210631,0.017080132742335986,2.9851917211043766,25.81859601449276,1.7639401885931325,0.5969202898550725,1.6275951184493898,0.0057799452913706376,0.4213734478516778,1.488456688330585,0.012179985767951412,43.00015840090515,0.25797583358424864,0.14285714285714277,-0.45405261713655104,-0.15651774689884873,-0.21142727904351616,0.07848073555166375,0.10954773869346733,0.2198001816530427,2.459990489451607,-0.19671207141316804,-0.11835348721400922,Electronic Components,Technology,LYTS
2021Q1,2021,Q1,2020-11-05,2020-09-30,1990000.0,70006000.0,2202000.0,0.07,18272000.0,0.261006199468617,181795000.0,127440000.0,97943000.0,42859000.0,54355000.0,37351000.0,-1270000.0,179010000.0,180415000.0,4.8054298642533935,2.2852376397022796,0.059781622156825,0.08527934714375392,0.013055361899143742,4.8054298642533935,0.01561519146264909,2.557066537153958,22.488693467336685,1.4046610169491527,0.6638190954773869,1.3850767047736339,0.007379476006926988,0.3850820979674909,1.3243426118201544,0.010946395665447344,24.745645562620957,0.261006199468617,0.16666666666666682,-0.5044709904474611,-0.2392131480196653,-0.20178110891597328,0.15872915213393365,0.3152676801057502,0.19284940411700974,1.123827340924705,-0.22162180821031116,-0.14167595863429733,Electronic Components,Technology,LYTS
2020Q4,2020,Q4,2020-06-30,2020-06-30,1513000.0,63470000.0,1846000.0,0.06,15769000.0,0.24844808570978416,172263000.0,125700000.0,85858000.0,34649000.0,46563000.0,38752000.0,-1920000.0,170516850.0,178390850.0,4.769493454752419,2.477935871165113,0.06612563347904077,0.09062052505966588,0.009963107723609253,4.769493454752419,0.01203659506762132,2.6865739719552546,28.175289160608063,1.3565381861575179,0.8711169861202908,1.2309300165152766,0.0077294414012456835,0.36844824483493266,1.273600969724956,0.008783081683240162,14.939271946732083,0.24844808570978416,-0.14285714285714296,-0.1414587310555476,-0.2221465785306724,-0.18020577762660422,-0.010851837912432568,-0.18699623858140785,-0.298365640440897,0.9136153797508381,-0.3302256936101901,-0.3087604283520777,Electronic Components,Technology,LYTS
2020Q3,2020,Q3,2020-03-31,2020-03-31,1861000.0,71010000.0,2631000.0,0.07,15942000.0,0.224503591043515,182232000.0,124707000.0,95287000.0,38878000.0,57525000.0,43597000.0,-2115000.0,99417780.0,106516780.0,4.741530740276035,2.4509234014095376,0.043455595065630626,0.06350084598298411,0.019837739206490432,4.741530740276035,0.014922979463863296,1.4000532319391634,13.3554245029554,0.7972109023551204,0.706609349811929,1.2631144344794367,0.013227010299364964,0.3896681153694192,1.2496527599156335,0.010212256903288116,-23.53083550295858,0.224503591043515,0.0,3.416148806927203,-0.03469116493315467,-0.17771807745205892,-0.2014626327389301,0.06769936890418818,0.4948863636363636,4.391575624823185,-0.12076120635163154,-0.24374163944988536,Electronic Components,Technology,LYTS
2020Q2,2020,Q2,2019-12-31,2019-12-31,1743000.0,82377000.0,1760000.0,0.07,19964000.0,0.24234919941245736,187361000.0,123913000.0,93299000.0,41701000.0,63448000.0,43311000.0,-2661000.0,158994000.0,168183000.0,4.715106544901065,2.2373324380710296,0.05570529619291101,0.0842284506064739,0.014112172190140413,4.715106544901065,0.014066320725024816,1.9300775701955644,22.804647160068846,1.2831099238982189,0.759609868043603,1.441042691233174,0.008327358265091764,0.4396699419836572,1.1216517589506247,0.009302896547307071,11.538026124818577,0.24234919941245736,-0.5882352941176471,0.021133745672451996,-0.09534831534257897,-0.18171749065668552,-0.08652482269503546,-0.6105027932960894,-0.7426524345664571,-0.1630454526830467,-0.07365351763639862,-0.24370670968428862,Electronic Components,Technology,LYTS
2020Q1,2020,Q1,2019-09-30,2019-09-30,4475000.0,88701000.0,6839000.0,0.17,21855000.0,0.246389555923834,203521000.0,123158000.0,107538000.0,45172000.0,80363000.0,43078000.0,-3080000.0,136951920.0,158553920.0,4.694236926360726,2.3806340210750023,0.11389979412443925,0.18822163399860342,0.033059506997011476,4.694236926360726,0.03633543902953929,1.5439726722359388,7.650945251396648,1.112001818801864,0.2947486033519553,1.551743349273411,0.009631117256333463,0.43583217456675233,1.3483131143186045,0.021987902968244065,22.810113257828114,0.246389555923834,4.666666666666667,1.7295213573474881,0.052881503593720965,-0.1722050534920676,0.251789907783951,4.1914153132250584,25.425,4.20034373895959,0.015363369459439235,-0.24376262300726392,Electronic Components,Technology,LYTS
2019Q4,2019,Q4,2019-09-06,2019-06-30,862000.0,81522000.0,-280000.0,0.03,17459000.0,0.2141630480115797,201100000.0,119937000.0,110980000.0,39875000.0,81163000.0,43512000.0,-5808000.0,95058810.0,133633810.0,4.580020620918776,2.7831974921630094,0.19662357036300349,0.32968141607677365,0.001983535504767791,4.580020620918776,0.00718710656427958,1.1660510046367851,27.56926044083527,0.7925728507466421,1.5104408352668213,1.4723064901636331,0.013696784127636355,0.40538040775733464,1.418833855799373,0.004286424664346097,19.656495037220843,0.2141630480115797,1.25,2.0100089940672166,0.029457271689103236,-0.1918155676869044,0.13835821868683576,1.2720959595959596,0.8768147822261328,-0.4190870146508216,-0.02958151961918049,-0.2578375792967202,Electronic Components,Technology,LYTS
2019Q3,2019,Q3,2019-05-08,2019-03-31,-3168000.0,72832000.0,-2273000.0,-0.12,15337000.0,0.21058051405975395,208695000.0,120239000.0,111060000.0,42800000.0,88456000.0,51621000.0,-5368000.0,67943200.0,110069200.0,4.601216898821368,2.594859813084112,0.20993315604111262,0.36437428787664566,-0.014462621856945138,4.601216898821368,-0.026347524513676928,0.9328756590509666,-5.361679292929293,0.565067906419714,-0.40877525252525254,1.113790899052711,0.019060038385003943,0.3489877572534081,1.2916822429906543,-0.015180047437648243,-33.76898608349901,0.21058051405975395,0.8032786885245902,-1.9317638270717379,-0.01432600679983608,-0.20049068534177267,-0.21972934472934472,0.7992649854264352,0.8878693700360121,-6.82464622579266,-0.011874599719282541,-0.2528615651103894,Electronic Components,Technology,LYTS
2019Q2,2019,Q2,2019-02-06,2018-12-31,-15782000.0,89541000.0,-20271000.0,-0.61,19656000.0,0.21951954970348778,225078000.0,124325000.0,125022000.0,50409000.0,100753000.0,54093000.0,-905000.0,82683110.0,121492110.0,4.766514588045854,2.480152353746355,0.2149121637832218,0.38907701588578325,-0.0886945931111115,4.766514588045854,-0.12694148401367383,0.9234106163656872,-1.3097691990875682,0.6650561833903076,-0.08180205297173995,1.2919416560368255,0.015613829716855113,0.3978220883427079,1.3289888710349342,-0.07011791467846702,18.337349744954537,0.21951954970348778,-9.714285714285712,-17.950957443104922,0.0991513356111816,-0.18481068222716965,-0.07549033441512629,-10.023441966838194,-7.908997955010225,-4.985420357941666,0.009808012162678839,-0.22544410007364526,Electronic Components,Technology,LYTS
2019Q1,2019,Q1,2018-11-07,2018-09-30,1749000.0,84957000.0,2934000.0,0.07,21261000.0,0.2502560118648257,235544000.0,141063000.0,118345000.0,45723000.0,94481000.0,49580000.0,16168000.0,117404320.0,159394320.0,5.4188306699446835,2.5883034796491917,0.1959379139354006,0.32717296527083645,0.011345204976464891,5.4188306699446835,0.01239871546755705,1.3819263862895348,16.781635220125786,0.8322828806986948,0.7409948542024014,1.2847115772488906,0.011038776085922563,0.36068420337601464,1.4246659230584169,0.007425364263152532,76.23657142857142,0.2502560118648257,1.7,-0.12268428957719188,-0.012530348534466346,-0.07588981033064747,0.047030434354378016,1.6565315315315314,2.3787593984962405,-0.5563180086047941,-0.05942617836662702,-0.09989051333134241,Electronic Components,Technology,LYTS
2018Q4,2018,Q4,2018-09-11,2018-06-30,-2664000.0,83409000.0,-2128000.0,-0.1,20306000.0,0.2434509465405412,229517000.0,139251000.0,110081000.0,42199000.0,90266000.0,50994000.0,15124000.0,138621060.0,180803060.0,5.364266728302323,2.6086163179222255,0.19763241938505643,0.3257427235711054,-0.01186544409177786,5.364266728302323,-0.01913092186052524,1.6619436751429701,-13.008733108108109,0.9954762263825753,-0.4913663663663664,1.2374593089383064,0.009443009597531573,0.36341098916420134,1.3168795469086945,-0.011606983360709665,41.0364298401421,0.2434509465405412,-11.0,-4.074403990984647,0.13546492548288208,-0.0790376707411792,0.019479867456571945,-13.10909090909091,-3.864064602960969,-2.53472840276688,0.03780855059494762,-0.07797444050369093,Electronic Components,Technology,LYTS
2018Q3,2018,Q3,2018-05-08,2018-03-31,220000.0,78843000.0,743000.0,0.01,19918000.0,0.2526286417310351,228367000.0,141829000.0,106950000.0,39809000.0,86538000.0,51687000.0,19097000.0,209846250.0,253080250.0,5.481314009661836,2.686578411916903,0.19831674453839654,0.3193211543478414,0.0025468408531720537,5.481314009661836,0.0015511637253312087,2.661571096990221,238.4616477272727,1.4795722313490187,5.822727272727272,1.140035211948846,0.006104469343626584,0.345246905200839,1.3043281669974127,0.0009633616065368464,31.33436613408989,0.2526286417310351,1.1666666666666665,1.656224522659305,0.11985164075357403,-0.06184119086142127,-0.2129450349705615,1.1498637602179838,-0.8365955575104465,-0.4693454290666371,0.08943622569427494,-0.049423979545621215,Electronic Components,Technology,LYTS
2018Q2,2018,Q2,2018-02-07,2017-12-31,-1468000.0,92305000.0,4547000.0,-0.06,25307000.0,0.2741671632089269,238374000.0,142328000.0,115291000.0,42541000.0,96046000.0,48662000.0,20158000.0,177903040.0,226875040.0,5.504215329878567,2.7101149479325826,0.21876966447683052,0.3664001461413074,-0.0083106063532837,5.504215329878567,-0.01031420381091563,1.927339147391799,-30.29683923705722,1.2499510988702154,-0.8705722070844687,1.376803255106654,0.007183688373172263,0.387227633886246,1.4789732258292,-0.006158389757272186,92.41716363636364,0.2741671632089269,0.9016393442622952,0.43675622433984035,0.22068053023807502,-0.05902941242785169,0.0676707589756571,0.9060720455563376,1.1832433303780123,-1.874060968128003,0.03022261923680193,-0.04477171635291668,Electronic Components,Technology,LYTS
2018Q1,2018,Q1,2017-11-06,2017-09-30,-15629000.0,87466000.0,-24814000.0,-0.61,23703000.0,0.27099673015800424,239189000.0,144394000.0,108974000.0,41346000.0,94795000.0,49182000.0,22904000.0,170478510.0,220220510.0,5.598619673529526,2.635660039665264,0.21682435229044814,0.35917004861697854,-0.07836309991187465,5.598619673529526,-0.10823856946964555,1.949083186609654,-2.7269580587369635,1.1806481571256424,-0.08228293556849446,1.2964702533447197,0.007543472781408049,0.3656773513832158,1.363420887147487,-0.065341633603552,-43.64529185867895,0.27099673015800424,-21.333333333333336,-9.048031666063883,0.1031073796401078,-0.09423899627586703,0.11617065360708231,-23.455459770114942,-50.72745490981964,-10.697372742663136,0.056135611904940756,-0.012723655437519462,Electronic Components,Technology,LYTS
2017Q4,2017,Q4,2017-09-08,2017-06-30,696000.0,83419000.0,499000.0,0.03,21236000.0,0.25457030172982176,256680000.0,160078000.0,107129000.0,45425000.0,96602000.0,50008000.0,39819000.0,209960000.00000003,256619000.00000003,6.899913793103448,2.3583709411117226,0.19361851332398317,0.3104611501892827,0.01672317716097748,6.899913793103448,0.004347880408300953,2.516932593294094,75.41666666666667,1.3116105898374544,1.8333333333333333,1.2434610462326028,0.0060773480662983425,0.3249922081969768,1.160022014309301,0.002711547452080411,42.08458608939668,0.25457030172982176,2.5,-0.5155747508305648,0.22733584049665717,0.12260795484976708,0.15419316267188435,2.310734463276836,1.644702842377261,1.920502512562814,0.18903939152577026,0.21754973905989816,Electronic Components,Technology,LYTS
2017Q3,2017,Q3,2017-05-08,2017-03-31,-531000.0,78156000.0,-774000.0,-0.02,18399000.0,0.23541378780899738,255916000.0,159577000.0,106890000.0,39883000.0,96339000.0,48460000.0,40399000.0,256810680.0,307401680.0,6.26972340091152,2.6800892610886846,0.21478141265102613,0.34444813475626185,-0.0020444737636984914,6.26972340091152,-0.0033275472029177136,3.2858728696453245,-120.90898305084747,1.6093213934338908,-2.3709981167608287,1.2331200990507636,0.004902444088384486,0.30539708341799654,1.3317704285033725,-0.002074899576423514,34.08237292634373,0.23541378780899738,-1.25,-0.34473754309875837,0.18560670187261424,0.02131925564877211,-0.14051478488344935,-1.2647058823529411,-1.2746628814762242,0.49546759503927174,0.085985736171656,0.08942968123138378,Electronic Components,Technology,LYTS
2017Q2,2017,Q2,2017-02-03,2016-12-31,2006000.0,85658000.0,2818000.0,0.08,21407000.0,0.2499124425039109,195836000.0,157820000.0,131140000.0,36897000.0,38016000.0,42404000.0,42189000.0,246558360.0,213535360.0,6.234494745990361,3.5542185001490636,0.0,0.0,0.012621108123196166,6.234494745990361,0.012710683056646813,2.8784043521912723,30.727612163509473,1.5622757571917376,0.6266201395812563,1.5152108291670596,0.0050981844622912,0.4373965971527196,2.2376887009783992,0.010243264772564799,70.5258466819222,0.2499124425039109,1.6666666666666667,1.4941546609813898,0.1955105077768808,0.004101316643625159,0.027453803695704344,1.4197828709288298,1.6435272045028142,1.2200353445778491,0.08342847896341579,0.06624944175945234,Electronic Components,Technology,LYTS
2017Q1,2017,Q1,2016-11-04,2016-09-30,829000.0,84159000.0,1066000.0,0.03,20835000.0,0.24756710512244678,192825000.0,156891000.0,124003000.0,34790000.0,35934000.0,43600000.0,41440000.0,283838250.0,253124250.0,6.2073590504451035,3.564328830123599,0.0,0.0,0.0052154279321548315,6.2073590504451035,0.005283923233327597,3.3726428545966565,85.59657720144753,1.8091429718721916,1.5150784077201447,1.4523853211009174,0.004425055467330425,0.4364527421236873,2.2117849956884164,0.004299235057694801,-175.10070943861814,0.24756710512244678,-0.5,-0.3981692022196921,0.23509477041194846,-0.00396572851406627,0.04978082329823147,-0.41946778711484595,-0.4877462758289284,-0.5717109224800652,0.007491815116343231,0.05858331784911701,Electronic Components,Technology,LYTS
2016Q4,2016,Q4,2016-09-07,2016-06-30,1428000.0,80844000.0,2081000.0,0.06,19847000.0,0.2454975013606452,195560000.0,155520000.0,127743000.0,39233000.0,40040000.0,44141000.0,41867000.0,278975070.0,245140070.0,6.171183683187175,3.256008972038845,0.0,0.0,0.009090365143132348,6.171183683187175,0.0091820987654321,3.450782618376132,48.84017331932773,1.7938211805555555,0.8788515406162465,1.3818671982963684,0.004498609857862926,0.4133974227858458,2.059745622307751,0.007302106770300675,373.9612198391421,0.2454975013606452,1.9999999999999996,-0.08046178464623381,0.050044667832107655,-0.008606348346982116,0.19928696597981752,1.735632183908046,1.842896174863388,0.697559894311802,0.13364946256289906,0.059497595294030876,Electronic Components,Technology,LYTS
2016Q3,2016,Q3,2016-04-29,2016-03-31,522000.0,70740000.0,732000.0,0.02,16549000.0,0.23394119310149844,190262000.0,154454000.0,125082000.0,33443000.0,35808000.0,46193000.0,41686000.0,294690000.0,260911000.0,6.158452950558214,3.7401548904105493,0.0,0.0,0.0032941432952333424,6.158452950558214,0.003379647014645137,4.165818490245971,141.13505747126436,1.9079467025781138,2.371647509578544,1.1731431169224775,0.004201024805728053,0.3718030925776035,2.1618574888616453,0.0027435851615141226,62.40787801778907,0.23394119310149844,-0.8666666666666667,-0.7609559197801079,0.06013750983545722,-0.007582821703820024,-0.3083256708183566,-0.8619777895293496,-0.8639405204460967,2.6063978127136025,0.03660961184941031,0.05405508169164422,Electronic Components,Technology,LYTS
2016Q2,2016,Q2,2016-02-04,2015-12-31,3782000.0,84687000.0,5380000.0,0.15,23926000.0,0.28252270124104056,187534000.0,153299000.0,125792000.0,32136000.0,34235000.0,45885000.0,42408000.0,303665090.0,274902090.0,6.153867769258561,3.9143639531989045,0.0,0.0,0.024634110844021517,6.153867769258561,0.02467074149211671,3.5857344102400606,20.07304931253305,1.980868042192056,0.2607086197778953,1.3242018088700012,0.0032469981979160005,0.451582113110156,2.254761015683346,0.020167009715571577,588.4982364341085,0.28252270124104056,0.0,0.25081948452910274,0.10379065696055623,-0.0012886689668983472,0.024711979099747313,0.008533333333333334,-0.06645844178379316,2.5062450732771935,0.1625116367251291,0.052031620065322644,Electronic Components,Technology,LYTS
2016Q1,2016,Q1,2015-11-02,2015-09-30,3750000.0,85925000.0,5763000.0,0.15,23349000.0,0.27173697992435264,188408000.0,149084000.0,126587000.0,37158000.0,39324000.0,44934000.0,39612000.0,209008160.0,180623160.0,6.020190599256986,3.4067226438452014,0.0,0.0,0.025153604679241232,6.020190599256986,0.025153604679241232,2.432448763456503,13.933877333333331,1.4019489683668267,0.196,1.392620287532826,0.003516609112294946,0.45605812916648975,2.0090424673017924,0.019903613434673686,131.45167295597486,0.27173697992435264,1.1428571428571426,-0.1385052590928846,0.05507894184221606,-0.009954567407455149,0.23012486170380908,1.282410225197809,1.627906976744186,1.0111160833679778,0.1286140464692514,-0.026036023562220994,Electronic Components,Technology,LYTS
2015Q4,2015,Q4,2015-09-08,2015-06-30,1643000.0,76073000.0,2193000.0,0.07,18981000.0,0.24951033875356565,182379000.0,142952000.0,120814000.0,36847000.0,39427000.0,43083000.0,36599000.0,229493140.0,203084140.0,5.817915428757479,3.2788015306537845,0.0,0.0,0.011503859839622403,5.817915428757479,0.011493368403380156,3.016748912229043,34.91983262325015,1.6053860036935474,0.4430919050517346,1.3251630573544089,0.003172208110447223,0.4171149090629952,1.9043341384644612,0.009008712625905396,-105.61120110446387,0.24951033875356565,2.5,1.233299093321731,0.17670766718534234,-0.020477301545851815,0.1641214351425943,3.1806615776081424,2.768041237113402,0.07974262936711568,0.05680323385762417,-0.05343192149815055,Electronic Components,Technology,LYTS
2015Q3,2015,Q3,2015-05-01,2015-03-31,393000.0,68603000.0,582000.0,0.02,16305000.0,0.2376718219319855,174198000.0,141436000.0,112263000.0,31170000.0,32762000.0,42583000.0,35684000.0,199903200.0,171937200.0,5.766307893020222,3.601636188642926,0.0,0.0,0.0027930390383640075,5.766307893020222,0.0027786419299188326,2.913913385711995,127.16488549618322,1.4133827314120875,1.2315521628498727,1.228142686048423,0.002421171847174032,0.3938219726977348,2.033942893808149,0.0022560534564116694,19.920597907324364,0.2376718219319855,-0.6666666666666666,1.1536249412606696,0.26998413166304597,-0.021933816452043533,-0.2067623449282413,-0.7525188916876574,-0.7383093525179856,2.0327503153436077,0.07989419388636622,-0.06068563020103113,Electronic Components,Technology,LYTS
2015Q2,2015,Q2,2015-02-05,2014-12-31,1588000.0,84715000.0,2224000.0,0.06,20555000.0,0.24263707725904504,173778000.0,140880000.0,110946000.0,30767000.0,32898000.0,42067000.0,35775000.0,166008710.0,147954710.0,5.762198862939179,3.6060064354665715,0.0,0.0,0.011302496890599804,5.762198862939179,0.011272004542873368,1.9596141179248068,26.13487248110831,1.1783696053378763,0.1517632241813602,1.5251860127891221,0.0014517310567620219,0.48748978581868824,2.023661715474372,0.009138095731335382,17.535513890355972,0.24263707725904504,0.0,-0.009611536762712517,0.21244407972340584,-0.04497745264842405,0.10463241616509028,0.03994760969220694,-0.122336227308603,1.044290568269743,0.22418050205390924,-0.07196465779994174,Electronic Components,Technology,LYTS
2015Q1,2015,Q1,2014-11-10,2014-09-30,1527000.0,78466000.0,2534000.0,0.06,18608000.0,0.2371472994672852,168665000.0,138571000.0,106273000.0,27944000.0,30094000.0,45306000.0,34428000.0,148326520.0,139579520.0,5.670772630545097,3.8030704265674204,0.0,0.0,0.011054521541398014,5.670772630545097,0.011019621710170237,1.8903285499451992,24.283975114603802,1.0704008775284872,0.9476096922069417,1.3211936608837682,0.009755504275297498,0.4652180357513414,1.9473947895791583,0.009053449144754394,-128.64398959236775,0.2371472994672852,3.0,-0.09594062077112063,0.12370789122226239,-0.0779772742556276,0.184921039225675,2.9183417085427137,3.3333333333333335,0.14662118789621967,0.19108369119106575,-0.09006650977884975,Electronic Components,Technology,LYTS
2014Q4,2014,Q4,2014-09-10,2014-06-30,-796000.0,73858000.0,-1086000.0,-0.03,15704000.0,0.21262422486392807,169888000.0,138412000.0,106077000.0,29289000.0,31476000.0,45408000.0,34348000.0,194903520.0,185890520.0,5.667048804454635,3.6217351224009016,0.0,0.0,-0.005698474310589922,5.667048804454635,-0.005750946449729792,2.6388951772319857,-61.21341708542714,1.4081403346530648,-1.8178391959798994,1.280699436222692,0.0074241860793483865,0.4347452439254097,1.834784390044044,-0.004685439819174986,14992.578461538462,0.21262422486392807,0.25000000000000006,-2.0033079665214157,0.42706428892429826,0.028662764218643843,0.14502369668246445,0.21110009910802774,-0.14799154334038056,-1.5288781515427405,-0.010174798981506679,-0.08959504419701061,Electronic Components,Technology,LYTS
2014Q3,2014,Q3,2014-05-02,2014-03-31,-1009000.0,68996000.0,-946000.0,-0.04,13715000.0,0.19877963939938548,167870000.0,140429000.0,101746000.0,26095000.0,27441000.0,46579000.0,36591000.0,199844190.0,189428190.0,5.755051022499078,3.8990611228204637,0.0,0.0,-0.007058285356368341,5.755051022499078,-0.007185125579474325,2.896460519450403,-49.51540882061447,1.4230977219805026,-1.4331020812685829,1.1868223877713133,0.007235636922944821,0.4110085184964556,1.8757233186434183,-0.006010603443140526,420.7246105263158,0.19877963939938548,-2.0,0.6345812676180133,0.31188721857425145,-0.04591596193650073,-0.18153607447633824,-2.159770114942529,-1.626075446724024,-1.474917927151573,0.06277411039091418,-0.07258989513244764,Electronic Components,Technology,LYTS
2014Q2,2014,Q2,2014-01-31,2013-12-31,870000.0,76123000.0,1511000.0,0.04,16757000.0,0.22013057814326814,171974000.0,142512000.0,105694000.0,28341000.0,29462000.0,47214000.0,39046000.0,211313910.0,200373910.0,5.847125918024043,3.7293673476588687,0.0,0.0,0.0061536196467342884,5.847125918024043,0.0061047490737622095,2.775953522588442,60.722387931034476,1.4827797659144493,1.6597701149425288,1.2573812852120134,0.006833435621914336,0.4426424924697919,1.8506756995166014,0.005058904252968472,73.0684336099585,0.22013057814326814,-0.5,1.0595713107614488,0.12003802736373796,-0.051675151688482746,-0.12367953142976676,-0.5335120643431636,-0.46777034166960196,-0.7059138721523878,0.014070231311046495,-0.0510698105215361,Electronic Components,Technology,LYTS
2014Q1,2014,Q1,2013-10-31,2013-09-30,1865000.0,80486000.0,2839000.0,0.08,19122000.0,0.23758169122580325,172104000.0,142802000.0,105575000.0,28102000.0,29302000.0,43107000.0,39620000.0,205539320.0,196179320.0,5.8638360776906335,3.7568500462600527,0.0,0.0,0.01311547820953759,5.8638360776906335,0.013060041175893895,2.553727604800835,27.552187667560318,1.439330821697175,0.7737265415549598,1.4235275013338902,0.0070205545099594575,0.46765908985264726,2.0126681374991104,0.010836470971040766,70.05430129516019,0.23758169122580325,1.6666666666666667,-0.37879420252097484,-0.05014392753995274,-0.13771887148686726,0.2976384364820847,1.2967980295566504,2.4706601466992666,-0.5643190955306654,0.0049722854576925235,-0.03566772007093806,Electronic Components,Technology,LYTS
2013Q4,2013,Q4,2013-09-06,2013-06-30,812000.0,68837000.0,818000.0,0.03,14736000.0,0.2140709211615846,169179000.0,141690000.0,102913000.0,26210000.0,27489000.0,42093000.0,39198000.0,194608000.0,186659000.0,5.824632080901093,3.9264784433422357,0.0,0.0,0.005675316488251387,5.824632080901093,0.005730820805984896,2.8270842715400146,59.916256157635466,1.3734773096195922,1.7746305418719213,1.2852730857862353,0.007404628792238757,0.4068885618191383,2.112743227775658,0.004799650074772874,-42.59312759903699,0.2140709211615846,4.0,1.027459852633607,-0.07172041686827975,-0.14518515961027612,0.05854464478126571,3.577777777777778,2.616600790513834,0.11485268703956049,0.07550418436416294,-0.01934646468291441,Electronic Components,Technology,LYTS
2013Q3,2013,Q3,2013-05-03,2013-03-31,-315000.0,66152000.0,-506000.0,-0.01,13921000.0,0.21043959366307896,168366000.0,142046000.0,101907000.0,24236000.0,26320000.0,41430000.0,39827000.0,167023440.0,153173440.0,5.842629154327081,4.204778016174286,0.0,0.0,-0.0021292244613492256,5.842629154327081,-0.0022175914844486996,2.524843390978353,-132.55828571428572,1.175840502372471,0.0,1.2607048032826453,0.0,0.3929059311262369,2.2380343290972107,-0.0018709240583015573,-236.91268085106384,0.21043959366307896,0.9,-1.2831210809130253,-0.08492045520002847,-0.28446341435952477,0.002809393459155741,0.8714285714285714,0.8132152085640457,0.8757715164941073,0.235491085372323,-0.008988402132367195,Electronic Components,Technology,LYTS
2013Q2,2013,Q2,2013-02-04,2012-12-31,-2450000.0,71082000.0,-2709000.0,-0.1,13882000.0,0.19529557412565768,167778000.0,142184000.0,101998000.0,23401000.0,25594000.0,43113000.0,40142000.0,170392070.0,155893070.0,5.849508372073888,4.3587026195461736,0.0,0.0,-0.017346452201838607,5.849508372073888,-0.01723119338322174,2.3971198052952927,-17.386945918367346,1.1983913098520227,-2.353469387755102,1.3267459930879317,0.033839602981523734,0.423666988520545,2.2562710995256614,-0.014602629665391172,38.60264386044404,0.19529557412565768,-2.25,-1.45473291781716,-0.24304948024456458,-0.2910210128508245,-0.22321078842817973,-2.33879781420765,-1.8949454905847374,-2.5369187133677187,0.023271269221592103,-0.030506839640230564,Electronic Components,Technology,LYTS
2013Q1,2013,Q1,2012-10-30,2012-09-30,1830000.0,74719000.0,3027000.0,0.08,17871000.0,0.23917611317067947,179520000.0,150226000.0,111332000.0,26613000.0,29294000.0,44263000.0,48358000.0,163079840.0,147208840.0,6.1811224489795915,4.183369030173224,0.0,0.0,0.012262668243852139,6.1811224489795915,0.01218164631954522,2.1825752485980807,22.27866666666667,1.085563351217499,0.7874316939890711,1.2843232496667645,0.008836162704108613,0.4162154634581105,2.2880922857250217,0.01019385026737968,76.24115942028986,0.23917611317067947,0.3333333333333334,-0.7648413612625428,-0.258235929537876,-0.2425804606960526,0.07611248268802312,0.2159468438538206,0.0658450704225352,0.08933477720408114,0.07585892652230096,0.005001565019557074,Electronic Components,Technology,LYTS
2012Q4,2012,Q4,2012-09-06,2012-06-30,1505000.0,71196000.0,2840000.0,0.06,16607000.0,0.2332574863756391,175226000.0,149368000.0,106623000.0,22921000.0,25858000.0,41276000.0,47969000.0,173030240.0,157775240.0,6.146325405316435,4.65176039439815,0.0,0.0,0.010190609750087013,6.146325405316435,0.010075785978255048,2.430336535760436,28.742564784053158,1.1584157249210005,0.958139534883721,1.322536098459153,0.008333803386043965,0.4063095659319964,2.613062257318616,0.008588908038761372,-93.83418655097614,0.2332574863756391,4.0,-0.8068108714989214,-0.32194629071768577,-0.2419249227458302,0.2471462901772304,4.992042440318302,29.21276595744681,6.706871253971187,0.3825357312828552,0.11565936687367598,Electronic Components,Technology,LYTS
2012Q3,2012,Q3,2012-05-03,2012-03-31,-377000.0,62937000.0,94000.0,-0.02,13316000.0,0.21157665602110046,173302000.0,149174000.0,103381000.0,21235000.0,24128000.0,42205000.0,47906000.0,178119000.0,159572000.0,6.1388477366255145,4.868424770426183,0.0,0.0,-0.0037708175453358933,6.1388477366255145,-0.002527250056980439,2.83011583011583,-118.11604774535809,1.1940351535790419,-3.8275862068965516,1.17571377798839,0.008101325518333249,0.3631637257504241,2.644172356957853,-0.002175393244163368,39.608405603735825,0.21157665602110046,-1.6666666666666667,-1.1020431886640363,-0.2541152104934748,-0.22394598141580468,-0.10786546965027469,-1.488341968911917,-0.9228876127973749,0.8628984571654481,0.20165549383898343,0.017710636225307594,Electronic Components,Technology,LYTS
2012Q2,2012,Q2,2012-01-31,2011-12-31,772000.0,68774000.0,1219000.0,0.03,14926000.0,0.21702969145316545,174353000.0,150867000.0,107002000.0,21406000.0,23486000.0,40806000.0,49726000.0,145788000.0,129408000.0,6.209029549757181,4.998691955526488,0.018135621411733666,0.020958857801904988,0.005168934555460193,6.209029549757181,0.005117089887119118,2.119812719923227,47.211139896373055,0.9663345860923861,1.8678756476683938,1.3196098612949076,0.009891074711224518,0.3944526334505285,2.8600392413342055,0.004427798776046297,14.61533834586466,0.21702969145316545,-0.4000000000000001,-0.863281892993183,-0.24884510912579064,-0.21158530464088868,-0.03479048111743404,-0.4169184290030212,-0.44031221303948576,1.0530241438039811,0.01503172784688928,0.007020729241459047,Electronic Components,Technology,LYTS
2012Q1,2012,Q1,2011-11-02,2011-09-30,1324000.0,65495000.0,2178000.0,0.05,15464000.0,0.23610962668906024,173943000.0,151402000.0,105506000.0,20427000.0,22541000.0,47263000.0,50396000.0,151351620.0,141413620.0,6.232073763069071,5.165026680374015,0.006272169618783165,0.007205981426929631,0.008844804770348245,6.232073763069071,0.008744930714257408,2.310888159401481,28.57847809667674,0.999667243497444,0.9078549848942599,1.058565897213465,0.007941771617641093,0.37653139246764744,2.611102951975327,0.007611688886589285,18.243927193828352,0.23610962668906024,-0.1666666666666666,-0.7852667875845731,-0.3265066440665294,-0.19647799573492503,-0.07688634192932187,-0.11556446225784903,-0.14588235294117646,-0.5579228265924536,-0.22518316693797574,-0.08356926656915373,Electronic Components,Technology,LYTS
2011Q4,2011,Q4,2011-06-30,2011-06-30,1497000.0,74217000.0,2550000.0,0.06,16752000.0,0.22571648005174016,176021000.0,151218000.0,106100000.0,21576000.0,24803000.0,50298000.0,50274000.0,192886420.0,189929420.0,6.22475610258099,4.917500926955877,0.0062435732100147145,0.007267653321694508,0.010089322677828742,6.22475610258099,0.00989961512518351,2.598951992131183,32.21216098864396,1.2755519845521037,0.8036072144288577,1.1424907550996064,0.006236830980636169,0.42163719101698094,2.3556266221727844,0.008504667056771635,-44.608330249768734,0.22571648005174016,-0.3333333333333333,-0.7003833698835541,-0.07803460922616849,-0.1831245605541048,0.02621906395491301,-0.29219858156028367,0.02698348771647201,1.0506936457410745,0.0021894141875177424,-0.08646351900229428,Electronic Components,Technology,LYTS
2011Q3,2011,Q3,2011-03-31,2011-03-31,2115000.0,64628000.0,2483000.0,0.09,16324000.0,0.25258401931051555,180702000.0,150738000.0,108068000.0,26676000.0,29964000.0,55535000.0,49980000.0,175866840.0,167390840.0,6.205508212918365,4.051132103763683,0.006126108178105389,0.007343868168610436,0.013990657629602492,6.205508212918365,0.014030967639215061,2.721217428978152,20.788042553191488,1.1667054093858218,0.5683215130023641,0.8697938237147744,0.006834716538945034,0.35764961096169384,1.791797870745239,0.011704353023209484,-48.528377483443705,0.25258401931051555,-0.25,-0.2716825570700596,-0.16677643478156226,-0.11776007172099459,-0.12457768005577305,-0.28256445047489825,-0.46590664659066466,0.9025992389915208,-0.10522904533991853,-0.24002224999218913,Electronic Components,Technology,LYTS
2011Q2,2011,Q2,2010-12-31,2010-12-31,2948000.0,74805000.0,4649000.0,0.12,18647000.0,0.24927478109752021,177122000.0,149658000.0,103843000.0,23782000.0,27464000.0,44297000.0,49067000.0,205476480.00000003,191118480.00000003,6.161808300395257,4.366453620385165,0.00019195808538747305,0.00022718464766333907,0.01985607077777162,6.161808300395257,0.01969824533269187,2.746828153198316,17.425074626865673,1.3729735797618572,0.4077340569877883,1.267760796442197,0.005849817945100091,0.4223360169826447,2.3196955680766966,0.016643895168302076,60.09841474115239,0.24927478109752021,-0.3333333333333333,-0.37907028948403426,-0.1606491684629378,-0.13174677409950056,-0.09577150615847153,-0.30927835051546393,-0.2979462398067049,-0.4524076210909681,-0.20278018110432894,-0.253169269971868,Electronic Components,Technology,LYTS
2011Q1,2011,Q1,2010-09-30,2010-09-30,4268000.0,79851000.0,6622000.0,0.18,20622000.0,0.2582560018033588,176182000.0,147646000.0,102204000.0,24802000.0,28536000.0,42732000.0,47321000.0,155884020.0,144905020.0,6.080721551830649,4.120796709942747,0.006379766377950074,0.007612803597794726,0.02878420828572069,6.080721551830649,0.028906980209419827,1.9521861967915242,9.130975866916588,1.0557957547105916,0.281630740393627,1.3860572872788544,0.0077108609336608075,0.45323018242499236,2.182565922103056,0.024224949200258823,-38.89321856287425,0.2582560018033588,5.011801925722145,-0.04638667269358492,-0.07672784660604853,-0.13462340748152465,0.4769032442884767,4.8707015130674005,21.600682593856654,-0.45103400165873947,-0.2065377140140512,-0.25488333964594445,Electronic Components,Technology,LYTS
2010Q4,2010,Q4,2010-09-08,2010-06-30,727000.0,63886000.0,293000.0,0.0299411062147358,13963000.0,0.21856118711454778,173845000.0,144218000.0,99411000.0,25843000.0,29627000.0,40082000.0,44255000.0,118491280.0,101107280.0,5.939541205057452,3.846728321015362,0.00018982426874514653,0.00022882025822019443,0.005530596026999027,5.939541205057452,0.005040979628063071,1.8547299877907524,40.74665749656121,0.8216122814073139,1.65474552957359,1.2455216805548626,0.010152645831828299,0.36748827978946763,2.082459466780173,0.004181886162961258,40.81683775404754,0.21856118711454778,1.299411062147358,-0.8548519924003126,-0.27252667824533344,-0.14353399241764286,0.5736504000901612,1.287124802527646,1.0768222338751967,-0.9065980288100866,-0.39103876631251633,-0.2674292587919949,Electronic Components,Technology,LYTS
2010Q3,2010,Q3,2010-05-10,2010-03-31,-2532000.0,53466000.0,-3814000.0,-0.1,8873000.0,0.16595593461265104,167306000.0,143128000.0,93786000.0,20051000.0,24178000.0,41015000.0,44731000.0,165569140.0,151079140.0,5.895621370021008,4.6773726996159795,0.006807884953319068,0.007957911799228662,-0.017400238573977156,5.895621370021008,-0.017690458889944666,3.0967182882579585,-16.347663902053714,1.1567907048236543,-0.47472353870458134,1.0872363769352675,0.0072598069906022345,0.3195701289852127,2.3768390603959904,-0.015133946182444144,85.4770986060919,0.16595593461265104,-2.4285714285714284,-1.8517670417406151,-0.35762356471156037,-0.1357597736744221,-0.4556441717791411,-2.590452261306533,-2.3003750426184792,-1.685989751446896,-0.36575848987854814,-0.25469390143716336,Electronic Components,Technology,LYTS
2010Q2,2010,Q2,2010-02-04,2009-12-31,1592000.0,69374000.0,2933000.0,0.07,16300000.0,0.23495834174186295,167688000.0,146465000.0,93482000.0,17067000.0,21223000.0,41831000.0,48465000.0,191287000.0,178056000.0,6.033573635427395,5.477353957930509,0.0066552168312580505,0.007619567814836309,0.010906287673137324,6.033573635427395,0.010869491004676886,2.7573298353850144,30.03878768844221,1.3060253302836855,0.7550251256281407,1.2687719633764434,0.006283751640205555,0.41370879251944087,2.794808695142673,0.0094938218596441,30.329316632313304,0.23495834174186295,0.0,-0.7293789683801873,-0.2394127189123902,-0.11174397085297247,-0.017894800265108153,-0.02748930971288943,0.17460953143772526,-0.7177960496912957,-0.24157395230927664,-0.23386447405645103,Electronic Components,Technology,LYTS
2010Q1,2010,Q1,2009-11-06,2009-09-30,1637000.0,67676000.0,2497000.0,0.07,16597000.0,0.24524203558129914,171957000.0,145659000.0,96872000.0,22141000.0,26298000.0,44752000.0,48075000.0,157491950.0,149360950.0,6.150361018452054,4.375231471026602,0.006524887035712417,0.007702922579449261,0.011306624461941214,6.150361018452054,0.011238577774116259,2.3271462556888705,24.05191661576054,1.0812373420111356,0.7342700061087355,1.1413791562388274,0.007632136118703209,0.39356350715585875,2.16516869156768,0.009519821815919096,-277.2745598591549,0.24524203558129914,7.450622568093386,-0.5881487166105873,-0.1737761084779582,-0.07157446497684497,0.42868210381337696,7.36964980544747,4.026666666666666,-0.7276532307971183,-0.2861250164352287,-0.20701349175516648,Electronic Components,Technology,LYTS
2009Q4,2009,Q4,2009-09-02,2009-06-30,-257000.0,50185000.0,-825000.0,-0.010851665751805092,11617000.0,0.23148351100926573,153118000.0,130473000.0,92117000.0,19617000.0,22645000.0,40196000.0,47640000.0,129072350.0,115086350.0,5.509141578347338,4.695774073507672,0.0,0.0,-0.001984186643081587,5.509141578347338,-0.001969756194768266,2.571930855833416,-125.5567607003891,0.989264828738513,-4.19455252918288,0.9594984575579659,0.00835190495873051,0.3277537585391659,2.41046031503288,-0.0016784440758108126,102.68285600636436,0.23148351100926573,0.9013484931654083,-1.1843570179915435,-0.37220265142136705,-0.15530742490096697,0.3240255299749259,0.8958248885285772,0.782608695652174,-1.0527620514691967,-0.3605161411875176,-0.2770347345952771,Electronic Components,Technology,LYTS
2009Q3,2009,Q3,2009-09-02,2009-03-31,-2467000.0,46989000.0,-3795000.0,-0.11,8774000.0,0.18672455255485326,151611000.0,131504000.0,89792000.0,17061000.0,20107000.0,39371000.0,48975000.0,112711170.0,98998170.0,6.0320168799596345,5.262997479631909,0.0,0.0,-0.01878959249646239,6.0320168799596345,-0.018759885630855334,2.3986713911766584,-11.421885893798136,0.8570930922253316,-0.4373733279286583,0.9706382870640827,0.009573141685957125,0.30993133743593804,2.631029834124612,-0.01627190639201641,17.27374252873563,0.18672455255485326,0.8166666666666667,-3.4270348587918784,-0.17418329167228896,-0.0775997808739857,-0.33816097156219355,0.8111315265656102,0.7173394905407419,-1.9465606977779335,-0.3249965235242125,-0.14242541352618363,Electronic Components,Technology,LYTS
2009Q2,2009,Q2,2009-01-30,2008-12-31,-13062000.0,60787000.0,-13426000.0,-0.6,13257000.0,0.21808939411387304,157267000.0,134407000.0,93350000.0,19773000.0,22860000.0,43918000.0,52162000.0,149759130.0,141532130.0,6.165741547777421,4.721084306883124,0.0,0.0,-0.09718967733000405,6.165741547777421,-0.09718243841466591,2.4636703571487324,-2.8663131603123566,1.114221208716808,-0.08252947481243302,1.082244182339815,0.007198225577298693,0.3865210120368545,2.205785667324129,-0.08305620378083133,15.896309308990553,0.21808939411387304,-6.0,-3.9472471873867256,-0.1430369088441531,-0.060934109455556294,-0.270751966554816,-5.861183475995534,-4.184535104364326,-4.065348267430636,-0.2400608987434949,-0.13119254479515657,Electronic Components,Technology,LYTS
2009Q1,2009,Q1,2008-10-31,2008-09-30,2687000.0,75838000.0,4216000.0,0.12,18179000.0,0.239708325641499,181041000.0,148221000.0,103382000.0,27946000.0,32820000.0,47520000.0,66302000.0,180252920.0,180351920.0,6.8003762158194165,3.699348744006298,0.007081268883843991,0.008649246732919088,0.017994223885634222,6.8003762158194165,0.01812833539107144,2.3768153168596218,16.770833643468553,1.2161091883066502,1.2043170822478602,1.2133627946127945,0.017952552446861888,0.41889958628156054,1.7632219280040078,0.01484194188056849,-48.572600377256805,0.239708325641499,1.0987174938667674,-0.06637462235010044,0.15971713184353487,0.05899037646025735,0.19323925172300624,1.1014153613889412,1.1321422974455415,-0.33118602781729706,-0.023154188304889384,-0.032205907254904804,Electronic Components,Technology,LYTS
2008Q4,2008,Q4,2008-09-15,2008-06-30,-26495000.0,66443000.0,-31905000.0,-1.215590016516792,15235000.0,0.2292942823171741,183540000.0,148516000.0,104303000.0,31440000.0,35024000.0,50509000.0,66851000.0,176983519.99999997,169991519.99999997,6.813910809322811,3.317525445292621,0.0,0.0,-0.17848779668330267,6.813910809322811,-0.17839828705324678,2.6636894781993585,-1.6699709379128136,1.1916798190093996,-0.12221173806378562,1.0138391177809896,0.018295488755111212,0.36200828157349896,1.5166348600508905,-0.14435545385202136,30.801169509223804,0.2292942823171741,-25.311800330335842,-0.48558705455687873,0.08028154566059433,0.07458000177767692,-0.04674008259291703,-27.574724172517552,-21.90760157273919,-6.892917505788297,-0.15714983311291844,-0.017452226459210705,Electronic Components,Technology,LYTS
2008Q3,2008,Q3,2008-04-30,2008-03-31,997000.0,64780000.0,1526000.0,0.05,15982000.0,0.24671194813213954,208616000.0,177891000.0,101775000.0,25307000.0,30725000.0,48863000.0,96584000.0,287793060.0,283284060.0,8.165381437620491,4.021614573043031,0.0,0.0,0.005423304910300978,8.165381437620491,0.005604555598653108,4.4426221055881445,72.16475927783351,1.6178056225441422,3.2447342026078236,0.998669750117676,0.011240715811562654,0.31052268282394446,1.896985023906429,0.004779115695823906,-182.14750632911392,0.24671194813213954,-0.7727272727272727,0.9273404232781813,0.32511255177628307,0.13381709912642137,-0.31872628841809114,-0.7932821895086046,-0.8020495524711376,-0.626259805329569,-0.1326979564103324,0.1969647741572421,Electronic Components,Technology,LYTS
2008Q2,2008,Q2,2008-02-04,2007-12-31,4823000.0,84062000.0,7709000.0,0.22,23459000.0,0.2790678308867265,217565000.0,179525000.0,109251000.0,32719000.0,38040000.0,50745000.0,98822000.0,396013800.0,386956800.0,8.250608943425709,3.339069042452398,0.0,0.0,0.026589408016321862,8.250608943425709,0.026865339089263335,4.710972853370132,20.527358490566037,2.2058977858237014,0.670122330499689,1.1942654448714158,0.008161331751570274,0.3863764851883345,1.636572022372322,0.022168087697929353,113.308669527897,0.2790678308867265,-0.3125,0.6253973668959759,0.32905996804123994,0.14160471316632597,-0.08900625218438118,-0.30634258593412916,-0.28127913481260486,-0.08534765918441366,0.028187565976936762,0.2146455120893108,Electronic Components,Technology,LYTS
2008Q1,2008,Q1,2007-11-02,2007-09-30,6953000.0,90001000.0,10726000.0,0.32,25751000.0,0.2861190431217431,228357000.0,177211000.0,119658000.0,45893000.0,51146000.0,51417000.0,97231000.0,457535050.0,453605050.0,8.160764448537877,2.6073257359510165,0.0,0.0,0.0387587273425029,8.160764448537877,0.03923571335865155,5.083666292596749,16.45099417517618,2.581865967688236,0.5573133899036388,1.2495867125658828,0.008469296505262274,0.39412411268321096,1.3465452247619463,0.03044793897274881,358.5697884012539,0.2861190431217431,-0.0017526217497485044,1.8499382260132677,0.4579660430839853,0.14475414353356042,0.014258143290401355,-0.0011492601637695732,0.03363207092608654,0.9078351892192617,0.19835994273245264,0.23190526159367536,Electronic Components,Technology,LYTS
2007Q4,2007,Q4,2007-09-11,2007-06-30,6961000.0,93823000.0,10377000.0,0.32056182362422286,25389000.0,0.2706052886818797,233612000.0,176061000.0,123358000.0,54961000.0,57551000.0,49731000.0,96735000.0,387612750.00000006,384881750.00000006,8.107805664287358,2.2444642564727717,0.0,0.0,0.03928003281446779,8.107805664287358,0.03953743304877287,4.131319079543396,13.92087164200546,2.201582122105407,0.4013791121965235,1.3760833283062879,0.007208225219629643,0.4016189236854271,1.2162260511999419,0.02979727068814958,23.3811527325371,0.2706052886818797,1.1370788241614858,0.8990013079181352,0.48770791603270497,0.14708672951671894,0.37430984085742125,1.1106731352334749,1.0263620386643233,4.445967765406186,0.2800641815429071,0.24313436995095275,Electronic Components,Technology,LYTS
2007Q3,2007,Q3,2007-05-07,2007-03-31,3298000.0,75323000.0,5121000.0,0.15,18474000.0,0.24526373086573822,223433000.0,171591000.0,111235000.0,42897000.0,51842000.0,52955000.0,92568000.0,363124079.99999994,366581079.99999994,7.910335607597271,2.593071776581113,0.02917205605259742,0.037985675239377355,0.01939940297873278,7.910335607597271,0.01922012226748489,4.820892423297,27.526082474226804,2.1162186827980487,0.8468768950879321,1.0735341327542254,0.007691585752175952,0.3371167195535127,1.171620393034478,0.014760576996236008,16.799633587786257,0.24526373086573822,-0.3478260869565218,0.17181994660147015,0.17092679610950226,0.13837318837631588,-0.16761286834279535,-0.34498510427010926,-0.3817457442955451,2.2608763799918226,0.3304295762922754,0.20962779829901,Electronic Components,Technology,LYTS
2007Q2,2007,Q2,2007-01-30,2006-12-31,5035000.0,81640000.0,8283000.0,0.23,22194000.0,0.2718520333170015,233821000.0,170627000.0,121983000.0,36681000.0,63194000.0,52446000.0,92063000.0,,,,,,,,,,,,,,,,,,,,,,,,,,,,,,,Electronic Components,Technology,LYTS
2007Q1,2007,Q1,2006-11-06,2006-09-30,5495000.0,86667000.0,8769000.0,0.25,23122000.0,0.26679128157199394,238400000.0,167924000.0,125239000.0,41608000.0,70476000.0,51751000.0,89819000.0,,,,,,,,,,,,,,,,,,,,,,,,,,,,,,,Electronic Components,Technology,LYTS
