Quarters,Year,Quarter,FillingDate,Date,NetIncome,Revenue,OperatingIncome,EPSDiluted,GrossProfit,GrossProfitRatio,TotalAssets,CommonStockEquity,CurrentAssets,CurrentLiability,TotalLiability,Inventory,RetainedEarnings,MarketCap,EnterpriseValue,bookValuePerShare,currentRatio,debtToAssets,debtToEquity,roic,shareholdersEquityPerShare,roe,priceToSalesRatio,peRatio,pbRatio,payoutRatio,inventoryTurnover,dividendYield,assetTurnover,quickRatio,returnOnAssets,priceToFreeCashFlowsRatio,grossProfitMargin,epsdilutedGrowth,fiveYNetIncomeGrowthPerShare,fiveYRevenueGrowthPerShare,fiveYShareholdersEquityGrowthPerShare,grossProfitGrowth,netIncomeGrowth,operatingIncomeGrowth,threeYNetIncomeGrowthPerShare,threeYRevenueGrowthPerShare,threeYShareholdersEquityGrowthPerShare,Industry,Sector,Symbol
2023Q1,2023,Q1,2023-05-15,2023-03-31,121000.0,5267000.0,-8000.0,0.02,2143000.0,0.4068729827,17302000.0,11383000.0,6923000.0,3205000.0,5919000.0,970000.0,7710000.0,76495500.0,76159500.0,1.986561954624782,2.1600624024961,0.17708935383192695,0.2691733286479838,-0.00026198833448223884,1.986561954624782,0.010629886673109021,14.523542813745966,158.04855371900825,6.720152859527365,0.0,3.220618556701031,0.0,0.30441567448849843,1.7051482059282372,0.006993411166339151,164.15343347639484,0.4068729827226125,-0.75,2.6671661273286316,0.564358645320248,0.26140995631717123,-0.2238319449474828,-0.753061224489796,-1.0172786177105833,1.54647719290623,0.46544048696095947,0.06982905366601398,Software—Application,Technology,WFCF
2022Q4,2022,Q4,2023-02-23,2022-12-31,490000.0,6093000.0,463000.0,0.08,2761000.0,0.4531429509,18296000.0,12477000.0,7891000.0,3037000.0,5819000.0,888000.0,7589000.0,81221580.0,79985580.0,2.146026831785346,2.5982877839973657,0.17118495846086576,0.2510218802596778,0.01651506684099682,2.146026831785346,0.039272260960166706,13.330310192023633,41.439581632653066,6.509704255830728,0.0,3.7522522522522523,0.0,0.3330236117184084,2.1534408956206783,0.026781810231744644,-203.05395,0.4531429509272936,-0.38461538461538464,2.59667118992602,0.5623524359477339,0.36894345929163347,-0.13176100628930817,-0.37579617834394907,-0.568901303538175,-0.11000938265471259,0.13846290171225037,0.11191305518028881,Software—Application,Technology,WFCF
2022Q3,2022,Q3,2022-11-14,2022-09-30,785000.0,7265000.0,1074000.0,0.13,3180000.0,0.4377150723,21332000.0,13167000.0,10738000.0,5321000.0,8165000.0,874000.0,7099000.0,57044960.0,54227960.0,2.2181603773584904,2.0180417214809245,0.14949371835739733,0.24219640009113694,0.039829954172096636,2.2181603773584904,0.05961874382927015,7.852024776324845,18.167184713375793,4.332418926103137,0.0,4.673913043478261,0.0,0.34056816051003186,1.6645367412140575,0.03679917494843428,78.79138121546961,0.4377150722642808,2.25,1.8146965398603283,0.5966687242744935,0.3540850933773776,0.49295774647887325,2.536036036036036,2.4313099041533546,0.515250698826784,0.21709384765330614,0.21857564173609592,Software—Application,Technology,WFCF
2022Q2,2022,Q2,2022-08-11,2022-06-30,222000.0,5331000.0,313000.0,0.04,2130000.0,0.399549803,20912000.0,13488000.0,10045000.0,4493000.0,7424000.0,877000.0,6314000.0,64940400.00000001,61805400.00000001,2.2431398636288042,2.235699977743156,0.15651300688599848,0.24266014234875444,0.010201187393196273,2.2431398636288042,0.016459074733096084,12.181654473832303,73.13108108108109,4.814679715302492,0.0,3.6499429874572407,0.0,0.25492540168324407,1.8631204095259293,0.010615914307574598,67.7167883211679,0.3995498030388295,-0.504950495049505,2.650043825163269,0.5610261685570839,0.4114601312778002,-0.1113892365456821,-0.5533199195171026,-0.49759229534510435,-0.3684012177261019,0.12035857389897059,0.2802282892169733,Software—Application,Technology,WFCF
2022Q1,2022,Q1,2022-05-12,2022-03-31,497000.0,6156000.0,623000.0,0.0808,2397000.0,0.3893762183,20354000.0,13875000.0,9489000.0,3521000.0,6479000.0,815000.0,6092000.0,69467150.0,66658150.0,2.2869622548211637,2.694973019028685,0.16134420752677606,0.23668468468468468,0.022948582829715736,2.2869622548211637,0.03581981981981982,11.284462313190383,34.94323440643863,5.006641441441441,0.0,4.612269938650306,0.0,0.30244669352461434,2.3552967906844646,0.024417804854082736,62.92314311594203,0.38937621832358676,-0.32666666666666666,3.3749989337566917,1.0339975616935304,0.4723791295028599,-0.18413886997957796,-0.330188679245283,-0.3700707785642063,4.570989199049182,0.600893433582572,0.34816990387415925,Software—Application,Technology,WFCF
2021Q4,2021,Q4,2022-02-28,2021-12-31,742000.0,5806000.0,989000.0,0.12,2938000.0,0.5060282466,19784000.0,13749000.0,8684000.0,2996000.0,6035000.0,767000.0,5595000.0,88261288.5,86212288.5,2.2602334374486275,2.8985313751668893,0.170086938940558,0.24474507236889956,0.036268910207810395,2.2602334374486275,0.053967561277183794,15.20173759903548,29.737630896226413,6.419469670521492,0.0,3.7392438070404173,0.0,0.2934694702790133,2.534045393858478,0.03750505458956733,-1765.22577,0.5060282466414054,-0.14285714285714296,15.920213600873554,0.8787694886965524,0.4277445840501499,0.0034153005464480873,-0.14417531718569782,-0.13093145869947276,2.6166681612767437,0.29312740507149976,0.3138426731815461,Software—Application,Technology,WFCF
2021Q3,2021,Q3,2021-11-04,2021-09-30,867000.0,6545000.0,1138000.0,0.14,2928000.0,0.4473644003055768,20515000.0,13323000.0,9124000.0,4120000.0,7192000.0,870000.0,4853000.0,82269000.0,80013000.0,2.1862487692812604,2.2145631067961165,0.16504996344138434,0.2541469638970202,0.04214513250899429,2.1862487692812604,0.06507543346093222,12.569747899159664,23.722318339100347,6.174960594460707,0.0,4.157471264367816,0.0,0.3190348525469169,1.9344660194174756,0.04226175968803315,60.27032967032967,0.4473644003055768,3.6666666666666674,2.7587911843732966,0.9086764985253368,0.6431336863048657,0.45744151319064214,3.292079207920792,3.0354609929078014,1.3470847740048426,0.3044776196998162,0.26456236477923484,Software—Application,Technology,WFCF
2021Q2,2021,Q2,2021-08-05,2021-06-30,202000.0,5141000.0,282000.0,0.03,2009000.0,0.3907800038902937,20262000.0,13308000.0,8659000.0,3801000.0,6954000.0,885000.0,4900000.0,94367000.0,92531000.0,2.181639344262295,2.278084714548803,0.17081235810877504,0.26006913134956416,0.009202019908309345,2.181639344262295,0.015178839795611663,18.355767360435713,116.79084158415841,7.0909978960024045,0.0,3.538983050847458,0.0,0.2537261869509427,1.917390160484083,0.009969400848879676,190.25604838709677,0.3907800038902937,-0.8421052631578947,0.16410568554168017,0.7952744648328877,0.6805025281729211,0.07894736842105263,-0.8243478260869566,2.168539325842697,0.1571891168209965,0.173440810230784,0.3571839637091671,Software—Application,Technology,WFCF
2021Q1,2021,Q1,2021-05-06,2021-03-31,1150000.0,4440000.0,89000.0,0.19,1862000.0,0.41936936936936936,19688000.0,13268000.0,7835000.0,3205000.0,6420000.0,0.0,4698000.0,82031798.2217032,80537798.2217032,2.16232073011734,2.4446177847113884,0.17787484762291753,0.26394332227916795,0.004348695807644799,2.16232073011734,0.08667470605969249,18.475630230113335,17.83299961341374,6.1826799986209835,0.0,0.0,0.0,0.2255180820804551,2.1410296411856473,0.05841121495327103,82.36124319448112,0.41936936936936936,1.1111111111111112,11.756467292313163,0.7568863929732951,0.6909072165533192,-0.24185667752442996,1.110091743119266,-0.8555194805194806,31.54710204514748,0.2314740066659884,0.37301174593178327,Software—Application,Technology,WFCF
2020Q4,2020,Q4,2021-02-18,2020-12-31,545000.0,5551000.0,616000.0,0.09,2456000.0,0.4424428030985408,19448000.0,12464000.0,7474000.0,3124000.0,6984000.0,0.0,3548000.0,84820459.4770876,85050459.4770876,2.0372670807453415,2.3924455825864275,0.2367338543809132,0.36938382541720155,0.02424421518885783,2.0372670807453415,0.04372593068035944,15.280212480109459,38.90846765004019,6.8052358373786594,0.0,0.0,0.0,0.285427807486631,2.202944942381562,0.0280234471410942,372.01955911003336,0.4424428030985408,-0.25,2.4495443006376174,0.9366107777235712,0.796404702600304,-0.11078928312816799,-0.2534246575342466,-0.35564853556485354,2.6876464339204107,0.35264743362734563,0.29956597173406285,Software—Application,Technology,WFCF
2020Q3,2020,Q3,2020-11-05,2020-09-30,730000.0,6197000.0,956000.0,0.12,2762000.0,0.4456995320316282,20261000.0,12338000.0,8127000.0,4190000.0,7923000.0,0.0,3003000.0,44108579.89950388,44126579.89950388,1.9944231157809658,1.939618138424821,0.22915946893045752,0.376317069217053,0.03385697441641498,1.9944231157809658,0.059166801750688926,7.117731144021927,15.1056780477753,3.5750186334498197,0.0,0.0,0.0,0.30585854597502593,1.7684964200477327,0.03602981096688219,129.3506741920935,0.4456995320316282,1.9999999999999996,2.86825486934409,0.9534385697103109,0.7655948100492359,0.31523809523809526,1.0797720797720798,1.0383795309168444,1.5116042429717567,0.3068541499971902,0.21750376507144958,Software—Application,Technology,WFCF
2020Q2,2020,Q2,2020-08-13,2020-06-30,351000.0,4416000.0,469000.0,0.04,2100000.0,0.47554347826086957,19279000.0,11848000.0,6899000.0,3455000.0,7431000.0,0.0,2273000.0,42860574.7647791,43048574.7647791,1.9052826244271126,1.9968162083936325,0.24404792779708492,0.39711343686698175,0.01640761049838295,1.9052826244271126,0.02962525320729237,9.705746097096716,30.527474903688816,3.617536695204178,0.0,0.0,0.0,0.22905752373048394,1.8952243125904487,0.01820633850303439,67.71022869633349,0.47554347826086957,2.0350895352447984,1.3309860279130905,0.704758299924108,0.7418591500060293,0.30434782608695654,2.4564315352697097,2.324858757062147,4.580303066748713,0.2503630491222342,0.19886882971476585,Software—Application,Technology,WFCF
2020Q1,2020,Q1,2020-05-14,2020-03-31,-241000.0,3912000.0,-354000.0,-0.038644,1610000.0,0.41155419222903883,17993000.0,11581000.0,5484000.0,2933000.0,6412000.0,0.0,1922000.0,45703890.21603015,46474890.21603015,1.8568966208361728,1.8697579270371634,0.20758072583782583,0.32251100941196786,-0.013950748041288092,1.8568966208361728,-0.020809947327519212,11.6829985214801,-47.41067449795659,3.94645455625854,0.0,0.0,0.0,0.2174178847329517,1.7712240027275827,-0.013394097704662924,58.14744302293912,0.41155419222903883,-1.48305,-5.184262623927018,0.7898586025657427,0.7441428254937529,-0.4120353801319086,-1.4110642812430174,-1.4235589722114206,-3.0637365915122095,0.25737934570687315,0.19549670065602567,Software—Application,Technology,WFCF
2019Q4,2019,Q4,2020-03-05,2019-12-31,586283.0,5699135.0,835775.0,0.08,2738260.0,0.48046940456753523,18237461.0,11949122.0,5861352.0,2741472.0,6288339.0,0.0,2163298.0,42181617.348587394,43338655.348587394,1.9300311492766697,2.1380309556325945,0.20807189114756708,0.31757170108397925,0.02822383508962612,1.9300311492766697,0.04906494385110471,7.401406941331867,17.986884042598625,3.530101822425731,0.0,0.0,0.0,0.3124960760711154,1.9737593526397497,0.032147183207136124,96.00237003554408,0.48046940456753523,0.0,6.834151374857871,0.6130976470057723,0.6505632718698404,0.05845822250792126,0.08385867093592052,0.36120815316085636,12.583093879376069,0.8119722870192208,0.2191623549903717,Software—Application,Technology,WFCF
2019Q3,2019,Q3,2019-11-14,2019-09-30,540922.0,6232482.0,613995.0,0.08,2587027.0,0.4150877611840676,19537893.0,11281941.0,6855500.0,3351970.0,8255952.0,0.0,1577015.0,41981948.133563206,42450120.133563206,1.8202894439924084,2.0452152018066987,0.19902094867650263,0.34466143724736725,0.023048087485543642,1.8202894439924084,0.04794582776137546,6.735991878285923,19.40295834406957,3.72116359530361,0.0,0.0,0.0,0.31899458145256504,1.9838062393159843,0.027685789864853903,44.67899570957149,0.4150877611840676,1.0,1.100162346036904,1.3849757669642724,0.8109547286852434,0.23875910863904554,0.49802957165684913,0.5227521861840114,1.3058063110585918,0.7870750205125225,0.36808717574824695,Software—Application,Technology,WFCF
2019Q2,2019,Q2,2019-08-14,2019-06-30,361089.0,4888259.0,403214.0,0.04,2088402.0,0.42722818083084385,18765287.0,10823375.0,5848152.0,2941407.0,7941912.0,0.0,1036093.0,41597362.710818745,42875779.710818745,1.752140522531944,1.9882158436421753,0.20670166142409652,0.3583739822375183,0.015270388949815469,1.752140522531944,0.033361959647522144,8.509647854342159,28.799937626747663,3.8432894278188408,0.0,0.0,0.0,0.26049476354931317,1.8658699731115076,0.019242391549886766,584.717149194118,0.42722818083084385,2.7436791630340016,5.206050639468408,1.361149573917885,1.514381755764698,0.25374881583165537,3.522822069601548,2.34130593154654,1.0549031718645259,0.6856737407080822,0.3496623929033547,Software—Application,Technology,WFCF
2019Q1,2019,Q1,2019-05-14,2019-03-31,-143129.0,3954540.0,-300613.0,-0.02294,1665726.0,0.42121864995675856,18549791.0,10583959.0,5133368.0,2850828.0,7965832.0,0.0,675004.0,48935279.57016306,50421083.57016306,1.6963457263429855,1.800658615672359,0.2123086454181613,0.37209904157791995,-0.011302523231395101,1.6963457263429855,-0.013523200533940087,12.374455580209851,-85.4740820696069,4.623532609126988,0.0,0.0,0.0,0.21318515125049117,1.6503096644203017,-0.007715935990869115,46.3589284788779,0.42121864995675856,-1.5735,0.026074908731355,1.6123928789684907,1.5477281658148043,-0.0558072305547053,-1.678130803926771,-2.591024806423101,-2.5613914166591853,0.5388923935622196,0.3265207101293812,Software—Application,Technology,WFCF
2018Q4,2018,Q4,2019-03-29,2018-12-31,211064.0,4619071.0,188943.0,0.04,1764180.0,0.38193394299416483,14463938.0,10765809.0,4372574.0,1702880.0,3698129.0,0.0,818133.0,49330204.82597121,48296350.82597121,1.7203227476051919,2.567752278492906,0.031010710914275215,0.04166310214123249,0.011822253063897777,1.7203227476051919,0.01960502921796216,10.67968100641259,58.430387022385645,4.5821177791628305,0.0,0.0,0.0,0.31935085728381857,2.309704735506906,0.014592429807152104,-97.54739388768394,0.38193394299416483,-0.3355096740683028,17.908833708192386,1.330176605879187,1.5904370425270127,-0.2111948820534741,-0.4406663327582689,-0.5474451680586726,0.30602690258788007,0.5754277431195296,0.5169321209753266,Software—Application,Technology,WFCF
2018Q3,2018,Q3,2018-11-13,2018-09-30,377349.0,5125378.0,417503.0,0.0601965121823483,2236522.0,0.43636235220114494,15503346.0,10762537.0,5610808.0,2779570.0,4740809.0,0.0,607069.0,58442230.345445275,56659403.345445275,1.7288580066693129,2.0185884867083757,0.02973261384993923,0.042829585626511665,0.0242040069038242,1.7288580066693129,0.035061342878542484,11.40252101317118,38.718951385484836,5.4301537216964055,0.0,0.0,0.0,0.3305981818376498,1.9079684987246228,0.02433984250883648,173.31262502096718,0.43636235220114494,1.1186841208982212,18.656139398512405,2.063273083161052,1.6199796193599687,0.11174285166071324,1.1338562194990924,0.7305249981347769,0.9870443435817194,0.605522135315815,0.5304990699990653,Software—Application,Technology,WFCF
2018Q2,2018,Q2,2018-08-14,2018-06-30,176839.0,4438308.0,241258.0,0.028412216615296026,2011726.0,0.45326417184206236,14038896.0,9933564.0,6031597.0,2356355.0,4105332.0,0.0,229720.0,45774706.32744787,42931766.32744787,1.6074750384611838,2.559714898646426,0.01554338745724735,0.02196714089726507,0.015741997951875003,1.6074750384611838,0.017802170499933358,10.313548840559932,64.71240270450504,4.608084905623788,0.0,0.0,0.0,0.31614366257859594,2.456884043363585,0.012596360853446027,-222.48920393045495,0.45326417184206236,3.9741275587002844,1.8081169317755197,2.1194231833816177,2.68668371348719,0.16195880260355808,3.983626423176643,7.985735036686655,0.18177660014145106,0.7241536592531488,0.46959567481061754,Software—Application,Technology,WFCF
2018Q1,2018,Q1,2018-05-14,2018-03-31,35484.0,3620802.0,26849.0,0.005712,1731323.0,0.4781600871851043,14084090.0,9704614.0,6407802.0,2611556.0,4379476.0,0.0,52881.0,60779182.94393036,57182010.94393036,1.5748741673363462,2.4536337723564037,0.01598612334911237,0.023200304514945157,0.001916001901485475,1.5748741673363462,0.0036564050873120766,16.78611063071948,428.215413594369,6.262916066927582,0.0,0.0,0.0,0.25708455427365207,2.3322410088085417,0.002519438600576963,52.31845213798412,0.4781600871851043,1.1428,1.5286465714272872,2.0710514901488315,2.722002715883047,0.17250722775784083,1.1089709730121489,1.1125588492996776,-0.37646563757617846,0.6766815397362096,0.47924523594546237,Software—Application,Technology,WFCF
2017Q4,2017,Q4,2018-04-02,2017-12-31,-325628.0,4138027.0,-238533.0,-0.04,1476599.0,0.35683648270057206,13341295.0,9670876.0,5592806.0,1880594.0,3670419.0,0.0,17397.0,72332086.50556146,69858341.50556146,1.567651912297253,2.973957164597994,0.01739208974840898,0.023992966097383526,-0.03531069651030984,1.567651912297253,-0.03367099319647982,17.479848852016058,-55.53276016310134,7.479372758534124,0.0,0.0,0.0,0.3101668166396141,2.843640360439308,-0.024407525656242515,-77.68572022945405,0.35683648270057206,-2.0,-3.0183763727558026,1.7875754816206506,2.6827275956061114,-0.35557290593784585,-2.1221122567127972,-1.5303809542868196,-5.366785887086271,0.17544017962975836,0.34065642955249886,Software—Application,Technology,WFCF
2017Q3,2017,Q3,2017-11-02,2017-09-30,290192.0,4734435.0,449739.0,0.04,2291336.0,0.4839724275441526,14852406.0,10117850.0,6843142.0,2910404.0,4734556.0,0.0,343025.0,57005961.50078319,53434954.50078319,1.6381248033873,2.3512687585641032,0.01608224283661516,0.023607782285762293,0.023844858153189333,1.6381248033873,0.028681192150506282,12.040710560137205,49.11055568449785,5.634197136820885,0.0,0.0,0.0,0.3187655252623716,2.22026941964071,0.01953838320875419,77.49966216506408,0.4839724275441526,2.979307600477517,2.8880512604749904,1.612260842804733,3.1102875299678234,0.44092145079701267,3.6526751214506743,4.722019001588983,0.13059167033332444,0.817997239279181,0.6297242554812001,Software—Application,Technology,WFCF
2017Q2,2017,Q2,2017-08-03,2017-06-30,62371.0,3502082.0,-120832.0,0.010052,1590188.0,0.4540693221917705,13685121.0,9799564.0,5694864.0,2079957.0,3885557.0,0.0,52833.0,56422730.46744688,53504725.46744688,1.5892335985417323,2.7379719869208836,0.012450894661435584,0.0173877123512842,-0.006433286691784676,1.5892335985417323,0.006364670918012271,16.11119627337306,226.15771138608838,5.757677634172997,0.0,0.0,0.0,0.2559043504255461,2.5489719258619288,0.004557577532562555,-8715.281196701711,0.4540693221917705,-0.460266323024055,-0.8266696136045463,1.1193308915366498,3.2144053970378548,0.0872061899158848,-0.45942502535123375,-13.75,0.07388683927461072,0.6946123150786043,1.2806047314328683,Software—Application,Technology,WFCF
2017Q1,2017,Q1,2017-05-09,2017-03-31,115379.0,3073948.0,-8192.0,0.018624,1462637.0,0.4758170925467835,13489183.0,9571096.0,5569315.0,1953904.0,3918087.0,0.0,-9538.0,50770187.462761536,47696880.462761536,1.5532427816966836,2.850352422636936,0.01290767572802593,0.018191647017227704,-0.0011784941264734907,1.5532427816966836,0.012054941252287094,16.516280517029415,110.00742653074116,5.304532256573493,0.0,0.0,0.0,0.22788244477074704,2.6943068850874967,0.008553446120495214,65.47122792306165,0.4758170925467835,3.279001468428781,-0.7335923632713337,1.4971768295171175,3.940694620881841,0.13669088789586167,3.369811243247684,0.8968625673565996,1.7949432752471468,1.0561296063680674,1.3328029904660241,Software—Application,Technology,WFCF
2016Q4,2016,Q4,2017-02-28,2016-12-31,-48687.0,3025434.0,-79428.0,-0.008172,1286750.0,0.42531088101740117,12881307.0,9427678.0,4771479.0,1342294.0,3453629.0,0.0,-124917.0,47651485.0575371,45339327.0575371,1.583079678745422,3.5547197558806043,0.01380504323047343,0.018862226732817986,-0.00506179354451317,1.583079678745422,-0.005164262080228027,15.750297331733927,-244.6827954974485,5.054424329886649,0.0,0.0,0.0,0.23487011061843335,3.402931846525426,-0.003779663041956845,-197.6977540639297,0.42531088101740117,-1.2043,-1.1375968189160286,1.528097145247125,6.008734402846072,-0.19650640297131838,-1.2164318768809486,-1.2196510052266254,-3.0987107927973585,0.6038238037436772,1.3837784199520677,Software—Application,Technology,WFCF
2016Q3,2016,Q3,2016-11-08,2016-09-30,224953.0,3344246.0,361610.0,0.04,1601444.0,0.4788654901583197,9442909.0,7907697.0,5850270.0,1324216.0,1535212.0,0.0,-76230.0,56501201.969190046,52437683.969190046,1.3305361502251045,4.417912183510847,0.01922405479074298,0.02295624124191911,0.027323797473176176,1.3305361502251045,0.028447346932994524,16.895049577450358,62.79222989823435,7.145089394445696,0.0,0.0,0.0,0.35415421243601947,4.28095189908595,0.023822425907101298,983.7587834591017,0.4788654901583197,0.4150965551389969,-0.042198192777895396,1.3231171371167734,6.8551366671926885,0.21544438701588292,0.3260298035886916,0.4559737158916586,12.024942306515717,1.0935822194592821,1.0163469660109727,Software—Application,Technology,WFCF
2016Q2,2016,Q2,2016-08-11,2016-06-30,169644.0,2799602.0,248363.0,0.028266622411550587,1317579.0,0.47063082538160783,8962850.0,7742000.0,5733252.0,1198807.0,1220850.0,0.0,-301199.0,60238294.04831047,55983920.04831047,1.2982065231607958,4.782464566856883,0.0038055975498864757,0.004405709119090675,0.02164347252713249,1.2982065231607958,0.021912167398605013,21.516734895999672,88.771624767617,7.780714808616698,0.0,0.0,0.0,0.31235622597722823,4.609384996917769,0.018927461689083273,-6998.756134345355,0.47063082538160783,0.9360700281883964,-0.4680113567885152,1.1603166751020928,8.697551667866302,0.09151075083981228,0.9444552696429594,1.3891854972920454,1.791432421103017,1.0389408636192847,1.977387972544438,Software—Application,Technology,WFCF
2016Q1,2016,Q1,2016-05-05,2016-03-31,87245.0,2445752.0,103953.0,0.0146,1207115.0,0.49355576526156375,8872990.0,7593794.0,5556203.0,1272291.0,1279196.0,0.0,-470843.0,50573154.2058226,46244245.2058226,1.2787932471687786,4.367085045795341,0.0022038794138165376,0.002575129112009096,0.007189933526693345,1.2787932471687786,0.0114889869280099,20.677956802579576,144.917056008432,6.659800648506216,0.0,0.0,0.0,0.2756401168039184,4.227078553569899,0.00983264942257345,69.04995563413944,0.49355576526156375,-0.43846153846153846,-0.014921591784189224,1.60157582356165,14.96881785452187,-0.009403614388621454,-0.4310727094880991,-0.6279859572777732,2.3487992805366473,1.1526264295614141,2.022255388864074,Software—Application,Technology,WFCF
2015Q4,2015,Q4,2016-02-16,2015-12-31,153350.0,2782133.0,279433.0,0.026,1218574.0,0.43799990870314254,8475724.0,6734452.0,5046361.0,794761.0,1741272.0,0.0,-558088.0,56453753.53170817,52694977.53170817,1.1340802424956848,6.349532752613679,0.0026689165432947086,0.0033589963964402746,0.028478808052071196,1.1340802424956848,0.022770969337965435,20.29153657704652,92.03415965390964,8.382828110098368,0.0,0.0,0.0,0.32824723881995216,6.154616293451742,0.01809284964918631,-206.8372800112413,0.43799990870314254,-0.14169176807444525,0.15509161343639313,1.7905180253034891,15.693694614219021,-0.17318107490110665,-0.15560817135620286,-0.07563422726656235,-0.012534586913141405,0.9470132380905792,1.6641811054535898,Software—Application,Technology,WFCF
2015Q3,2015,Q3,2015-10-29,2015-09-30,181610.0,3052908.0,302297.0,0.03029214801036081,1473810.0,0.48275611318781964,8831789.0,6724898.0,5447456.0,1153352.0,2068121.0,0.0,-711438.0,58955259.921189286,54995629.921189286,1.1296040883385632,4.723151301597431,0.0029039416589322956,0.003813738141455826,0.031201213811079626,1.1296040883385632,0.027005614062845264,19.311181313419628,81.15640647705149,8.766714368186593,0.0,0.0,0.0,0.3456726604315388,4.394879447037852,0.020563217712742006,116.05663121534465,0.48275611318781964,0.2599416451496005,0.5079486434053254,1.8956864288780624,22.109273123951763,0.22910912293342942,0.26020039968913067,0.49543894017195494,1.5244577652031726,0.7476075143744016,1.8343369128517675,Software—Application,Technology,WFCF
2015Q2,2015,Q2,2015-07-30,2015-06-30,144112.0,2479128.0,202146.0,0.024042500799125534,1199088.0,0.4836732915767157,8385715.0,6509756.0,4839008.0,988589.0,1875959.0,0.0,-893046.0,250434461.022778,246982818.022778,1.0938212911305243,4.894863284944502,0.0034142586529592287,0.004398167919043356,0.01852557480926238,1.0938212911305243,0.022137849713568372,101.01715644483787,434.44414938169274,38.47063715180385,0.0,0.0,0.0,0.29563704466464696,4.506354005557416,0.017185415912656224,546.9243256608007,0.4836732915767157,1.625873831271902,0.9217022526513403,1.7139246737992417,38.230338695522114,0.24479306704260326,1.6275274855507138,15.456040377727124,-0.5850528166274568,0.5544332799310481,1.9006474296574882,Software—Application,Technology,WFCF
2015Q1,2015,Q1,2015-05-04,2015-03-31,54847.0,2081301.0,12284.0,0.009156,963283.0,0.4628273373241064,8085690.0,6322936.0,4354448.0,850318.0,1762754.0,0.0,-1037158.0,73634365.20778573,70655249.20778573,1.0646471112883202,5.120964156938934,0.0039047997140627456,0.004993408125592288,-0.00575854510572704,1.0646471112883202,0.008674293081568436,35.379008229845525,335.63533651697327,11.6455971099163,0.0,0.0,0.0,0.25740549044051897,4.442289825688742,0.006783218253482387,186.61595888200713,0.4628273373241064,-0.22036784741144416,0.18603276146165232,1.6851940256959677,70.89665751658792,-0.15612231667916487,-0.14564543514494446,-0.9038012749228624,-0.8686040438687267,0.7542718533808127,2.3865254793804564,Software—Application,Technology,WFCF
2014Q4,2014,Q4,2015-02-18,2014-12-31,64197.0,3030733.0,127694.0,0.011744,1141496.0,0.37664023851655687,7933456.0,6210166.0,4107333.0,726616.0,1723290.0,0.0,-1092005.0,61008755.99643439,58460174.99643439,1.169316670357165,5.652687251588184,0.004345773140986727,0.0055517034488289044,0.013459834356056573,1.169316670357165,0.010337404829436122,20.13003322840857,237.58413943188307,9.824013721442292,0.0,0.0,0.0,0.3820192612147846,4.902988648749821,0.008091933704554485,844.9615112451614,0.37664023851655687,-0.7064,1.5681900290980209,2.9205746503416985,160.18628858576088,-0.032336929339579296,-0.7380633736729149,-0.6844116236882819,-0.7965578152953697,1.839779708676126,4.176890389906649,Software—Application,Technology,WFCF
2014Q3,2014,Q3,2014-11-03,2014-09-30,245086.0,2486645.0,404622.0,0.04,1179642.0,0.4743909967043949,7816000.0,5928065.0,4166012.0,908722.0,1887935.0,0.0,-1156202.0,50461128.05792503,47859898.05792503,1.0051545823643764,4.584473579378511,0.00477763561924258,0.006299188689732653,0.043445984502111436,1.0051545823643764,0.0413433388466557,20.292855658095558,51.47287896689838,8.512242706165507,0.0,0.0,0.0,0.31814802968270217,3.9549510191235604,0.031356960081883316,163.9636599468577,0.4743909967043949,3.2863266180882986,2.079791012587785,1.8247125708178378,33.55577789690511,0.3335028978577218,3.5859326759351084,3.7042505696879506,0.05158796699864539,0.7407240203326318,4.9341691804400485,Software—Application,Technology,WFCF
2014Q2,2014,Q2,2014-08-04,2014-06-30,53443.0,1901615.0,86012.0,0.009332,884619.0,0.46519353286548537,5878350.0,3953879.0,1974478.0,824538.0,1924471.0,0.0,-1401287.0,51468823.795579895,50628551.795579895,0.6968474530626978,2.3946476693615093,0.03215119889084522,0.04780014765246989,0.012873696539593173,0.6968474530626978,0.013516599774550511,27.065848657893365,240.76503843150599,13.017298656731755,0.0,0.0,0.0,0.32349468813527604,2.1500282582488617,0.009091496763547594,862.6589979649011,0.46519353286548537,1.3961926620768101,-0.00253535614852181,1.7071724799801369,44.039418034446186,0.586629623385335,1.3999386356152903,1.3143621531534166,-0.8238517192594444,0.5422949613441291,4.20542306646501,Software—Application,Technology,WFCF
2014Q1,2014,Q1,2014-05-05,2014-03-31,-133628.0,1376426.0,-273608.0,-0.02355419696842037,557546.0,0.4050679077553025,5594742.0,3777378.0,1760573.0,706110.0,1817364.0,0.0,-1454728.0,51686854.80072108,51008645.80072108,0.6658268135134687,2.4933409808670035,0.03546043767523149,0.05252108737859965,-0.049081389107920946,0.6658268135134687,-0.03537586124555181,37.55149554042214,-96.6991476350785,13.683262517206666,0.0,0.0,0.0,0.2460213536209534,2.049653736669924,-0.02388456876116897,4915.067972681731,0.4050679077553025,-10.836279883628327,0.24130555638285286,1.6519483634835288,220.6338402313419,-0.30168571059984944,-10.80876634853305,-11.831241835240093,-2.579272353812062,0.5325203488286948,7.3144535922388885,Software—Application,Technology,WFCF
2013Q4,2013,Q4,2014-03-04,2013-12-31,-11316.0,1797042.0,25261.0,-0.00199,798417.0,0.44429512498873147,5814474.0,3767611.0,2085097.0,551473.0,1746432.0,0.0,-1321100.0,44945091.131037146,44083072.131037146,0.6641052144340052,3.7809593579377414,0.03534593154944024,0.054548625110182554,0.0033112254204299392,0.6641052144340052,-0.003003494787545742,25.010595818593636,-992.9544700211458,11.929334299915023,0.0,0.0,0.0,0.3090635541581233,3.175743871413469,-0.0019461777625972702,1242.0917819825106,0.44429512498873147,0.4201631701631702,-2.6052489130722605,1.6045758556240273,19.71457670231343,0.1171608710982756,0.39741200276905053,27.09607438016529,-1.0892184965643523,0.8866636561564449,8.775648341315588,Software—Application,Technology,WFCF
2013Q3,2013,Q3,2013-11-14,2013-09-30,-18779.0,1470162.0,-968.0,-0.003432,714684.0,0.48612601876527894,5595407.0,3609456.0,2021257.0,506653.0,1694861.0,0.0,-1309784.0,43334464.96443703,42508630.96443703,0.6598746012732929,3.9894306359579437,0.03784353845931136,0.05866535012478335,-0.00010111278119314989,0.6598746012732929,-0.005202723069626005,29.475979493713638,-576.9005932748952,12.005816102048904,0.0,0.0,0.0,0.2627444259193299,3.273577774137329,-0.0033561454957610768,497.10879474650443,0.48612601876527894,-1.3416965352449224,-1.1111896634038771,1.3463411801244485,20.166072953812638,0.08371330615017658,-1.3419524008958974,-1.0102207815519118,-1.1697064547724818,0.5176866483284106,12.4996168532039,Software—Application,Technology,WFCF
2013Q2,2013,Q2,2013-08-01,2013-06-30,54917.0,1240758.0,94709.0,0.010044,659477.0,0.5315113825580814,3513061.0,2349704.0,2268446.0,488495.0,879007.0,0.0,-1291005.0,29244787.48050773,28173166.48050773,0.4360219545225626,4.643744562380372,0.11914993790315626,0.17814201278118436,0.021441763838438457,0.4360219545225626,0.02337188003254878,23.570097859943463,133.1317601130239,12.446158103534628,0.0,0.0,0.0,0.3531843028060145,3.9464989406237527,0.015632236388721972,-1459.7577857895444,0.5315113825580814,1.9221446933529198,0.19141165054283774,0.42335757680778496,20.197192565485146,0.2353874512477942,1.9406334035592552,2.03289236910124,-0.19126489038811365,0.5000283328650037,14.63810203120513,Software—Application,Technology,WFCF
2013Q1,2013,Q1,2013-05-01,2013-03-31,-58383.0,1025503.0,-91693.0,-0.010892,533822.0,0.5205465025455801,3408489.0,2267884.0,2164937.0,459541.0,857964.0,0.0,-1345923.0,21018898.92440364,19939440.92440364,0.42312547506099996,4.711085626744947,0.1250348761577344,0.1879196643214556,-0.021983448451548725,0.42312547506099996,-0.02574338017288362,20.496184725352965,-90.00436310400134,9.268066146418265,0.0,0.0,0.0,0.3008673344699073,3.9941767981529397,-0.017128704244021326,266.2811037487001,0.5205465025455801,-1.418923076923077,0.10083274524101633,0.3187495800912523,14.462616105542507,-0.2375017140506445,-1.4165156595562531,-1.8021854003359463,-2.398916065482276,0.46601750831478134,27.574075902194217,Software—Application,Technology,WFCF
2012Q4,2012,Q4,2013-03-06,2012-12-31,140170.0,1289740.0,114304.0,0.026,700096.0,0.5428194829965729,3364241.0,2281559.0,2103694.0,388600.0,794687.0,0.0,-1287540.0,22292771.586488713,21323748.586488713,0.42567685814384687,5.413520329387545,0.1291423533569682,0.19042505584996924,0.05245736648968353,0.42567685814384687,0.06143606192081818,17.284702022491906,39.76024039824626,9.770850364373095,0.0,0.0,0.0,0.38336730335311886,4.581989191971179,0.04166467265573424,-645.9800517672766,0.5428194829965729,1.2267121259743523,2.8307845958677125,0.7470026831330974,22.788517369261257,-0.12808103250939987,1.2028224792557205,-0.017998436412683956,2.2292871803987193,0.6531932504192762,57.67809348864952,Software—Application,Technology,WFCF
2012Q3,2012,Q3,2012-11-05,2012-09-30,63632.0,1545161.0,116399.0,0.011676408322707213,802937.0,0.5196461727936441,3327631.0,2098641.0,2125045.0,560684.0,940742.0,0.0,-1427710.0,29827888.547562685,28686004.547562685,0.3985426302767981,3.790093885325781,0.0624636565773068,0.09904314268138285,0.030680737489068393,0.3985426302767981,0.030320574123921147,19.304065108789754,117.18902654153055,14.212954263050557,0.0,0.0,0.0,0.4643426509730195,3.278895063886253,0.019122312540062286,250.2843571487773,0.5196461727936441,-0.7080897919323197,1.3160832300976382,1.333642715822784,64.95238587336216,0.0621520120959901,-0.790857578586172,-0.3332779636163681,-0.10443925968872086,0.965852556282372,12.70132600092049,Software—Application,Technology,WFCF
2012Q2,2012,Q2,2012-08-01,2012-06-30,304252.0,1397182.0,174584.0,0.04,755953.0,0.5410554959912166,3118534.0,1966056.0,1862892.0,490703.0,874566.0,0.0,-1491513.0,19000078.10900836,18307249.10900836,0.37709556837098396,3.79637377395288,0.06880476531601067,0.10913727788018246,0.13773959714275352,0.37709556837098396,0.15475245872955806,13.59885691986324,15.612122606431807,9.664057437330555,0.0,0.0,0.0,0.4480252580218782,3.250090176746423,0.09756250853766546,136.02186441545462,0.5410554959912166,-0.5,2.345651264603631,1.4435301446904931,31.798239665617626,0.3240057517264812,-0.15983354182027046,1.1079423341624206,5.179898262212234,1.1646491550405886,23.37285932258363,Software—Application,Technology,WFCF
2012Q1,2012,Q1,2012-05-15,2012-03-31,362133.0,1029284.0,82822.0,0.08,570959.0,0.5547147337372387,2896564.0,1619801.0,1734257.0,550184.0,994009.0,0.0,-1795765.0,10612966.113047285,10055198.113047285,0.31437741064422486,3.15214001134166,0.07739480294583513,0.13839909964248695,0.2050693299411082,0.31437741064422486,0.22356635166912478,10.311018254483004,7.3267046313421345,6.552018496745764,0.0,0.0,0.0,0.35534654162656165,2.637194102336673,0.12502157728950578,290.8618206820677,0.5547147337372387,0.3793103448275862,2.1515963512871776,1.0187046497858363,4.972785806288859,0.04200246740542829,0.18291930030868733,-0.14570697693608944,3.263895484854655,1.1835656491223472,103.6468411738958,Software—Application,Technology,WFCF
2011Q4,2011,Q4,2012-03-26,2011-12-31,306135.0,1035386.0,96948.0,0.058,547944.0,0.5292171228894345,1806976.0,1163787.0,1740417.0,216988.0,643189.0,0.0,-2157898.0,6326960.567462933,5809785.567462933,0.22587240259847385,8.020798385164156,0.2500558944889141,0.38825403617672305,0.2246134375484342,0.22587240259847385,0.26305071288818316,6.110726402967525,5.16680595771713,5.4365279621296105,0.0,0.0,0.0,0.5729937752355316,6.817386214905893,0.16941840954168733,83.39652238766949,0.5292171228894345,0.45000000000000007,1.6405221171798632,1.0801702379303484,2.975804559676845,-0.1835659464525444,0.501029664133366,-0.5400643306481455,46.8168833914013,0.6523418665929211,6.045346289818752,Software—Application,Technology,WFCF
2011Q3,2011,Q3,2011-11-08,2011-09-30,203950.0,1250071.0,210786.0,0.04,671143.0,0.5368839049941964,1679179.0,874186.0,1601718.0,382975.0,804993.0,0.0,-2464033.0,6950770.265935275,6191431.265935275,0.1693842139987386,4.182304327958744,0.2727702049632588,0.5239502806038989,0.15822209011151345,0.1693842139987386,0.2333027525034718,5.560300387686199,8.520189097738752,7.9511342734100925,0.0,0.0,0.0,0.744453688379857,4.15344343625563,0.12145816497228705,20.739343593253373,0.5368839049941964,0.0,1.440154213556785,1.5834258422918766,26.989029610766927,-0.008941254994846411,-0.26356953030215496,-0.2570711574317204,0.2798677292789674,1.1145116176062781,4.433151425745922,Software—Application,Technology,WFCF
2011Q2,2011,Q2,2011-08-15,2011-06-30,276944.0,1125472.0,283723.0,0.04,677198.0,0.6017013306417218,1359400.0,693341.0,1265181.0,237804.0,666059.0,0.0,-2667983.0,7180527.4326770045,6728838.4326770045,0.1338695134218793,5.320267951758591,0.341391790495807,0.6693502908381301,0.2451320988155645,0.1338695134218793,0.3994340447196978,6.380014280832402,6.481930853057842,10.356415432921182,0.0,0.0,0.0,0.8279181992055319,5.243662848396158,0.203725172870384,24.128359602674102,0.6017013306417218,1.6878994614003593,1.8010856634767305,2.5092648421275063,0.9404514961351009,0.497983732715734,2.5770249150769153,2.335327863071027,5.251534032998202,0.34338727296004756,6.894012448574149,Software—Application,Technology,WFCF
2011Q1,2011,Q1,2011-05-13,2011-03-31,77423.0,821819.0,85066.0,0.014881508990355072,452073.0,0.5500882797793675,917795.0,415706.0,804812.0,192807.0,502089.0,0.0,-2944927.0,5963206.2064911295,5805417.2064911295,0.08008064584484344,4.174184547241542,0.34712108913210465,0.7663733503966745,0.11584764644038066,0.08008064584484344,0.1862446055625851,7.256106522836695,19.255280105689295,14.344768193124779,0.0,0.0,0.0,0.8954276281740475,4.036788083420208,0.08435761798658742,-60849.042923378875,0.5500882797793675,-0.3235677731656785,1.20868155190601,1.4104713745923636,-0.32213234508379596,-0.04772808179790239,-0.33288240159922794,-0.311953022631315,2.2311671194759657,0.09117526937618232,3.547932128968626,Software—Application,Technology,WFCF
2010Q4,2010,Q4,2011-03-10,2010-12-31,116056.0,871552.0,123634.0,0.022,474731.0,0.5446961282860919,899404.0,352655.0,770136.0,215062.0,546749.0,0.0,-3022350.0,13289195.52,13116936.52,0.06793464650597601,3.580995247882006,0.3789364957238349,0.9664317817697183,0.1782826127082276,0.06793464650597601,0.32909217223632165,15.24773681891614,28.626687805886817,37.68327549588124,0.0,0.0,0.0,0.9690328261826721,3.4202044061712438,0.12903656198994,284.7908518526456,0.5446961282860919,0.08851868419306837,1.565229671315696,1.2672027750158543,-0.7037862058990018,-0.031220537518111137,0.09987964024754305,0.09130549916144408,2.565102236222858,0.21892685164431824,4.477274362116924,Software—Application,Technology,WFCF
2010Q3,2010,Q3,2010-11-12,2010-09-30,105517.0,923701.0,113290.0,0.020210953031374795,490030.0,0.5305071662799975,837626.0,254958.0,695806.0,248619.0,582668.0,0.0,-3138406.0,15021771.84,14543767.84,0.04888098739755589,2.798683930029483,0.012367094622182216,0.04063022144823853,0.42699864690163086,0.04888098739755589,0.4138603220922662,16.262591293069942,35.59088071116502,58.91861341868072,0.0,0.0,0.0,1.1027606592918557,2.7397704921989066,0.12597149563170199,73.05847315101671,0.5305071662799975,0.6054956435231532,1.5043290181208842,4.306493961823331,0.0,0.13045063001462576,0.6083927809279922,0.5356774928157024,1.5291551328091242,0.4084023412773749,8.84371741047707,Software—Application,Technology,WFCF
2010Q2,2010,Q2,2010-08-12,2010-06-30,65604.0,799130.0,73772.0,0.012588606585704092,433482.0,0.5424424061166518,677904.0,145164.0,528166.0,186374.0,532740.0,0.0,-3243923.0,10829239.200000001,10888024.200000001,0.02788202517495412,2.83390387071158,0.5275201208430692,2.4634757928963102,0.14673052596405528,0.02788202517495412,0.4519302306356948,13.551286023550613,41.26745015547832,74.60003306604943,0.0,0.0,0.0,1.1788247303452997,2.567756232092459,0.09677476456843447,193.4207187254412,0.5424424061166518,0.6179596497442154,1.2852946392874876,3.887160683868775,0.0,0.21876212486715363,0.6166186146226066,0.5129614438063987,1.2905622873047051,0.3995615331888924,1.425065210926237,Software—Application,Technology,WFCF
2010Q1,2010,Q1,2010-05-13,2010-03-31,40581.0,680183.0,48760.0,0.0077805442105396356,355674.0,0.5229092758860483,621735.0,77175.0,470554.0,195921.0,544560.0,0.0,-3309526.0,12508087.2,12618096.2,0.014808019566732793,2.401753768100408,0.5802584702485786,4.674661483641075,0.1113389444264309,0.014808019566732793,0.5258309037900875,18.38929699801377,77.05630221039402,162.07434013605442,0.0,0.0,0.0,1.0940078972552616,2.087336222252847,0.06527057347583777,270.2873392830131,0.5229092758860483,1.365971035302899,1.1946628578029101,5.524749934644199,0.0,-0.1300432197357897,1.3660100654797338,1.477145736904424,1.1275808802011382,0.3188457569617859,-0.7186657625743949,Software—Application,Technology,WFCF
2009Q4,2009,Q4,2010-03-31,2009-12-31,-110874.0,758589.0,-102191.0,-0.02126,408841.0,0.5389492861088152,619310.0,37808.0,484620.0,220631.0,581502.0,0.0,-3350107.0,15009704.639999999,15164713.639999999,0.007254442549776916,2.19651816834443,0.596370153880932,9.768779094371562,-0.2509935011027985,0.007254442549776916,-2.9325539568345325,19.78634628237425,-33.84405866118296,396.9981125687685,0.0,0.0,0.0,1.2248938334598183,1.898758560673704,-0.1790282734010431,-583.1955799044177,0.5389492861088152,-2.5852969773850787,0.46214385251380236,0.9655435408391709,-0.9683686298188346,0.05564564021792455,-2.575004261605773,-2.2893136512742873,0.7706590890417994,0.5067243348501851,-0.8723073494791272,Software—Application,Technology,WFCF
2009Q3,2009,Q3,2009-11-12,2009-09-30,70396.0,778736.0,79260.0,0.01341073647605638,387290.0,0.4973315732160835,764437.0,151755.0,629123.0,249622.0,612682.0,0.0,-3239233.0,6677913.600000001,6803930.600000001,0.029087887570153646,2.5203026976788907,0.48580720190153015,2.4471615432769926,0.15151283443313632,0.029087887570153646,0.4638792791011828,8.575324114976064,23.715529291437015,44.004570524859155,0.0,0.0,0.0,1.0187052693681755,2.4847930070266244,0.09208868749157877,51.847557822653904,0.4973315732160835,0.4261581216628619,1.336385565996584,3.4726442907953365,0.0,0.10186151977171275,0.4289252004465645,0.3590768017284247,1.150289702355859,0.5920315096425924,5.4630249391540815,Software—Application,Technology,WFCF
2009Q2,2009,Q2,2009-08-04,2009-06-30,49265.0,645880.0,58319.0,0.009403400837783557,351487.0,0.5441986127454016,643114.0,80719.0,530974.0,187186.0,562395.0,0.0,-3309629.0,7512652.8,7767467.8,0.015471946207869475,2.83661171241439,0.5961042676726055,4.749352692674587,0.12566529190961942,0.015471946207869475,0.6103271844299359,11.631654177246547,38.12368212727088,93.07167829135643,0.0,0.0,0.0,1.0043009481989196,2.7061959761948007,0.07660383695581188,150.6840122751068,0.5441986127454016,1.235085020944589,1.2137989480660487,2.941802002262318,0.0,0.7731450652783664,1.304146242082258,1.378500639282446,1.1414685354685559,0.9992525500536505,-0.7757326489073851,Software—Application,Technology,WFCF
2009Q1,2009,Q1,2009-05-15,2009-03-31,-161978.0,477324.0,-154079.0,-0.04,198228.0,0.4152902431053121,609861.0,15674.0,484967.0,266869.0,594187.0,5887.0,-3358894.0,10852204.48,11156877.48,0.0030041748715741116,1.8172474135249879,0.5498302072111514,21.393390327931606,-0.43897901388627725,0.0030041748715741116,-10.334183998979201,22.73550980047096,-16.749503759769848,692.369814980222,0.0,47.40886699507389,0.0,0.7826767082991042,1.671928923928969,-0.2655982264811162,-67.00877099387473,0.4152902431053121,-34.333333333333336,0.2238576028010855,3.5737918369585002,0.0,-0.41859755739878224,-25.985037791146073,-12.930236159504453,0.5656156329489826,0.3929744947897121,-0.9745702228838448,Software—Application,Technology,WFCF
2008Q4,2008,Q4,2009-03-31,2008-12-31,6483.0,634522.0,12915.0,0.0012,340948.0,0.5373304629311513,739550.0,167269.0,660182.0,272281.0,572281.0,14350.0,-3196916.0,25043548.8,25189504.8,0.03205980136489282,2.424634844149977,0.4056520857278075,1.7935182251343644,0.0276393255276939,0.03205980136489282,0.03875792884515362,39.46836957583819,965.7391948172142,149.72020398280614,0.0,20.458118466898956,0.0,0.8579839091339327,2.2504655117323646,0.008766141572577919,4351.615777584709,0.5373304629311513,-0.97,1.0314150292068003,0.642282396008244,-0.8602104244469148,0.39099995920199093,-0.9597304180383874,-0.9415052380326918,1.0314150292068003,0.642282396008244,-0.8602104244469148,Software—Application,Technology,WFCF
2008Q3,2008,Q3,2008-11-14,2008-09-30,160990.0,597262.0,220789.0,0.04,245110.0,0.41038941034252974,776186.0,162552.0,711525.0,313634.0,613634.0,12593.0,-3203399.0,20856008.0,21053780.0,0.031176052483294022,2.268647531836472,0.3865052964109118,1.8455632659087553,0.4773279544786316,0.031176052483294022,0.9903907672621685,34.91936202202719,32.38711721224921,128.30360746099709,0.0,27.96410704359565,0.0,0.76948308781658,2.0458559977553454,0.20741162556397563,-54.10848674788817,0.41038941034252974,3.6912032573594793,1.7697468189403445,2.4324057828910632,0.0,-0.43035562393384863,2.767257921093275,2.945972512644541,1.7697468189403445,2.4324057828910632,0.0,Software—Application,Technology,WFCF
2008Q2,2008,Q2,2008-08-14,2008-06-30,42734.0,808168.0,55953.0,0.008526597080876571,430286.0,0.5324214767226616,1014319.0,-113476.0,503621.0,827795.0,1127795.0,15062.0,-3364390.0,22382644.48,23062785.48,-0.022712797875794166,0.6083885503053292,0.7334970556600044,-6.556452465719624,0.08874047617537159,-0.022712797875794166,-0.3765906447178258,27.69553419586027,130.94166518463052,-197.24562444922276,0.0,25.088434470853805,0.0,0.7967592049444011,0.5660797661256712,0.042130730076041165,1343.4960672268908,0.5324214767226616,1.7038522121325699,-0.9087208176849189,-0.9193667656581072,-1.0022606820662074,0.15123608732876712,1.7057638315441783,2.146413424303891,1.1936591700028487,4.15041308840207,0.0,Software—Application,Technology,WFCF
2008Q1,2008,Q1,2008-05-15,2008-03-31,-60550.0,725175.0,-48807.0,-0.012114186662910703,373760.0,0.5154066259868307,889075.0,-157094.0,378799.0,746169.0,1046169.0,20031.0,-3407124.0,26390876.16,27087677.16,-0.031429662091218724,0.5076584527097748,0.8120799707561229,-4.595974384763263,-0.08639844505103504,-0.031429662091218724,0.3854380180019606,36.39242411831627,-108.96315507844756,-167.9941701147084,0.0,17.54355748589686,0.0,0.8156510980513455,0.4335143915118425,-0.06810449062227596,-180.19785026117236,0.5154066259868307,0.15166760063650536,0.9600330572283737,-0.9077865792290184,-1.003157753271738,-0.11719967877556804,0.15193702904843273,0.1880521036083246,0.6971453334272324,6.253384407449239,0.0,Software—Application,Technology,WFCF
2007Q4,2007,Q4,2008-03-28,2007-12-31,-71398.0,688457.0,-60111.0,-0.01428,423380.0,0.614969417116828,927610.0,-97650.0,426873.0,725260.0,1025260.0,18759.0,-3346574.0,7997235.2,8546353.2,-0.019536751901457143,0.5885792681245346,0.7761882687767488,-7.373271889400922,-0.09658712942877802,-0.019536751901457143,0.7311623143881208,11.616172397114127,-28.002308187904422,-81.8969298515105,0.0,14.130657284503439,0.0,0.7421836763294919,0.5027424647712544,-0.07696984724183654,-152.84651198348686,0.614969417116828,0.643,0.9166407939290038,-0.9369007301638419,-1.001904857991295,0.2890359784074752,0.6200698154573125,0.6700316184704564,0.6388544733794554,0.8599990409247479,-1.0851856262272808,Software—Application,Technology,WFCF
2007Q3,2007,Q3,2007-11-06,2007-09-30,-187924.0,618084.0,-182172.0,-0.04,328447.0,0.5313954090382537,1000376.0,-30633.0,501965.0,731009.0,1031009.0,20628.0,-3275176.0,14156763.84,14653559.84,-0.006231864923163117,0.6866741722742128,0.719729381752461,-23.50406424444227,-0.2642598209661907,-0.006231864923163117,6.134691345934123,22.904271652396762,-18.833097209510225,-462.14095387327393,0.0,14.040963738607717,0.0,0.6178516877654002,0.6156203275199074,-0.18785336713395764,-62.511928289139604,0.5313954090382537,0.0,0.8525174487719828,-0.9456337457414249,-1.0005972694827825,0.04300013337313357,0.1032320561947346,0.102167548865955,0.046916514929083004,2.7677400883972645,0.0,Software—Application,Technology,WFCF
2007Q2,2007,Q2,2007-08-14,2007-06-30,-209557.0,529952.0,-202902.0,-0.04,314906.0,0.5942160799468631,819046.0,55558.0,274273.0,413488.0,763488.0,22244.0,-3087252.0,19328836.0,19749167.0,0.011497433161520952,0.6633155012962891,0.6185513389968329,9.118794773029986,-0.3609199900387776,0.011497433161520952,-3.771860038158321,36.47280508423405,-23.059162900785942,347.90374023542967,0.0,9.667595756158963,0.0,0.6470356976287046,0.5456990287505321,-0.25585498250403516,-163.4228366095963,0.5942160799468631,0.3446059425968674,0.8179985922535407,-0.9663928030029512,-0.9989240161225255,0.15519442406456346,0.2790825681761106,0.2886921038239872,0.01812915249973009,2.4919226971988926,0.0,Software—Application,Technology,WFCF
2007Q1,2007,Q1,2007-05-14,2007-03-31,-290681.0,471315.0,-285252.0,-0.06103198457198707,272600.0,0.5783817616668258,963619.0,250688.0,418405.0,362931.0,712931.0,15041.0,-2877695.0,19051060.0,19353116.0,0.0526349714923999,1.1528499907695953,0.5257492847276777,2.020926410518254,-0.37666477400272014,0.0526349714923999,-1.1595329652795507,40.421077198900946,-16.384851435078314,75.99510148072504,0.0,13.211555082773751,0.0,0.48910928489371835,1.0473836624592554,-0.3016555298307734,-69.03233287314339,0.5783817616668258,0.34204415079789696,0.8071066983186187,-0.9641350974953846,-0.9951756132720414,0.19905869933361192,0.3420559436127496,0.34817272559006807,-0.5257996142996768,3.9473184412976488,0.0,Software—Application,Technology,WFCF
