Quarters,Year,Quarter,FillingDate,Date,NetIncome,Revenue,OperatingIncome,EPSDiluted,GrossProfit,GrossProfitRatio,TotalAssets,CommonStockEquity,CurrentAssets,CurrentLiability,TotalLiability,Inventory,RetainedEarnings,MarketCap,EnterpriseValue,bookValuePerShare,currentRatio,debtToAssets,debtToEquity,roic,shareholdersEquityPerShare,roe,priceToSalesRatio,peRatio,pbRatio,payoutRatio,inventoryTurnover,dividendYield,assetTurnover,quickRatio,returnOnAssets,priceToFreeCashFlowsRatio,grossProfitMargin,epsdilutedGrowth,fiveYNetIncomeGrowthPerShare,fiveYRevenueGrowthPerShare,fiveYShareholdersEquityGrowthPerShare,grossProfitGrowth,netIncomeGrowth,operatingIncomeGrowth,threeYNetIncomeGrowthPerShare,threeYRevenueGrowthPerShare,threeYShareholdersEquityGrowthPerShare,Industry,Sector,Symbol
2023Q1,2023,Q1,2023-05-10,2023-03-31,69420000.0,892812000.0,126055000.0,1.04,764168000.0,0.8559114349,11047125000.0,3335041000.0,2784650000.0,908902000.0,7712084000.0,674778000.0,803006000.0,9291077020.0,13915923020.0,52.52529372854128,3.06375164759237,0.5243678332597848,1.7369372670380965,0.01751235995972305,52.52529372854128,0.020815336303211866,10.406532416678987,33.459655070584844,2.785895891534767,0.0,0.19064640518807668,0.0,0.0808184934994399,1.9714435659730092,0.006283987915407855,29.412753398377895,0.8559114348821476,1.2729658792650917,0.42465219986585684,0.8952868894560251,0.1296090437186139,-0.05043870276691531,1.2893090672679006,0.12938341068324763,1.3876151755132773,0.47144045240225047,0.04650359119610312,Biotechnology,Healthcare,JAZZ
2022Q4,2022,Q4,2023-03-01,2022-12-31,-239951000.0,972123000.0,111614000.0,-3.81,804759000.0,0.8278366009,10835255000.0,3085734000.0,2606140000.0,933193000.0,7749521000.0,714061000.0,733586000.0,10044814120.0,14959511120.0,48.93951024551164,2.79271276145449,0.5349370180950979,1.8783793418356864,0.008797641253180529,48.93951024551164,-0.07776140133919515,10.33286335165406,-10.465484744802064,3.25524303779911,0.0,0.23438333699781952,0.0,0.0897185160847622,1.6427202090028536,-0.022145394824579577,-236.8668880137713,0.8278366009239572,-13.11111111111111,-1.9830030178019702,1.119068844152815,0.08193397601552328,-0.002765830102194448,-13.02976086066772,-0.2954150911237225,-3.9017274449898265,0.4952407054955338,-0.1124763253034089,Biotechnology,Healthcare,JAZZ
2022Q3,2022,Q3,2022-11-09,2022-09-30,-17103000.0,940652000.0,158411000.0,-0.27,806991000.0,0.8579060056,10384667000.0,2745194000.0,2571504000.0,812954000.0,7639473000.0,728074000.0,974310000.0,8368612649.999999,13343929650.0,43.72372381938361,3.1631605232276363,0.5599288836127341,2.118128991976523,0.005210318906339063,43.72372381938361,-0.006230160782808064,8.896608575753838,-122.32667733730923,3.04845947135248,0.0,0.18358161395682307,0.0,0.09058085348331343,1.8457834022589223,-0.001646947369617148,19.788959973326584,0.8579060056216327,-1.490909090909091,-1.257749104219507,1.1865580896046106,0.06432947974079663,-0.002076248655199278,-1.4933794893985288,0.024028081244262867,-1.1509477098872412,0.5791205984386544,-0.188713244072169,Biotechnology,Healthcare,JAZZ
2022Q2,2022,Q2,2022-08-03,2022-06-30,34665000.0,932878000.0,154694000.0,0.55,808670000.0,0.8668550443,11200133000.0,3200781000.0,2590833000.0,705442000.0,7999352000.0,861705000.0,993958000.0,9740640360.0,15143717360.0,51.26499135114357,3.6726378639207757,0.5459169100938355,1.910265650789604,0.02904852170562797,51.26499135114357,0.010830169261814538,10.441494343311772,70.24837992211162,3.043207379698892,0.0,0.14414213681016125,0.0,0.08329168948261596,1.9353809384754523,0.0030950525319654687,43.95397482063084,0.8668550442823177,4.978260869565219,-0.6840268089688417,1.2768937315510198,0.3998097166255324,0.15782812193512086,4.988080842978062,0.7669419410844213,-0.8797844568826075,0.586269744895136,-0.02559136064370835,Biotechnology,Healthcare,JAZZ
2022Q1,2022,Q1,2022-05-04,2022-03-31,5789000.0,813721000.0,87549000.0,0.092,698437000.0,0.858324905,11768917000.0,3608487000.0,2500856000.0,737409000.0,8160430000.0,985454000.0,959347000.0,9630524550.0,15262790550.0,58.32840863169805,3.391409651902811,0.5202773543224071,1.6968610389894712,0.008150878530499839,58.32840863169805,0.0016042734808245117,11.835167766347434,415.89758809811707,2.6688538852987413,0.0,0.11698567360830643,0.0,0.06914153613284893,1.4418416374088192,0.0004918889308166588,56.09349892537001,0.8583249049735721,1.1735849056603773,-0.9352307315544365,1.0944174175548051,0.7604484652946542,-0.08170233690693131,1.178877112752217,1.1468612064737616,-0.9371716836246484,0.4806397078650417,0.22204713886953992,Biotechnology,Healthcare,JAZZ
2021Q4,2021,Q4,2022-03-01,2021-12-31,-32363000.0,896731000.0,40780000.0,-0.53,760578000.0,0.8481673991,12298639000.0,3965191000.0,2611334000.0,809303000.0,8333448000.0,1072721000.0,830226000.0,7835482200.0,13396940200.0,64.47150545501846,3.226645644461963,0.5002916176334633,1.5517300427646488,0.0028802575128110477,64.47150545501846,-0.008161775813573672,8.737829070256298,-60.52808917591077,1.9760667771111151,0.0,0.12692303031263488,0.0,0.07291302720569325,1.4269167419371978,-0.00263142938011271,46.69870431735285,0.8481673991419947,0.3837209302325581,-1.2537377138874586,1.2031012441561195,1.058113809982777,0.09768780370938575,0.3874472394147597,0.4374845782368078,-1.1957476622369432,0.8153705123693368,0.3870358320590973,Biotechnology,Healthcare,JAZZ
2021Q3,2021,Q3,2021-11-09,2021-09-30,-52833000.0,838115000.0,28369000.0,-0.86,692891000.0,0.8267254493715063,12478152000.0,3938477000.0,2628226000.0,735053000.0,8539675000.0,1137851000.0,865577000.0,7979789640.000001,13692700640.0,64.26599112329482,3.5755598575885004,0.5116695965876998,1.621106585108914,0.0019938510473453534,64.26599112329482,-0.013414576243558107,9.521115407790102,-37.75949520186247,2.0261105092146026,0.0,0.12763006755717576,0.0,0.06716659646396357,1.5928143956966367,-0.004234040425216811,32.19721369749154,0.8267254493715063,0.8592471358428805,-1.5978862863158048,1.2089082473010728,1.2634247757833579,0.0952772372541364,0.8545811359807991,1.4076591464290846,-1.3491683567833632,0.7620631304136318,0.28382659601633314,Biotechnology,Healthcare,JAZZ
2021Q2,2021,Q2,2021-08-03,2021-06-30,-363316000.0,751811000.0,-69590000.0,-6.11,632617000.0,0.8414574939712242,13212993000.0,4131490000.0,2953964000.0,880588000.0,9081503000.0,1251259000.0,918410000.0,10560342720.0,16584277720.0,69.49754407213027,3.354535832875306,0.5233738487562962,1.6738113852387395,-0.01661773345541733,69.49754407213027,-0.08793824988079361,14.046539249891262,-7.26663752766187,2.5560615468027272,0.0,0.09525925487848638,0.0,0.056899371701778695,1.5876437107932426,-0.027496873721192465,305.946134368572,0.8414574939712242,-3.923444976076555,-4.3225425361599275,1.0072948295469972,1.4842754850163542,0.11495579775534374,-3.9821065073215576,-1.4292525860633238,-4.98361454010687,0.5206039042735937,0.4573223434040931,Biotechnology,Healthcare,JAZZ
2021Q1,2021,Q1,2021-05-04,2021-03-31,121832000.0,607581000.0,162119000.0,2.09,567392000.0,0.933854086944786,6756470000.0,3797689000.0,3166896000.0,752093000.0,2958781000.0,115475000.0,1281726000.0,9281645160.0,9435826160.0,67.25382517532053,4.210777124637511,0.3332678158861062,0.5929169028848861,0.022677695764179828,67.25382517532053,0.032080562679039804,15.276391394727616,19.04599193972027,2.4440245528267326,0.0,0.34803204156743883,0.0,0.0899258044511409,3.784783264835599,0.018031901273890063,32.81716217219592,0.933854086944786,-0.10300429184549365,0.7797431841060587,0.95789418439647,1.5581255778563727,-0.0779511180447218,-0.08681247845053743,-0.06513314957269886,1.8113563592146185,0.45027181054746424,0.4463608625463369,Biotechnology,Healthcare,JAZZ
2020Q4,2020,Q4,2021-02-23,2020-12-31,133414000.0,665517000.0,173414000.0,2.33,615360000.0,0.9246345322508667,6535901000.0,3659745000.0,2839568000.0,653745000.0,2876156000.0,95396000.0,1159894000.0,9232071750.0,10423632750.0,65.42853311879861,4.343540677175351,0.3441499496396901,0.6146138597088049,0.02647282911508811,65.42853311879861,0.03645445242769647,13.87202994063262,17.29966823196966,2.522599730309079,0.0,0.5257767621283911,0.0,0.10182482874205102,3.868877008619569,0.020412487888050935,63.165875844987546,0.9246345322508667,-0.11742424242424244,0.7721915106245483,1.1463044917536407,1.516711866505258,0.10123068828707589,-0.09997706329182239,-0.11616812855810445,-0.3839032516132911,0.6353029713384136,0.4464663137608204,Biotechnology,Healthcare,JAZZ
2020Q3,2020,Q3,2020-11-02,2020-09-30,148234000.0,600888000.0,196207000.0,2.64,558793000.0,0.9299453475522893,6291958000.0,3377201000.0,2555573000.0,642133000.0,2914757000.0,91404000.0,1026480000.0,7920161550.0,9420906550.0,60.80117022234224,3.979818822580369,0.3564370582257542,0.6640667819297696,0.03007938310702207,60.80117022234224,0.04389256073298569,13.180761722650477,13.357531925873955,2.345185125196872,0.0,0.4605378320423614,0.0,0.0955009553464915,3.5484954051574986,0.023559279957049935,32.39064923114674,0.9299453475522893,0.28155339805825247,0.8639467399215128,0.9497238031516912,1.389132261274872,0.04559079988323965,0.2912256861874025,-0.009685755529309632,1.5251293180014567,0.5788340894432323,0.4800312557479102,Biotechnology,Healthcare,JAZZ
2020Q2,2020,Q2,2020-08-04,2020-06-30,114801000.0,562436000.0,198126000.0,2.06,534428000.0,0.9502023341322391,6066501000.0,3141805000.0,2302346000.0,409960000.0,2924696000.0,92534000.0,878246000.0,6114270420.0,7588271420.0,56.69797700900511,5.616025953751586,0.3725513273631703,0.7193581396681207,0.0242589665514134,56.69797700900511,0.0365398234454398,10.871050964020796,13.31493284030627,1.9461011806907176,0.0,0.302677934597013,0.0,0.09271176251351479,4.995614206264026,0.018923758522416793,79.58284527977716,0.9502023341322391,1.7304964539007093,0.4386976839118648,0.86090640422712,1.397999688395805,0.05603781302549652,1.727357396742126,2.0445606672501238,0.17903883928943384,0.546729718425379,0.5481594171466871,Biotechnology,Healthcare,JAZZ
2020Q1,2020,Q1,2020-05-05,2020-03-31,-157833000.0,534726000.0,-189674000.0,-2.82,506069000.0,0.9464080669352154,5215295000.0,2808500000.0,1517637000.0,396123000.0,2406795000.0,85610000.0,770929000.0,5581051440.0,6649287440.0,50.19122167417257,3.8312266644451345,0.33935530013163206,0.6301719779241588,-0.030224251771596437,50.19122167417257,-0.056198326508812534,10.437217266413079,-8.840121267415558,1.9872000854548688,0.0,0.33473893236771407,0.0,0.10253034583853837,3.279039591238075,-0.030263484615922973,105.52386015995765,0.9464080669352154,-3.1860465116279064,-3.425809786847071,0.8785619228030433,1.3380318426560471,-0.07379866469494428,-3.1331089847551086,-4.096971181320924,-2.952367679158231,0.5216591219960719,0.5148546178498505,Biotechnology,Healthcare,JAZZ
2019Q4,2019,Q4,2020-02-25,2019-12-31,73992000.0,581740000.0,61245000.0,1.29,546392000.0,0.939237460033692,5538897000.0,3110981000.0,1630268000.0,364490000.0,2427916000.0,78608000.0,1067815000.0,8422079040.0,9555946040.0,55.141639193165304,4.472737249307251,0.3197768436567786,0.5693416321089714,0.022415032400425288,55.141639193165304,0.023784137543752276,14.477393749785127,28.456046059033408,2.707210053677602,0.0,0.4496743334011805,0.0,0.10502813105208492,3.9324288732201156,0.013358616345456506,104.41327332911816,0.939237460033692,-0.2752808988764045,-0.026067898911275807,0.9044301168130202,1.4373181700397453,0.07918199019557497,-0.27654581720051624,-0.5398676213158231,-0.36758868779861115,0.5580443385988442,0.7602779449243833,Biotechnology,Healthcare,JAZZ
2019Q3,2019,Q3,2019-11-05,2019-09-30,102276000.0,537702000.0,133103000.0,1.78,506302000.0,0.9416033416278905,5527850000.0,3054405000.0,1520556000.0,390439000.0,2473445000.0,71108000.0,1104158000.0,7262206359.999999,8236346359.999999,53.89429015068638,3.8944777545275957,0.3200729035701041,0.5792666656844786,0.024132990122633136,53.89429015068638,0.033484753986455625,13.506005854543965,17.751491943368922,2.37761736246503,0.0,0.4415818192045902,0.0,0.09727145273478839,3.4248781499798944,0.01850194922076395,27.106280923871658,0.9416033416278905,-0.6096491228070174,3.223730385684603,0.8662147672619319,1.4244978769757342,-0.00030604770000217194,-0.6094815538873912,-0.34843819603197523,0.25155601821962914,0.5324240287451166,0.8981372490823343,Biotechnology,Healthcare,JAZZ
2019Q2,2019,Q2,2019-08-06,2019-06-30,261898000.0,534133000.0,204283000.0,4.56,506457000.0,0.9481851898309972,5488661000.0,2983434000.0,1370066000.0,369493000.0,2505227000.0,68999000.0,1021879000.0,8064869540.0,9193370540.0,52.611388364752145,3.707961991160861,0.32179797586332987,0.5920157777916321,0.059321780613940264,52.611388364752145,0.08778407700656357,15.098991337363541,7.698483321751216,2.7032170110014166,0.0,0.4011072624240931,0.0,0.09731572053730408,3.2314225168000474,0.04771619161759125,75.2432223092999,0.9481851898309972,2.1020408163265305,5.296183132352682,0.9250067380705421,1.446979172379647,0.06694404651554732,2.0738841093414395,0.5274294729443784,1.5108385246460942,0.49503884479207266,0.8806590087784394,Biotechnology,Healthcare,JAZZ
2019Q1,2019,Q1,2019-05-07,2019-03-31,85201000.0,508186000.0,133743000.0,1.47,474680000.0,0.9340674477455105,5280235000.0,2730447000.0,1305617000.0,413999000.0,2549788000.0,60707000.0,819850000.0,8177025640.0,9390958640.0,47.730080760759364,3.15367186877263,0.33358344846394145,0.6450954733785347,0.021472033577431552,47.730080760759364,0.031204048274879534,16.090615719441306,23.99333822372977,2.994757136835104,0.0,0.5519297609830827,0.0,0.09624306493934455,2.7849125239432944,0.016135834863410435,59.12313828133473,0.9340674477455105,-0.44318181818181823,1.9408199752010131,1.105597945950559,1.2367414234880028,0.054563227583755446,-0.4657239606195523,-0.2772797276485369,0.22857445508371838,0.6164733642370626,0.8155032834036412,Biotechnology,Healthcare,JAZZ
2018Q4,2018,Q4,2019-02-26,2018-12-31,159470000.0,476457000.0,185055000.0,2.64,450120000.0,0.9447232384034656,5203491000.0,2757422000.0,1234005000.0,345487000.0,2446069000.0,52956000.0,841050000.0,7353679080.0,8640469080.0,46.481499587006724,3.571784177118097,0.30679634114866344,0.5789509186479255,0.041182485383081766,46.481499587006724,0.05783300488644828,15.43408760916515,11.528311092995546,2.6668674870948297,0.0,0.4973374121912531,0.0,0.0915648744275718,3.150509281101749,0.03064673312589567,33.5482651678627,0.9447232384034656,0.09543568464730288,1.999652175001436,1.1017926014636503,1.2136883513040295,0.016533461006009498,0.06800342896943395,-0.019716384940962086,0.9973251825795179,0.4488266628274937,0.7879132544692306,Biotechnology,Healthcare,JAZZ
2018Q3,2018,Q3,2018-11-06,2018-09-30,149316000.0,469373000.0,188777000.0,2.41,442799000.0,0.9433840463767622,5485788000.0,3027317000.0,1464389000.0,341287000.0,2458471000.0,43435000.0,1128218000.0,10011801800.0,11106752800.0,50.05815530127654,4.2907845889236915,0.29056336117983417,0.526528606023089,0.03617558716252405,50.05815530127654,0.049322882274964924,21.33016130028783,16.762774585442955,3.307153429918307,0.0,0.6118107516979394,0.0,0.08556163672383986,3.9364376609715577,0.027218696748762438,46.21464385123502,0.9433840463767622,0.6066666666666668,0.9061186431411674,0.9462448315640328,1.34319633671953,-0.04930812748918446,0.617356831056856,0.23223389186613488,0.7244631990483499,0.3988127407082359,0.9669942754858442,Biotechnology,Healthcare,JAZZ
2018Q2,2018,Q2,2018-08-07,2018-06-30,92321000.0,500479000.0,153199000.0,1.5,465765000.0,0.9306384483664649,5348967000.0,2869752000.0,1306931000.0,347950000.0,2479215000.0,46156000.0,1000356000.0,10368497100.0,11475117100.0,47.68851886933546,3.7560885184652966,0.2975716619676285,0.5546475793030199,0.02464845705352636,47.68851886933546,0.03217037569796972,20.717147173008257,28.07729850196597,3.6130289655691503,0.0,0.7521015685934657,0.0,0.0935655426552454,3.142756143124012,0.017259594235672047,135.73107867521927,0.9306384483664649,1.0,1.1361103022721588,1.345729374462731,1.3829796111185706,0.13409253604873703,1.0073710073710074,0.7447242247201248,0.06538236394780411,0.5248194001065706,1.0169512109852006,Biotechnology,Healthcare,JAZZ
2018Q1,2018,Q1,2018-05-08,2018-03-31,45991000.0,444613000.0,87807000.0,0.75,410694000.0,0.923711182534024,5287128000.0,2786571000.0,1126321000.0,375619000.0,2500557000.0,46384000.0,929050000.0,9048528720.0,10177520720.0,46.498648378053666,2.998573022131468,0.2992477201232881,0.5677806163919742,0.01422159849705714,46.498648378053666,0.01650451397075474,20.351471324500185,49.18640994977279,3.247191160749179,0.0,0.7312650914108313,0.0,0.08409348137590011,2.634565876593037,0.008698673457499043,58.29861941885188,0.923711182534024,-0.8021108179419525,0.03134422523685489,1.2063371444324347,1.3354575454397588,-0.0011115137747445586,-0.8019396486755352,-0.3781594136184979,-0.33999281622624195,0.45845572030961224,1.1660226016036432,Biotechnology,Healthcare,JAZZ
2017Q4,2017,Q4,2018-02-27,2017-12-31,232207000.0,436399000.0,141205000.0,3.79,411151000.0,0.942144688690854,5123672000.0,2713097000.0,968277000.0,293947000.0,2410575000.0,43245000.0,917956000.0,8076307000.0,9271310000.0,45.23336112037346,3.2940530095561447,0.30857517811444607,0.582742894927826,0.06430899463752968,45.23336112037346,0.08558743015822877,18.50670372755208,8.69515884534058,2.9767852015611678,0.0,0.5838362816510579,0.0,0.08517309460871031,2.8071863295083808,0.04532042644415958,43.03209701568086,0.942144688690854,2.6796116504854366,0.20263007691236448,1.467454103854665,1.5132065490516888,0.08012305202652291,2.6553064886817994,0.6332963194299859,1.8749509982227572,0.3437890134092741,0.9993619080573259,Biotechnology,Healthcare,JAZZ
2017Q3,2017,Q3,2017-11-07,2017-09-30,63526000.0,411855000.0,86454000.0,1.03,380652000.0,0.9242378992606621,4999024000.0,2469297000.0,830944000.0,268177000.0,2529727000.0,41344000.0,728123000.0,8790795000.0,10118093000.0,41.081004192453584,3.0984909220402943,0.3160442918457683,0.6398229941558266,0.020944089490462753,41.081004192453584,0.02572635045521053,21.344393050952398,34.595264143815136,3.560039557817468,0.0,0.7547165247678018,0.0,0.08238708195839828,2.6520954444266285,0.01270768053924126,83.28559924206537,0.9242378992606621,-0.4011627906976744,0.8363769259016706,1.2526629672492142,1.6752420303166047,0.040846125661035675,-0.39845081625695994,-0.4761728761595463,1.473577670932573,0.3477703584022367,0.848077174226711,Biotechnology,Healthcare,JAZZ
2017Q2,2017,Q2,2017-08-08,2017-06-30,105604000.0,394386000.0,165043000.0,1.72,365714000.0,0.9272996505961165,4804024000.0,2201032000.0,662504000.0,250393000.0,2602992000.0,39658000.0,690164000.0,9345550000.0,10778231000.0,36.622828618968384,2.645856713246776,0.34801949365781687,0.7595954988387266,0.0319052782163781,36.622828618968384,0.04797931152295832,23.696454742308298,22.124043596833452,4.245985519519935,0.0,0.722981491754501,0.0,0.08209492708612613,2.2283570227602207,0.02198240475068401,74.80030414599007,0.9272996505961165,0.21985815602836883,2.686591609918877,1.8850640400357908,1.5085341977265114,0.04195585034246185,0.2207002577706881,0.21230351109152343,1.395453463479769,0.34111658572685255,0.703344117112943,Biotechnology,Healthcare,JAZZ
2017Q1,2017,Q1,2017-05-09,2017-03-31,86511000.0,376053000.0,136140000.0,1.41,350988000.0,0.9333471611714306,4815824000.0,1983986000.0,752853000.0,392773000.0,2831838000.0,37653000.0,601522000.0,8690384400.0,10219077400.0,33.13269873079492,1.9167636268277097,0.3894843333145065,0.9454139293321626,0.02639279503345471,33.13269873079492,0.04360464237146835,23.109467016617337,25.11352429170857,4.380264981708541,0.0,0.6656840092422914,0.0,0.07808694836023908,1.6549762840113755,0.017963903996491566,53.98894424909608,0.9333471611714306,-0.2617801047120419,1.8143740083034463,2.123603809626374,1.285164221547154,-0.032997671951841084,-0.30391928099579185,-0.17742169373549885,1.912626257371732,0.488543736049162,0.5526745092802213,Biotechnology,Healthcare,JAZZ
2016Q4,2016,Q4,2017-02-28,2016-12-31,124283000.0,396621000.0,165504000.0,1.91,362965000.0,0.9151431719450054,4800227000.0,1877339000.0,748069000.0,257406000.0,2922888000.0,34051000.0,528907000.0,6534167900.0,8197829900.0,31.325529784748873,2.906183228052182,0.42281854587293477,1.0811180079889673,0.034871285378746016,31.325529784748873,0.06620168227475165,16.474588839219305,13.143728225099169,3.4805476794548027,0.0,0.9883997533112097,0.0,0.08262546750393263,2.5648469732640264,0.025891067234945348,36.418686530894334,0.9151431719450054,0.3546099290780142,1.6287095127202302,2.7631485400208176,6.718129057698463,0.037428187612541804,0.4261632910666131,0.2146815115997446,1.3141018013621948,0.7318914970131832,0.49188302871171685,Biotechnology,Healthcare,JAZZ
2016Q3,2016,Q3,2016-11-08,2016-09-30,87145000.0,374181000.0,136253000.0,1.41,349870000.0,0.9350287694992531,4930581000.0,1716003000.0,744229000.0,232859000.0,3214578000.0,32351000.0,315415000.0,7341886760.0,9158792760.0,28.393252477786785,3.1960499701536125,0.44284294284994,1.2724179386632775,0.026197613564309493,28.393252477786785,0.05078371075108843,19.62121743220527,21.06227196052556,4.278481308016362,0.0,0.7514759976507681,0.0,0.0758898393515896,2.8517557835428304,0.01767438766344169,61.61937372533551,0.9350287694992531,-0.21666666666666673,0.8656730465797141,2.5502182974707357,7.443501440867925,-0.020468613952029924,-0.21689940870940494,-0.19250303730701987,0.11318210451173863,0.5525344996322272,0.3290734505313682,Biotechnology,Healthcare,JAZZ
2016Q2,2016,Q2,2016-08-09,2016-06-30,111282000.0,381161000.0,168735000.0,1.8,357181000.0,0.9370869527574962,3448094000.0,1692458000.0,1230890000.0,226721000.0,1755636000.0,33291000.0,324844000.0,8549113690.0,8860299690.0,27.974974792971786,5.429095672654937,0.34197211560937724,0.696709755869865,0.04175169000542491,27.974974792971786,0.06575170550761082,22.429140678086164,19.20596702521522,5.051300351323341,0.0,0.7203147997957406,0.0,0.11054252001250546,5.064427203479166,0.03227348210344613,-386.7152345410956,0.9370869527574962,0.5126050420168068,1.2829928785179985,3.0210708864490243,10.347107526315742,0.1427195741127616,0.5013558910430242,0.39263960647727836,1.5611229854225888,0.7769812349799461,0.39790029411195843,Biotechnology,Healthcare,JAZZ
2016Q1,2016,Q1,2016-05-10,2016-03-31,74121000.0,336010000.0,121162000.0,1.19,312571000.0,0.9302431475253713,3534979000.0,1607440000.0,1270618000.0,398831000.0,1927539000.0,25369000.0,242441000.0,7982088100.000001,8186333100.000001,26.29027509731445,3.185855663175631,0.3349454126884488,0.7365904792713881,0.02974712354283074,26.29027509731445,0.046111207883342456,23.755507574179344,26.922491938856737,4.965714490120938,0.0,0.9239228980251488,0.0,0.09505289847549306,3.01969004415404,0.020967875622457728,60.24490241067521,0.9302431475253713,-0.09848484848484856,1.2417142826819019,3.3594289282937355,16.663976886085358,-0.013507926438609945,-0.10439699858629065,0.13630566080204073,0.6291542353147284,0.6343010723638769,0.3204646476711219,Biotechnology,Healthcare,JAZZ
2015Q4,2015,Q4,2016-02-23,2015-12-31,82761000.0,340881000.0,106628000.0,1.32,316851000.0,0.929506191310164,3359663000.0,1598646000.0,1257667000.0,226642000.0,1761017000.0,19451000.0,302686000.0,8643315520.0,8859033520.0,25.997625707409092,5.549134758782573,0.3585189943157989,0.753451983741241,0.03261992770776628,25.997625707409092,0.05176943488427081,25.35581484447652,26.109264991964814,5.406647575510776,0.0,1.2354120610765513,0.0,0.10146285505421228,5.287943099690261,0.02463372070353485,74.27187791087356,0.929506191310164,-0.050359712230215715,1.3881309856622357,3.508009690395564,35.93158835067771,0.01396538095984793,-0.05910641200545703,-0.18933795578262325,-0.5819094745371804,0.8799918852044453,0.4444516518191393,Biotechnology,Healthcare,JAZZ
2015Q3,2015,Q3,2015-11-09,2015-09-30,87960000.0,340872000.0,131532000.0,1.39,312487000.0,0.9167282733694759,3464300000.0,1563463000.0,1314943000.0,340192000.0,1900823000.0,30018000.0,260176000.0,8159182350.0,8450015350.0,25.449059982094898,3.86529665600602,0.3722806916260139,0.8248944810334494,0.03439212860969884,25.449059982094898,0.056259726005668184,23.936205819193127,23.190036238062756,5.218660339259707,0.0,0.9455993070824172,0.0,0.09839563548191554,3.5117668845828236,0.025390410761192736,48.018634686346864,0.9167282733694759,-0.00714285714285715,3.212672130644505,3.8308993958139363,1240.5282777529096,0.0017728109151294825,-0.0017477358876001544,-0.14200168296358145,1.4877798894033611,0.8241461067307368,0.6572719249315495,Biotechnology,Healthcare,JAZZ
2015Q2,2015,Q2,2015-08-05,2015-06-30,88114000.0,333747000.0,153301000.0,1.4,311934000.0,0.9346421091425541,3393274000.0,1446768000.0,1244910000.0,225164000.0,1946451000.0,30781000.0,181828000.0,10773723300.0,11218544300.0,23.64386337636869,5.5289033770940295,0.40269780748622125,0.9444942105437776,0.040430511716829966,23.64386337636869,0.06090402884221935,32.2811090436768,30.56756956896747,7.446752554659765,0.0,0.7086514408238849,0.0,0.09835545258060505,4.953234087154252,0.02596725168671908,84.46732863448557,0.9346421091425541,0.2499999999999998,8.985183400236778,3.772186257368462,52.37945968843065,0.11006565719471184,0.2463083451202263,0.31296944989251363,2.0212286718042667,1.397978898964075,0.6195209950351727,Biotechnology,Healthcare,JAZZ
2015Q1,2015,Q1,2015-05-07,2015-03-31,70700000.0,309303000.0,116759000.0,1.12,281005000.0,0.9085104250524566,3237593000.0,1305276000.0,1102935000.0,220582000.0,1932263000.0,30692000.0,95066000.0,10506150370.0,11067596370.0,21.467296021577884,5.000113336536979,0.415138345060667,1.0297048287105561,0.0303217786885048,21.467296021577884,0.05416478966900487,33.96717901216606,37.15046099717114,8.048987624073375,0.0,0.9219992180372736,0.0,0.09553486185570577,4.407816594282399,0.021837210544994382,127.89762456631566,0.9085104250524566,-0.1384615384615384,23.9487572918686,3.5430268265881115,10.773192014693244,-0.06123260304542751,-0.13370582757437632,-0.10129388311178504,1.2650963322298803,1.5301589331308858,0.48060069602106875,Biotechnology,Healthcare,JAZZ
2014Q4,2014,Q4,2015-02-24,2014-12-31,81612000.0,328142000.0,129919000.0,1.3,299334000.0,0.9122087388996227,3338955000.0,1371144000.0,1015845000.0,216801000.0,1967747000.0,30037000.0,34704000.0,9923020380.0,10581406380.0,22.623898623898622,4.6856103062255245,0.4020503420980516,0.9790569043076438,0.03390483969957304,22.623898623898622,0.05952110062838039,30.24001919900531,30.39694033965593,7.237037379006144,0.0,0.9590837966507973,0.0,0.09827685608221734,4.014801592243578,0.024442377929621693,83.91773474168478,0.9122087388996227,2.1707317073170738,6.932382494561868,3.709481825248203,11.344306249839684,0.07061769018920562,2.1674299464410463,1.2385932869253566,0.7069214891647043,2.0786912191336633,4.57418088592228,Biotechnology,Healthcare,JAZZ
2014Q3,2014,Q3,2014-11-04,2014-09-30,25766000.0,306584000.0,58036000.0,0.41,279590000.0,0.9119523523732485,3347536000.0,1340523000.0,878520000.0,223743000.0,2006923000.0,37612000.0,-34666000.0,9682570800.0,10448314800.0,22.229052317386618,3.9264692079752215,0.4005286276234221,1.0001947001282336,0.011157250730030653,22.229052317386618,0.019220856337414577,31.582113874174777,93.94716680897307,7.222979986169578,0.0,0.7176964798468574,0.0,0.09158497473962939,3.4085714413411816,0.007697004602788439,207.9679281756089,0.9119523523732485,-0.41428571428571426,8.894881342807238,4.098081355832165,9.330299742190382,0.07312560931610744,-0.40983531459721934,-0.21880173910702508,-0.4471724953394429,1.915227079848277,5.6104098295121645,Biotechnology,Healthcare,JAZZ
2014Q2,2014,Q2,2014-08-05,2014-06-30,43659000.0,291230000.0,74291000.0,0.7,260538000.0,0.8946125055797823,3155749000.0,1279691000.0,544912000.0,197768000.0,1875662000.0,33098000.0,-53946000.0,8749888190.0,9678066190.0,21.500546044120366,2.7553092512438817,0.37912806119878356,0.9349389813634698,0.020778380359098684,21.500546044120366,0.034116829765935684,30.04459770628026,50.103576524886044,6.837500763856274,0.0,0.9273067859085141,0.0,0.09228553981954839,2.1693600582500707,0.013834750482373597,141.60457331973913,0.8946125055797823,1.4430379746835444,8.805521763450056,2.809052458777725,8.018913212292933,0.2062223662584782,1.4712250404749057,2.114493166714172,-0.08957119728286522,2.122927859945749,7.720973285682075,Biotechnology,Healthcare,JAZZ
2014Q1,2014,Q1,2014-05-08,2014-03-31,-92650000.0,246919000.0,-66659000.0,-1.58,215995000.0,0.8747605490059494,3196434000.0,1248893000.0,517320000.0,238009000.0,1929926000.0,36988000.0,-74118000.0,8116385680.0,9069120680.0,21.339114239825037,2.173531253019844,0.3749831843861003,0.9597371432140304,-0.033288613434654744,21.339114239825037,-0.0741856988549059,32.87064049344117,-21.90066292498651,6.498863937903407,0.0,0.8360549367362388,0.0,0.07724827104204247,1.7073387981126764,-0.028985425633690543,-135.71643502106883,0.8747605490059494,-2.7628616376761466,-2.525556413554418,4.5278805341009685,7.687547449368761,0.027906401244937682,-2.67561897527716,-1.7053937078699246,-3.9273537721293277,2.3467456403174194,13.337378338818073,Biotechnology,Healthcare,JAZZ
2013Q4,2013,Q4,2014-02-25,2013-12-31,55293000.0,235774000.0,94499000.0,0.89627,210131000.0,0.8912390679209752,2238221000.0,1295534000.0,864617000.0,204028000.0,942687000.0,28669000.0,18532000.0,7808752000.0,7722224000.0,20.997309562398705,4.2377369772776285,0.24572015006561015,0.4245168401601193,0.03241031504976437,20.997309562398705,0.04267969810132347,33.119648476931296,35.30624129636663,6.027438878485628,0.0,0.8944504517074192,0.0,0.10533991058076927,3.731394710529927,0.024703994824461034,102.60497996189476,0.8912390679209752,-0.2713252032520325,1.4391083850098971,4.440886707860099,7.30746718050479,0.010692229255247513,-0.26675860971502074,-0.06027247414478918,0.5901424160817397,2.1075019634104297,28.828262086612675,Biotechnology,Healthcare,JAZZ
2013Q3,2013,Q3,2013-11-05,2013-09-30,75409000.0,232160000.0,100560000.0,1.23,207908000.0,0.8955375603032392,2185499000.0,1243701000.0,810067000.0,203359000.0,941798000.0,24868000.0,-2674000.0,5354217490.0,5316891490.0,21.363192881804284,3.983433238755108,0.25217856425466223,0.44314188056454085,0.04506921065297729,21.363192881804284,0.06063274050595762,23.062618409717437,17.750591739712764,4.305068091124796,0.0,0.9752292102300145,0.0,0.1062274565213711,3.4507103201726994,0.03450424822889418,41.94911694192861,0.8955375603032392,0.7826086956521741,2.2137029840226683,5.066027007335251,16.10458704134275,0.13473892184847808,0.7875785231717435,0.30485557833545274,2.8111993107529947,2.4720830156367333,1041.52101329938,Biotechnology,Healthcare,JAZZ
2013Q2,2013,Q2,2013-08-06,2013-06-30,42185000.0,208252000.0,77066000.0,0.69,183221000.0,0.87980427558919,2093880000.0,1175453000.0,734176000.0,184346000.0,918427000.0,28130000.0,-29264000.0,4101017339.9999995,4149006339.9999995,20.012138856257554,3.982597940828659,0.2637667870174031,0.46985800368028324,0.02860094184398929,20.012138856257554,0.03588829157780022,19.692571211801084,24.303765200900795,3.4888824478732876,0.0,0.8898329185922502,0.0,0.09945746652148166,3.3544638885573868,0.020146808795155405,796.0049184782608,0.87980427558919,-0.028169014084507067,1.3302785423186343,4.443627350077411,14.404351858069928,0.08403888366259016,-0.028554979850316638,0.13021543696012436,4.982600317245755,2.1021149606501686,44.48751577849281,Biotechnology,Healthcare,JAZZ
2013Q1,2013,Q1,2013-05-07,2013-03-31,43425000.0,196237000.0,68187000.0,0.71,169017000.0,0.8612901746357721,2009690000.0,1161900000.0,647372000.0,243725000.0,847790000.0,22830000.0,-17871000.0,3219610860.0,3220261860.0,19.909866684944653,2.656157554620987,0.22449332981703646,0.388296755314571,0.030063577734941897,19.909866684944653,0.03737412858249419,16.40674724949933,18.535468393782384,2.7709879163439193,0.0,1.1922908453788874,0.0,0.09764540799824849,2.2334352241255515,0.021607810159775885,50.744887228710574,0.8612901746357721,-0.7794962576477531,1.3782379949525556,4.455732120266015,36.99388882017689,0.07013422818791946,-0.7834715359185445,0.011991866902150521,14.9659196570181,2.0030784186710955,10.064157400322928,Biotechnology,Healthcare,JAZZ
2012Q4,2012,Q4,2013-02-26,2012-12-31,200551000.0,183703000.0,67379000.0,3.2199,157940000.0,0.859757325683304,1966493000.0,1121292000.0,551572000.0,191538000.0,845201000.0,26525000.0,-61296000.0,3317481230.0,3387046230.0,17.998266452648476,2.879700111727177,0.23227186671907807,0.40735241132550665,0.12353496022258516,17.998266452648476,0.17885706845317723,18.058938776176763,4.1354583497464485,2.9586238285834554,0.0,0.9712723845428841,0.0,0.09341655424148472,2.4155833307228853,0.10198409045951345,33.986407716264395,0.859757325683304,4.854363636363637,2.27112757491751,3.5153328021251644,6.756744888852358,0.10535671794297552,5.039055677677738,0.21842676311030743,17.962781165074073,1.5648095847994532,9.229332320104275,Biotechnology,Healthcare,JAZZ
2012Q3,2012,Q3,2012-11-09,2012-09-30,33209000.0,175515000.0,55300000.0,0.55,142886000.0,0.8140956613394866,1726699000.0,886087000.0,385012000.0,178572000.0,840612000.0,30300000.0,-261847000.0,3362353810.0,3634910810.0,15.355995355527442,2.156060300607038,0.2677652561332346,0.5217884925520857,0.02966019815043457,15.355995355527442,0.03747826116397148,19.157073811355154,25.312067587099882,3.794609118517708,0.0,1.0768646864686469,0.0,0.10164771045793158,1.5573382165177072,0.019232651434905563,83.23894167450611,0.8140956613394866,0.2222222222222223,1.7037057358012175,2.3528915181799923,2.25447010529761,0.2515306256514465,0.22339289003499724,0.5595476465777377,11.634310379739446,2.0501868393140446,6.754633275624321,Biotechnology,Healthcare,JAZZ
2012Q2,2012,Q2,2012-08-07,2012-06-30,27145000.0,129539000.0,35459000.0,0.45,114169000.0,0.8813484742046797,1697944000.0,831459000.0,300442000.0,192318000.0,866485000.0,48355000.0,-295056000.0,2563409520.0,2876806520.0,14.599294142435735,1.5622146652939402,0.2755921278911436,0.5627938358956966,0.0219560629635839,14.599294142435735,0.03264743060090756,19.78870857425177,23.60848701418309,3.0830257655518793,0.0,0.31785751214972596,0.0,0.07629167981982916,1.2098347528572468,0.01598698190281894,38.54171583220568,0.8813484742046797,-0.062499999999999944,1.0904045158044586,0.2056728131873527,-0.14481074853803083,0.16909355287949537,-0.019363462302662476,0.06852493596504444,5.3713786485830886,0.7706308620820365,5.765980284231675,Biotechnology,Healthcare,JAZZ
2012Q1,2012,Q1,2012-05-08,2012-03-31,27681000.0,108414000.0,33185000.0,0.48,97656000.0,0.9007692733410814,895360000.0,781832000.0,327140000.0,104584000.0,113528000.0,16992000.0,-322201000.0,2613647810.0,2442993810.0,14.499044934443559,3.128011932991662,0.0,0.0,0.03539144010635147,14.499044934443559,0.03540530446438621,24.10802857564521,23.60507035511723,3.3429788113047305,0.0,0.6331214689265536,0.0,0.12108425661186561,2.8719593819322267,0.03091605611150822,114.83514103690685,0.9007692733410814,-0.39199716265342577,1.3529758062331436,0.921766370691807,1.5752705808509788,0.2256947059266511,-0.26130814186214074,-0.11891992353440951,2.1432437001486697,1.6342943741153697,5.543911705044422,Biotechnology,Healthcare,JAZZ
2011Q4,2011,Q4,2012-02-28,2011-12-31,37473000.0,83536000.0,37664000.0,0.78947,79674000.0,0.9537684351656771,253573000.0,192788000.0,199131000.0,52870000.0,60785000.0,3909000.0,-349882000.0,1834925047.5,1752849047.5,4.058694736842106,3.7664270853035746,0.0,0.0,,4.058694736842106,0.19437413116998983,21.96568003615208,12.241647636298135,9.517838493578438,0.0,0.9879764645689435,0.0,0.32943570490549073,3.636693777189332,0.14777992925114267,43.920844643113604,0.9537684351656771,0.14415942028985518,1.8611006138999928,1.0287857737378656,1.3100148802373044,0.1481727000230574,0.15365433162982575,0.1174934725848564,1.3865552659308968,1.5040269671371593,2.2192078119457217,Biotechnology,Healthcare,JAZZ
2011Q3,2011,Q3,2011-11-08,2011-09-30,32482000.0,73293000.0,33704000.0,0.69,69392000.0,0.9467752718540652,207813000.0,141329000.0,152140000.0,57535000.0,66484000.0,4297000.0,-387355000.0,1744162000.0,1642947000.0,3.3627343675644807,2.6443034674545927,0.0,0.0,,3.3627343675644807,0.22983251844985814,23.79711568635477,13.424065636352442,12.341147252156317,0.0,0.9078426809401908,0.0,0.3526872717298725,2.5163118102024855,0.1563039848325177,39.13660638154647,0.9467752718540652,-0.028169014084507067,1.843593226203625,1.0117772814476682,0.0,0.13391179306175138,-0.021685440636106258,-0.0045778079683392895,1.7241742836363605,1.6527146827276018,3.3775806469010607,Biotechnology,Healthcare,JAZZ
2011Q2,2011,Q2,2011-08-03,2011-06-30,33202000.0,64567000.0,33859000.0,0.71,61197000.0,0.9478061548469032,193409000.0,101596000.0,136088000.0,81317000.0,91813000.0,4736000.0,-419837000.0,1374320067.582,1308617067.582,2.4653837753888714,1.6735491963550058,0.1897171279516465,0.36116579392889486,,2.4653837753888714,0.3268042048899563,21.285177684916444,10.348172305749653,13.527304889779124,0.0,0.7115709459459459,0.0,0.3338365846470433,1.5666465806657894,0.1716672957308088,37.94787021156395,0.9478061548469032,0.47916666666666663,1.8794298748155749,0.8074848128242568,0.0,0.27302795806290564,0.521143537820131,0.4979207219961069,1.370515376672233,1.4056337041731477,2.6513413097848817,Biotechnology,Healthcare,JAZZ
2011Q1,2011,Q1,2011-05-09,2011-03-31,21827000.0,50881000.0,22604000.0,0.48,48072000.0,0.9447927517147855,154178000.0,60073000.0,94840000.0,61441000.0,94105000.0,5017000.0,-453039000.0,1285529700.0,1261168700.0,1.4883553837768198,1.543594668055533,0.26398059385904604,0.6775090306793401,,1.4883553837768198,0.36334126812378276,25.265417346357186,14.724076831447292,21.39945899156027,0.0,0.5598963524018338,0.0,0.33001465838187033,1.4069432463664329,0.14157013322263876,55.274958077138066,0.9447927517147855,-0.1497201162049175,1.3254013154232713,0.725674568505639,0.0,-0.010558814448903983,-0.10760865121223272,-0.11478363031133738,1.2748825022860177,1.0452928586154533,1.8402203726903255,Biotechnology,Healthcare,JAZZ
2010Q4,2010,Q4,2011-03-08,2010-12-31,24459000.0,53369000.0,25535000.0,0.56452,48585000.0,0.9103599467855872,135729000.0,30551000.0,74458000.0,59936000.0,105178000.0,5046000.0,-474866000.0,854112000.0,857361000.0,0.7039400921658986,1.2422917778964229,0.35396267562569533,1.5725508166672122,,0.7039400921658986,0.8005957251808451,16.00389739361802,8.730038022813687,27.956924486923505,0.0,0.9480776852952834,0.0,0.39320263171466674,1.1157734917245061,0.18020467254602923,28.317485577879452,0.9103599467855872,0.764125,1.3564776578112105,2.0893929861063345,1.0801642081143528,0.16617061110844414,0.846938004983765,0.767984490756768,1.2225365354405675,0.8830458694617164,-0.6966216870757238,Biotechnology,Healthcare,JAZZ
2010Q3,2010,Q3,2010-11-05,2010-09-30,13243000.0,44753000.0,14443000.0,0.32,41662000.0,0.9309320045583537,108000000.0,-800000.0,44800000.0,58100000.0,108800000.0,4500000.0,-499300000.0,418094450.0,431294450.0,-0.020531245989991016,0.7710843373493976,0.33425925925925926,-45.125,,-0.020531245989991016,-16.55375,9.342266440238642,7.89274427999698,-522.6180625000001,0.0,0.6868888888888889,0.0,0.41437962962962965,0.6368330464716007,0.12262037037037037,24.350288293535236,0.9309320045583537,2.7777777777777777,1.2149785090793157,1.8849631864869087,0.0,0.10556204224604607,3.0731058234189104,0.36486486486486486,1.4155711442267467,0.26605079262845177,-1.0043512859148453,Biotechnology,Healthcare,JAZZ
2010Q2,2010,Q2,2010-08-11,2010-06-30,-6388000.0,40486000.0,10582000.0,-0.18,37684000.0,0.9307908906782592,97264000.0,-16301000.0,32083000.0,56284000.0,113565000.0,4429000.0,-512568000.0,277362090.0,316407090.0,-0.46018123817858453,0.5700198990832208,0.49986634314854417,-2.9825777559658917,,-0.46018123817858453,0.3918777989080425,6.850814849577632,-10.8548094082655,-17.015035273909575,0.0,0.6326484533754798,0.0,0.4162485606185228,0.420528036386895,-0.06567692054614246,199.39762041696622,0.9307908906782592,-5.5,0.8859322391326804,1.8708621172179944,0.0,0.16701248025765694,-5.363387978142076,0.46382625536035416,0.9657950604865365,-0.394160703469228,-1.026956238073927,Biotechnology,Healthcare,JAZZ
2010Q1,2010,Q1,2010-05-06,2010-03-31,1464000.0,35173000.0,7229000.0,0.04,32291000.0,0.9180621499445597,106706000.0,-68998000.0,38742000.0,69911000.0,175704000.0,3522000.0,-506180000.0,342390800.0,443941800.0,-2.196549089519929,0.554161719901017,1.1297302869566848,-1.747137598191252,,-2.196549089519929,-0.02121800631902374,9.734478150854349,58.468374316939894,-4.962329342879504,0.0,0.8182850653038046,0.0,0.3296253256611624,0.44274863755346083,0.013719940771840383,63.24174362763206,0.9180621499445597,-0.7663141905707775,1.0294800921079565,1.8125912813210414,0.0,-0.09044560869810152,-0.7410224659472846,-0.366432953549518,1.0320466544570204,0.07029399908873547,-1.3901435077422062,Biotechnology,Healthcare,JAZZ
2009Q4,2009,Q4,2010-03-04,2009-12-31,5653000.0,38284000.0,11410000.0,0.17117,35502000.0,0.9273325671298714,107396000.0,-72830000.0,36954000.0,59241000.0,180226000.0,3426000.0,-507644000.0,262404000.0,371074000.0,-2.187087087087087,0.6237909555881906,1.1570728891206377,-1.7062336949059453,,-2.187087087087087,-0.07761911300288343,6.854142722808484,11.604634707235096,-3.602965810792256,0.0,0.812025685931115,0.0,0.35647510149353795,0.47109265542445267,0.052636969719542626,-212.645056726094,0.9273325671298714,4.423399999999999,1.107378689695379,1.8883305544350322,0.7509360436141439,0.24695303993537285,4.380980861244019,2.0763008897276896,1.185295041332976,0.3262616098493766,0.8329439424903872,Biotechnology,Healthcare,JAZZ
2009Q3,2009,Q3,2009-11-06,2009-09-30,-1672000.0,30809000.0,3709000.0,-0.05,28471000.0,0.9241130838391379,102172000.0,-82442000.0,29144000.0,38110000.0,184614000.0,4532000.0,-513297000.0,247777900.0,353910900.0,-2.6684576792361225,0.7647336657045395,1.1584680734447794,-1.4357123796123334,,-2.6684576792361225,0.020280924771354406,8.042386964847934,-37.048130980861245,-3.0054814293685252,0.0,0.5158870255957635,0.0,0.30154053948244136,0.5623720808186827,-0.016364561719453472,-17.12119264787175,0.9241130838391379,-1.7142857142857142,0.9657680671375579,1.5048527787510926,0.0,-0.17962829563463478,-1.7701520036849379,-0.538337067463281,0.9409286197042612,0.1503911374012344,0.0,Biotechnology,Healthcare,JAZZ
2009Q2,2009,Q2,2009-08-14,2009-06-30,2171000.0,37280000.0,8034000.0,0.07,34705000.0,0.9309281115879828,108574000.0,-88898000.0,32725000.0,50208000.0,197472000.0,4193000.0,-511625000.0,107377700.0,221088700.0,-3.06323007477344,0.6517885595920969,1.1925783336710447,-1.4565344552183401,,-3.06323007477344,-0.024421246822200725,2.880303111587983,12.36500460617227,-1.2078753177799277,0.0,0.614118769377534,0.0,0.3433602888352644,0.49731118546845127,0.019995579052075083,-1533.9671428571428,0.9309281115879828,1.1555555555555557,1.047318481413961,2.226683240865125,0.0,0.723786817662544,1.167154296273483,2.112280215976741,1.0816538178505162,0.48190258325005886,0.0,Biotechnology,Healthcare,JAZZ
2009Q1,2009,Q1,2009-05-07,2009-03-31,-12988000.0,22076000.0,-7223000.0,-0.45,20133000.0,0.9119858670048921,109937000.0,-92296000.0,33544000.0,168530000.0,202233000.0,4430000.0,-513796000.0,25743250.0,143356250.0,-3.1908729472774415,0.19903874681065686,1.224592266479893,-1.4586547629366386,,-3.1908729472774415,0.14072115801334836,1.166119315093314,-0.495519902987373,-0.27892053826818064,0.0,0.4386004514672686,0.0,0.20080591611559348,0.14256808876757848,-0.11814038949580215,-4.182493907392364,0.9119858670048921,0.7793501125314426,0.7159778173957254,0.9170781647988439,0.0,0.23591160220994475,0.7719002458728487,0.8603414605850848,0.7298115087598909,0.044775443883969,0.0,Biotechnology,Healthcare,JAZZ
2008Q4,2008,Q4,2009-03-26,2008-12-31,-56940000.0,19595000.0,-51719000.0,-2.03943,16290000.0,0.8313345241132942,117498000.0,-92878000.0,43999000.0,173491000.0,210376000.0,4788000.0,-500808000.0,53847000.0,151353000.0,-3.3289605734767025,0.25360969733300287,1.0417964561098911,-1.3179547363207649,,-3.3289605734767025,0.6130622967764163,2.7479969379943863,-0.2364199157007376,-0.5797605460927238,0.0,0.6902673350041771,0.0,0.16676879606461387,0.18761780149978963,-0.48460399325945974,-2.0822505800464035,0.8313345241132942,-0.9060093457943923,-0.29091191018431967,0.7644724629540469,0.6209002851427737,0.3329514769658784,-0.976465687805894,-0.8641508073817762,-0.29091191018431967,0.7644724629540469,0.6209002851427737,Biotechnology,Healthcare,JAZZ
2008Q3,2008,Q3,2008-11-14,2008-09-30,-28809000.0,17746000.0,-27744000.0,-1.07,12221000.0,0.6886622337428153,179793000.0,-38179000.0,69704000.0,66440000.0,217972000.0,6264000.0,-443868000.0,133350360.00000001,200322360.0,-1.4143513373342225,1.0491270319084889,0.6500753644468917,-3.0613426229078815,,-1.4143513373342225,0.7545771235495953,7.51438972162741,-1.1571935853379154,-3.492767228057309,0.0,0.8820242656449553,0.0,0.09870239664503068,0.8668272125225768,-0.1602342694098213,-4.639080187858759,0.6886622337428153,0.5069124423963133,0.3249370262613669,0.6513002115595142,0.0,-0.040963666326610686,0.4446993060909792,0.410880366925723,0.3249370262613669,0.6513002115595142,0.0,Biotechnology,Healthcare,JAZZ
2008Q2,2008,Q2,2008-08-11,2008-06-30,-51880000.0,15539000.0,-47094000.0,-2.17,12743000.0,0.8200656412896583,186591000.0,-35619000.0,70196000.0,70303000.0,222210000.0,6219000.0,-415058000.0,176787780.0,245388780.0,-1.4929583368262218,0.998478016585352,0.6420620501524725,-3.36345770515736,,-1.4929583368262218,1.4565260113984109,11.3770371323766,-0.8519071896684657,-4.963299924197759,0.0,0.44958996623251324,0.0,0.08327840035157108,0.8239050965108174,-0.27804127744639345,-3.171763967131939,0.8200656412896583,-0.1015228426395939,-0.3754641686029663,0.6359944851219682,0.0,0.032992866407263295,-0.11068293727253264,-0.07500913075237399,-0.3754641686029663,0.6359944851219682,0.0,Biotechnology,Healthcare,JAZZ
2008Q1,2008,Q1,2008-05-15,2008-03-31,-46710000.0,14634000.0,-43808000.0,-1.97,12336000.0,0.8429684296842969,239018000.0,12442000.0,119245000.0,74722000.0,226576000.0,2200000.0,-363179000.0,214161860.0,229937860.0,0.524028134608095,1.5958486121891813,0.48760762787739836,9.367223918984086,,0.524028134608095,-3.7542195788458446,14.634540112067787,-1.146231320916292,17.21281626748111,0.0,1.0445454545454544,0.0,0.06122551439640529,1.4786943604293248,-0.19542461237228995,-4.4040853006498315,0.8429684296842969,0.2218513617601169,-0.24439318195985613,0.5481757519036446,0.0,0.011645071346563883,0.22175941352882372,0.25425575377910936,-0.24439318195985613,0.5481757519036446,0.0,Biotechnology,Healthcare,JAZZ
2007Q4,2007,Q4,2008-03-31,2007-12-31,-60020000.0,15477000.0,-58744000.0,-2.53165,12194000.0,0.7878787878787878,207554000.0,54992000.0,116091000.0,36856000.0,152562000.0,2213000.0,-316469000.0,348390000.0,324020000.0,2.320337552742616,3.149853483828956,0.3785761777657862,1.4288441955193483,,2.320337552742616,-1.0914314809426826,22.510176390773406,-1.4511412862379207,6.335285132382892,0.0,1.483506552191595,0.0,0.07456854601694017,2.939385717386586,-0.2891777561502067,-11.970519516217703,0.7878787878787878,-2.0873780487804883,-0.6018837405977969,0.6406360759493671,1.2642384267406812,-0.3758190008190008,-2.10036675448112,-2.30059557253624,-0.6018837405977969,0.6406360759493671,1.2642384267406812,Biotechnology,Healthcare,JAZZ
2007Q3,2007,Q3,2007-11-09,2007-09-30,-19359000.0,21474000.0,-17798000.0,-0.82,19536000.0,0.9097513271863649,258767000.0,111690000.0,144978000.0,31360000.0,147077000.0,3231000.0,-256449000.0,309379970.0,266866970.0,4.718431836424316,4.623022959183674,0.2993387874033397,0.693517772405766,,4.718431836424316,-0.1733279613215149,14.40718869330353,-3.9952989565576735,2.7699880920404696,0.0,0.5998142989786444,0.0,0.08298585213725089,4.383832908163265,-0.07481247608852752,-19.379852793786018,0.9097513271863649,0.8444022770398482,0.48269144269069414,1.2787104619218543,0.0,0.5523241954707986,0.5143616887840855,0.5837017285336702,0.48269144269069414,1.2787104619218543,0.0,Biotechnology,Healthcare,JAZZ
2007Q2,2007,Q2,2007-06-30,2007-06-30,-39863000.0,14264000.0,-42753000.0,-5.27,12585000.0,0.8822910824453168,276870000.0,129077000.0,161155000.0,31627000.0,147793000.0,3216000.0,-237090000.0,120976000.0,50732000.0,17.071419124454437,5.095488032377399,0.2808393831039838,0.602400117759167,,17.071419124454437,-0.30883116279430106,8.481211441390915,-0.7586985425080903,0.9372390123724599,0.0,0.5220771144278606,0.0,0.05151876331852494,4.883865052012521,-0.1439773178748149,-6.725746372380052,0.8822910824453168,-2.634482758620689,-2.334832994586084,3.738652863321118,0.0,0.04137360364087712,-1.0354881535947713,-1.1943745829697685,-2.334832994586084,3.738652863321118,0.0,Biotechnology,Healthcare,JAZZ
2007Q1,2007,Q1,2007-03-31,2007-03-31,-19584000.0,14088000.0,-19483000.0,-1.45,12085000.0,0.8578222600795002,197910000.0,75815000.0,79266000.0,21005000.0,122095000.0,2303000.0,-197227000.0,238752180.0,248618180.0,5.63010545076489,3.7736729350154725,0.39175888029912587,1.0226604233990635,,5.63010545076489,-0.2583129987469498,16.947201873935263,-3.0477964154411765,3.149141726571259,0.0,0.8697351280937907,0.0,0.07118387145672275,3.5150678409902403,-0.09895407003183265,-11.269869247108803,0.8578222600795002,-0.5826943341168842,0.08008830851613502,1.627867935086737,0.0,0.0,-0.5874199562292292,0.8248482941520205,0.08008830851613502,1.627867935086737,0.0,Biotechnology,Healthcare,JAZZ
