Quarters,Year,Quarter,FillingDate,Date,NetIncome,Revenue,OperatingIncome,EPSDiluted,GrossProfit,GrossProfitRatio,TotalAssets,CommonStockEquity,CurrentAssets,CurrentLiability,TotalLiability,Inventory,RetainedEarnings,MarketCap,EnterpriseValue,bookValuePerShare,currentRatio,debtToAssets,debtToEquity,roic,shareholdersEquityPerShare,roe,priceToSalesRatio,peRatio,pbRatio,payoutRatio,inventoryTurnover,dividendYield,assetTurnover,quickRatio,returnOnAssets,priceToFreeCashFlowsRatio,grossProfitMargin,epsdilutedGrowth,fiveYNetIncomeGrowthPerShare,fiveYRevenueGrowthPerShare,fiveYShareholdersEquityGrowthPerShare,grossProfitGrowth,netIncomeGrowth,operatingIncomeGrowth,threeYNetIncomeGrowthPerShare,threeYRevenueGrowthPerShare,threeYShareholdersEquityGrowthPerShare,Industry,Sector,Symbol
2023Q4,2023,Q4,2023-05-17,2023-02-28,-1919700.0,14980400.0,16804800.0,-0.23,9053800.0,0.6043763851,99936800.0,45231800.0,63551600.0,54118200.0,54705000.0,59086500.0,42020200.0,30927577.44,75767877.44,5.382025938595468,1.1743110450828003,0.45558192777835593,1.0065794418970724,0.13630408029924432,5.382025938595468,-0.042441379737264494,2.0645361565779288,-4.027657634005314,0.6837573883860469,-0.4535604521539824,0.10030379189831856,0.028152867830956756,0.14989873600115272,0.06644345155603845,-0.019209140176591605,-25.022311844660194,0.6043763851432539,-2301.0,-3.2665194760491967,-0.33583797601234466,1.1571234669383774,-0.529134595381735,-2134.0,26.924227318045862,-4.553029686315671,-0.26001925901925577,0.5326090106620932,Publishing,Communication Services,EDUC
2023Q3,2023,Q3,2023-01-06,2022-11-30,900.0,30269400.0,601800.0,0.0001,19228000.0,0.6352289771,102752300.0,46883800.0,68923700.0,21521700.0,55868500.0,60970200.0,43939900.0,24013880.02,67687180.02,5.81804039512312,3.2025211763011288,0.43140834803697825,0.9454907665334294,0.004948362057623997,5.81804039512312,1.9196396196554033e-05,0.7933384877136647,6670.5222277777775,0.5121999500893699,0.0,0.18109502675077332,0.0,0.2945861065883683,0.29488376847553865,8.75892802399557e-06,6.734877726048912,0.6352289771188064,1.001008064516129,-0.9995710503699685,-0.21080932750419668,1.4304503027543614,0.5408779831070794,1.001122334455668,2.042077922077922,-0.9996568072487354,-0.22649733140070402,0.6629857419442557,Publishing,Communication Services,EDUC
2023Q2,2023,Q2,2022-10-06,2022-08-31,-801900.0,19418300.0,-577500.0,-0.0992,12478600.0,0.6426206208,103711600.0,46624100.0,70221400.0,22715100.0,57087500.0,64274600.0,43939000.0,25619328.189999998,72623528.19,5.769019230476551,3.091397352421957,0.4612473435951234,1.0260080087336807,-0.004434274279654022,5.769019230476551,-0.017199259610373177,1.319339395827647,-7.987070766305025,0.5494868145444094,0.0,0.10796955562539479,0.0,0.18723363635311768,0.20845604905987647,-0.007732018404884314,-16.59175454309954,0.642620620754649,-4.306666666666667,-1.7819262749239302,-0.18807852364403113,1.7025995987935354,-0.18490600546069735,-4.715940685820204,-1.8575883575883576,-1.8185834697265753,-0.18270947967003504,0.7556975869205416,Publishing,Communication Services,EDUC
2023Q1,2023,Q1,2022-07-07,2022-05-31,215800.0,23160900.0,673400.0,0.03,15309400.0,0.6610019472,107677400.0,47306300.0,72983400.0,38075700.0,60371100.0,66699500.0,44740900.0,36469785.769999996,81896885.77,5.8500868183191415,1.9167973274293053,0.4350634394961245,0.9902803643489345,0.005409903778786503,5.8500868183191415,0.004561760272944618,1.57462731456895,42.249520122798884,0.7709287297886328,4.034754402224282,0.1177145255961439,0.023874557571880138,0.2150952753316852,0.1382062575343329,0.002004134572342943,-15.816543399254053,0.6610019472473004,-0.21671018276762408,-0.8218356432070035,-0.13000252078587188,1.9088412321328867,-0.00863191022295324,-0.33374498301945044,0.08403090792015454,-0.8398275450723731,-0.15029525457125306,0.7817717627194131,Publishing,Communication Services,EDUC
2022Q4,2022,Q4,2022-05-05,2022-02-28,323900.0,23314200.0,621200.0,0.0383,15442700.0,0.662373146,109933700.0,46765500.0,76514100.0,40259800.0,63168200.0,71553600.0,44525100.0,63610953.28,105924953.28,5.793218321660719,1.9005086960193542,0.388190336539205,0.9125359506473789,0.007152972506303227,5.793218321660719,0.0069260459099122216,2.728421017234132,49.09767928372954,1.3602111231570282,2.672738499536894,0.11000844122448067,0.01360929140912884,0.2120750961716016,0.09935469128013552,0.0029463212827367767,-4.512599283499926,0.6623731459797033,-0.8764516129032258,-0.4934774980272193,-0.13310954303630357,2.114210228529491,-0.5052795130546212,-0.8776165646489836,-0.8378448928450234,-0.4984487992254154,-0.1511523762302679,0.5513260338609597,Publishing,Communication Services,EDUC
2022Q3,2022,Q3,2022-01-06,2021-11-30,2646600.0,45112300.0,3830900.0,0.31,31215000.0,0.6919398922,109069800.0,46588000.0,76078300.0,39252900.0,62481800.0,69236200.0,45071900.0,73586334.89999999,101177334.89999999,5.802422699543906,1.9381574355015807,0.2612794742449331,0.6116961449300249,0.03748140352625972,5.802422699543906,0.056808620245556794,1.631181183402309,6.951025362729539,1.5795126405941444,0.32679664475175696,0.2007230321710319,0.01175354094174352,0.4136094500952601,0.14364034249698748,0.02426519531529351,15.116027793184198,0.6919398922245152,0.3478260869565217,1.1108978685622952,0.49350630665456113,2.262528642686876,0.3876108555044342,0.39426825413549677,0.6256736685762784,-0.04070446295902877,0.13726492409599741,0.8465909333453916,Publishing,Communication Services,EDUC
2022Q2,2022,Q2,2021-10-07,2021-08-31,1898200.0,32994400.0,2356500.0,0.23,22495500.0,0.6817975171544262,103003900.0,44483400.0,70930500.0,44086700.0,58520500.0,64707400.0,43290900.0,77716789.92,109372989.92,5.540621433840097,1.6088865803065324,0.31627346149029306,0.7323495955794745,0.021837583792768893,5.540621433840097,0.04267209790618523,2.3554539533981527,10.235590285533663,1.7470964431675635,0.45485196501949215,0.162251921727654,0.011109568484348948,0.3203218518910449,0.10923022135927615,0.018428428438146516,-8.504140623939948,0.6817975171544262,-0.4390243902439024,5.049145760545589,0.29335986764419464,2.3328299448467975,-0.21830912502606156,-0.44789273145051045,-0.4428682885311015,0.29823447064153846,0.3629467922654745,0.934569572981473,Publishing,Communication Services,EDUC
2022Q1,2022,Q1,2021-07-08,2021-05-31,3438100.0,40807900.0,4229700.0,0.41,28778000.0,0.7052065899004849,94649700.0,43156700.0,63743900.0,37481500.0,51493000.0,56555100.0,42286300.0,109679746.24,131394146.24,5.374926020616584,1.700676333657938,0.24797754245391163,0.5438552994088983,0.046830782786505154,5.374926020616584,0.07966549805708036,2.6877086603329254,7.97531676216515,2.5414303280834725,0.24289578546290103,0.21271114364575433,0.007613985522656512,0.43114663860529934,0.15289676240278538,0.03632446801204864,-16.890437698657138,0.7052065899004849,0.6399999999999999,4.61816419792285,0.8151735204001911,2.232908607002234,0.0059142641425016075,0.5856200710233824,0.6254947926674609,0.9274696382996955,0.3842949582397559,1.0156564171172806,Publishing,Communication Services,EDUC
2021Q4,2021,Q4,2021-05-13,2021-02-28,2168300.0,40343000.0,2602100.0,0.25,28608800.0,0.7091391319435838,88850500.0,40259800.0,58140600.0,37915300.0,48590700.0,51762400.0,39683000.0,134477048.97,148894848.97,4.823019117148314,1.5334337325565142,0.18266638904676957,0.4031316598691499,0.033148186216699606,4.823019117148314,0.05385769427567946,3.3333428096571898,15.5048942685514,3.3402314211695043,0.3854171470737444,0.22669350725623233,0.006214443329927871,0.4540548449361568,0.13606380537672128,0.024403914440549013,-3.966242809994868,0.7091391319435838,-0.5098039215686274,20.535426729002353,1.3202890592218914,1.9665998863962935,-0.3932707703727268,-0.4921538317406783,-0.526356984236776,1.5774539503921507,0.800794993074018,0.9330727569492364,Publishing,Communication Services,EDUC
2021Q3,2021,Q3,2021-01-13,2020-11-30,4269600.0,66750300.0,5493800.0,0.51,47152500.0,0.7064013195446313,112168100.0,38721300.0,84095800.0,62538900.0,73446800.0,47313800.0,38349900.0,131437221.63000001,111057721.63000001,4.6340453750201505,1.3446958612959294,0.09909056139847247,0.28704614772747816,0.0815110790869507,4.6340453750201505,0.110264892965887,1.9690881034242544,7.696108630199551,3.3944423774511705,0.11738804571856848,0.4142089622900718,0.0038132272866425467,0.595091652617812,0.5695383193500365,0.03806429813824073,13.881085420539035,0.7064013195446313,0.0,2.2934125590399104,1.6530475983704487,1.75402340630828,0.12426860846053704,0.0034312573443008227,0.00983401650644266,0.9624897751740785,0.6783702694988497,0.9358437239686493,Publishing,Communication Services,EDUC
2021Q2,2021,Q2,2020-10-13,2020-08-31,4255000.0,59250100.0,5440300.0,0.51,41940600.0,0.7078570331526867,84585600.0,34976200.0,57772900.0,37939400.0,49609400.0,30563400.0,34915800.0,127986558.48,116593858.48,4.1866535858430245,1.5227678877367592,0.1329256989369349,0.32146431001652553,0.08635824320687718,4.1866535858430245,0.12165415339573768,2.1601070458952814,7.519774293772032,3.6592471017434716,0.11779083431257344,0.56634733046716,0.003916036230307112,0.7004750217531116,0.6827756896524457,0.05030407066923921,8.174085331085225,0.7078570331526867,1.2173913043478262,5.394557116663955,3.5514592924534014,1.6665297863225377,0.5593503915051197,1.2034073843923152,1.248522421988014,3.0137289127209033,1.3965957760765433,0.9613122871237524,Publishing,Communication Services,EDUC
2021Q1,2021,Q1,2020-07-13,2020-05-31,1931100.0,38291700.0,2419500.0,0.23,26896200.0,0.7024028705959777,72374500.0,30986200.0,45368300.0,22738600.0,41388300.0,27162400.0,31161100.0,66401770.800000004,70184570.80000001,3.7098451898514733,1.9952107869437872,0.25628225410883665,0.598598731048015,0.03567611719161905,3.7098451898514733,0.06232129141359702,1.7341034950132796,8.596366164362282,2.142946563308828,0.21614623789549997,0.41953214738020206,0.006285976939639086,0.5290772302399326,0.7615244562110244,0.02668204961692309,5.3328758854426015,0.7024028705959777,2.8333333333333335,4.713575441040394,2.815737197283315,1.4046799535876504,0.9659384113850494,2.58873815275971,3.8477259066319376,0.5435414111240989,0.39255176556741855,0.8446479493735812,Publishing,Communication Services,EDUC
2020Q4,2020,Q4,2020-05-26,2020-02-29,538100.0,20161900.0,499100.0,0.06,13681100.0,0.6785620402839018,64702800.0,29392800.0,37226200.0,16386600.0,35310000.0,30087300.0,29732200.0,43189308.36,59001608.36,3.5116757771575484,2.2717464269586127,0.29074012252947323,0.6400104787567024,0.007925152983318006,3.5116757771575484,0.01830720448545222,2.142124916798516,20.065651533172275,1.4693839430064506,0.7790373536517375,0.21539985309416265,0.009706105884025784,0.31160784386456225,0.37764392857578755,0.008316487076293453,-8.612025595214357,0.6785620402839018,-0.8181818181818182,4.316538467293773,1.5340327558578155,1.2849435132657074,-0.503312797017212,-0.8033116455881277,-0.8632265490120852,-0.1884226343615485,-0.2769733592780869,0.8877411513412944,Publishing,Communication Services,EDUC
2020Q3,2020,Q3,2020-01-14,2019-11-30,2735800.0,40824600.0,3649100.0,0.33,27544700.0,0.6747083866100342,71195000.0,29411300.0,43699000.0,22677900.0,41783700.0,29673800.0,29607200.0,51196857.81,61265157.81,3.498550978748045,1.9269420889941309,0.2676761008497788,0.6479550376895955,0.05369896290669491,3.498550978748045,0.09301866969498118,1.254068816595876,4.678417447364573,1.740720668926569,0.1543606988814972,0.4475294704419387,0.008248553096114318,0.5734194817051759,0.5755912143540628,0.03842685581852658,5.054233457722494,0.6747083866100342,1.7500000000000002,3.9573979354377,2.5606468172679784,1.2428194057017274,0.6804155787110471,1.7151647479158396,1.9949934340118187,1.0840203109060802,0.29084090227959764,0.9671305189404586,Publishing,Communication Services,EDUC
2020Q2,2020,Q2,2019-10-15,2019-08-31,1007600.0,24438000.0,1218400.0,0.12,16391600.0,0.6707422866028316,68536700.0,27314400.0,41093600.0,21698700.0,41222300.0,35619700.0,27294900.0,48878370.24,68272170.24000001,3.285884353577825,1.8938277408324,0.2970758732182903,0.7454163371701373,0.018841442661425106,3.285884353577825,0.03688896699176991,2.0000969899337098,12.127424136562126,1.789472594675336,0.4058157999206034,0.22589746685120873,0.008365663543858782,0.3565680868790006,0.20579573891523456,0.014701612420790613,-90.51550044444444,0.6707422866028316,-0.2941176470588236,249.5280503908792,2.45290966415356,1.143169886531579,-0.1154593334484545,-0.2610736286300968,-0.27307439890221347,2.101275477249439,-0.07478021319064819,0.9765461148493606,Publishing,Communication Services,EDUC
2020Q1,2020,Q1,2019-07-15,2019-05-31,1363600.0,27587400.0,1676100.0,0.17,18531200.0,0.6717269478095073,66632000.0,26871400.0,39075800.0,20197300.0,39760600.0,33507900.0,26709600.0,59908871.04,78045271.03999999,3.283297524813447,1.9347041436231576,0.2932344819306039,0.7271225168766793,0.02667007068227575,3.283297524813447,0.05074540217480295,2.171602653385241,10.983585919624524,2.2294659392513974,0.3007480199471986,0.27027059290495675,0.006845396898335542,0.4140262936727098,0.22171280319646686,0.020464641613639093,-61.831841304572194,0.6717269478095073,1.4285714285714286,4.542010107233374,2.7440145015688735,1.0874371433748757,0.17020927266068023,1.4547254725472547,1.4754098360655739,1.1860424907224245,0.20387211815947098,0.9748366371191228,Publishing,Communication Services,EDUC
2019Q4,2019,Q4,2019-05-29,2019-02-28,555500.0,23625400.0,677100.0,0.07,15835800.0,0.6702870639227272,69266300.0,25930500.0,41507200.0,23523500.0,43335800.0,33445600.0,25754900.0,55897187.50000001,72474487.5,3.7343654365436545,1.7644993304567773,0.28551546711748715,0.7626771562445769,0.009736294939655905,3.7343654365436545,0.021422649004068567,2.3659784596239644,25.15625,2.1556540560344,0.7377137713771377,0.23290358074006745,0.007331316982629939,0.34108072756881774,0.2745382277297171,0.008019772963187004,-14.351747843278218,0.6702870639227272,-0.7941176470588235,3.0365573435504474,3.6061963984674352,1.3663650192448036,-0.4208039208514685,-0.8027063503338543,-0.8137378961267606,7.016530868761553,0.6334717413934853,1.2969778495016442,Publishing,Communication Services,EDUC
2019Q3,2019,Q3,2019-01-14,2018-11-30,2815600.0,40482600.0,3635200.0,0.34,27341000.0,0.6753765815436755,71747400.0,25747700.0,43620100.0,26004700.0,45999700.0,30646000.0,25609600.0,79892202.0,92055802.0,3.142235020634429,1.677392932815991,0.2788128907807112,0.7769276479064149,0.05880682602881175,3.142235020634429,0.1093534568136183,1.9734948348179218,7.0937102216223895,3.102886937474027,0.14529762750390682,0.4288194217842459,0.005120649947788396,0.5642378678530511,0.43802466477213736,0.03924323390115879,7.888484256050239,0.6753765815436755,0.8888888888888891,3.9739763889277704,3.6078898351055586,0.8918398683231724,0.6858117065290443,0.8887770845911317,0.907941006665617,1.2147248363607943,0.6407790004682383,0.8674372162165481,Publishing,Communication Services,EDUC
2019Q2,2019,Q2,2018-10-15,2018-08-31,1490700.0,24681000.0,1905300.0,0.18,16218300.0,0.6571168105020055,67245800.0,23443100.0,38804400.0,23962100.0,43802700.0,33515300.0,23612800.0,98225028.0,120229828.0,2.864007328152658,1.6194073140501042,0.33961674929884095,0.9741800359167516,0.030148060690271646,2.864007328152658,0.0635880067055978,3.979783153032697,16.472970416582815,4.1899334132431285,0.0,0.2525025883700877,0.0,0.3670266395819516,0.16669240175109862,0.022167927216272244,-17.388346049673387,0.6571168105020055,-0.18181818181818185,24.63147902697857,3.1879495170839007,0.7531860302337307,-0.20313375195306743,-0.17940107893867666,-0.18395579921192393,1.2864717428321206,0.9350358157409296,0.8241205516953013,Publishing,Communication Services,EDUC
2019Q1,2019,Q1,2018-07-16,2018-05-31,1816600.0,30022300.0,2334800.0,0.22,20352600.0,0.6779160823787651,64100900.0,21805200.0,35878100.0,22300800.0,42295700.0,27715700.0,22940100.0,92402247.0,108426347.0,2.666588400171697,1.6088256923518438,0.3191062839991326,0.9380789903325812,0.04021311038914347,2.666588400171697,0.0833104030231321,3.0777870782718177,12.716372206319498,4.2376243740025314,0.0,0.34888889690680736,0.0,0.46836003862660275,0.3230018654039317,0.028339695698500332,47.06236477538963,0.6779160823787651,1.1829654168183472,25.468527653832872,3.8632387514826663,0.5979300109779654,0.305164198821334,1.2043441329935687,2.9161355249916134,4.489982446603112,2.055809045495024,0.7284526286712695,Publishing,Communication Services,EDUC
2018Q4,2018,Q4,2018-05-29,2018-02-28,824100.0,21946000.0,596200.0,0.10078034141312603,15593900.0,0.7105577326164221,61620900.0,20402100.0,33297600.0,21150800.0,41218800.0,26618500.0,21532500.0,79131485.34899999,97114485.34899999,2.4950013390908126,1.5742950621253098,0.33602722452933986,1.0149102298292823,0.01626125173483586,2.4950013390908126,0.040392900730807126,3.6057361409368447,24.005425721696394,3.8785951127089855,0.0,0.23863478407874222,0.0,0.3561453987202394,0.26179151616014523,0.013373709244752998,-35.83042125832012,0.7105577326164221,-0.6123833022572076,4.786436721802855,2.827411445709052,0.4717673809996525,-0.45117410217786097,-0.6128077429054689,-0.8209770891511275,7.33428488144347,1.8233102294689414,0.623423541099033,Publishing,Communication Services,EDUC
2018Q3,2018,Q3,2018-01-16,2017-11-30,2128400.0,38908000.0,3330300.0,0.26,28413200.0,0.7302662691477331,63142600.0,19568300.0,35431800.0,22730900.0,43574300.0,24455900.0,20708400.0,57017388.599999994,72801588.6,2.3938117099245755,1.55875042343242,0.3472378394301153,1.1204601319480998,0.04976281008303741,2.3938117099245755,0.10876775192530777,1.4654412614372363,6.697212530539372,2.9137630044510763,0.0,0.42913162059053234,0.0,0.616192554630313,0.4388739557166676,0.03370782957939648,4.67819629304474,0.7302662691477331,1.08,2.902414574956057,3.768606039099042,0.35425728591484107,0.6216006437731498,1.0526569582409104,1.1467801198994392,2.9663002773803093,2.4898661515934437,0.5346031511983644,Publishing,Communication Services,EDUC
2018Q2,2018,Q2,2017-10-16,2017-08-31,1036900.0,24181300.0,1551300.0,0.125,17521700.0,0.7245971060282119,61811600.0,17442600.0,33919500.0,22930400.0,44369000.0,29371800.0,18580000.0,43103586.400000006,71072986.4,2.1346185476575563,1.4792371698705649,0.4594898045027147,1.6283008267116141,0.020851614110364583,2.1346185476575563,0.059446412805430386,1.782517333642112,10.392416433600154,2.4711675094309338,0.0,0.22673448682069194,0.0,0.3912097405664956,0.14948278268150578,0.016775168414990067,-26.84578126557051,0.7245971060282119,-0.16666666666666663,6.206987469470132,3.2507160801908155,0.21182415375983607,-0.10172767353634779,-0.15375826328246145,-0.1794234329542449,261.1792014638961,2.4757429360461596,0.3922736463899398,Publishing,Communication Services,EDUC
2018Q1,2018,Q1,2017-07-17,2017-05-31,1225300.0,26930800.0,1890500.0,0.15,19506000.0,0.7243008005703506,61667300.0,16451700.0,34367200.0,24662800.0,45215600.0,29726600.0,17543100.0,40287908.55,66605708.55,2.011139952808496,1.3934833027880047,0.4363025460819592,1.635429773214926,0.026953142907341805,2.011139952808496,0.07447862530923856,1.495978899624222,8.220009089610707,2.448859908094604,0.0,0.2497695666507438,0.0,0.4367111905337188,0.15553789512950678,0.019869525664331016,-69.60592354872149,0.7243008005703506,0.8935847222222221,2.3518399046511673,2.9121704799473656,0.11745904710652087,-0.07729859366795805,0.890895061728395,-0.04746309265884013,3.9823510161499596,2.6566851800660416,0.2786316824139116,Publishing,Communication Services,EDUC
2017Q4,2017,Q4,2017-05-30,2017-02-28,648000.0,27253300.0,1984700.0,0.07921483429796954,21140100.0,0.7756895495224432,66318900.0,15217400.0,39031100.0,30097100.0,51101500.0,34253100.0,16317800.0,39060865.650000006,64808865.650000006,1.860252807786916,1.296839230357742,0.39878827905770453,1.7379578640240776,0.02949038447715433,1.860252807786916,0.042582832809809824,1.4332526941691468,15.069778414351852,2.5668554187969037,0.5669753086419753,0.1784714376217043,0.00940583353405533,0.4109431851252056,0.12015111090437285,0.009770970266394648,-22.133310091795106,0.7756895495224432,-0.4889365529163256,1.302566030660594,3.4391043588652987,0.025347649630783967,-0.05495876081271374,-0.4914456129336054,0.10120401708927482,3.0165694063457713,3.5103263463650305,0.17879121529498604,Publishing,Communication Services,EDUC
2017Q3,2017,Q3,2017-01-23,2016-11-30,1274200.0,30697600.0,1802300.0,0.155,22369500.0,0.7287051756489107,70778600.0,14512300.0,42170000.0,56266300.0,56266300.0,34203500.0,15669800.0,36923239.800000004,60596139.800000004,1.7785047535292393,0.7494717086426511,0.34830584385675895,1.6987383116390924,0.028741948415876593,1.7785047535292393,0.08780138227572473,1.202805424528302,7.244396444828128,2.5442720864370227,0.2878668968764715,0.24348677766895202,0.009934122844767267,0.43371301495084674,0.08758884092254156,0.018002616610105316,25.508283108808293,0.7287051756489107,2.8749999999999996,0.678194439106039,2.372464858297628,-0.03507217784974896,0.21609059180411644,3.000627943485086,3.59535951045385,1.260418858869468,2.5087843018905387,0.07078120402641223,Publishing,Communication Services,EDUC
2017Q2,2017,Q2,2016-10-14,2016-08-31,318500.0,25893000.0,392200.0,0.04,18394600.0,0.7104082184374155,65070600.0,13547100.0,36668600.0,30441300.0,51523500.0,29428800.0,14763000.0,49301074.9,74113074.9,1.662437485718998,1.2045674790498435,0.41273632024293616,1.9824907175705502,0.005937505309780974,1.662437485718998,0.023510566837182865,1.9040310083806433,38.69786098901099,3.639234588952617,1.150392464678179,0.25479802098624477,0.007431886642293066,0.39792164203188535,0.1614549969942151,0.004894683620559823,-35.97043258426966,0.7104082184374155,-0.4666666666666666,1.4115431505389489,3.5505092989215066,-0.0783294028092222,0.14178418909524282,-0.48645598194130923,-0.5382079359472507,4.500887385353398,3.4132746834615033,0.017651787217802112,Publishing,Communication Services,EDUC
2017Q1,2017,Q1,2016-07-15,2016-05-31,620200.0,22784200.0,849300.0,0.075,16110400.0,0.7070864897604481,57882400.0,13528900.0,29731700.0,26815700.0,44353500.0,22661900.0,14811300.0,43331431.35,66472931.35,1.6625666463242739,1.1087422666572195,0.41587598302765605,1.7792946950602044,0.013944489737963011,1.6625666463242739,0.045842603611527914,1.9018193024113201,17.466716925991616,3.202879121731996,0.59061593034505,0.29449428335664707,0.00845344796116457,0.393629151521015,0.1462091237595886,0.010714828687131148,-18.284075847082157,0.7070864897604481,6.640497689463955,0.9788479638142071,2.4837393791292732,-0.09944310508804108,0.3433505382440985,6.7319778188539745,3.6148399014778323,8.080774720347417,2.7088227702381986,-0.0037213320055364315,Publishing,Communication Services,EDUC
2016Q4,2016,Q4,2016-05-26,2016-02-29,-108200.0,16949500.0,-324800.0,-0.01329669900230517,11992700.0,0.7075547951266999,49695000.0,13229500.0,22502800.0,18778100.0,36465500.0,17479500.0,14557500.0,46138819.86,66589719.86,1.6257733775507972,1.1983534010363135,0.43534762048495823,1.6353301334139612,-0.01740949842259215,1.6257733775507972,-0.008178691560527609,2.7221345679813562,-106.60540633086876,3.487570948259571,-3.376155268022181,0.2835779055464973,0.00791741100245818,0.34107053023443,0.19687827842007444,-0.002177281416641513,-1.7198201806341953,0.7075547951266999,-1.0857851548535817,-9.033945935837915,1.841837400724528,-0.13553930114525212,-0.29612043667097077,-1.0859753675009933,-1.1595441595441596,0.5004272790196136,1.9704847938982264,-0.04097838005617004,Publishing,Communication Services,EDUC
2016Q3,2016,Q3,2016-01-14,2015-11-30,1258500.0,24424200.0,2035800.0,0.155,17038000.0,0.6975868196297115,26026700.0,13648800.0,22631600.0,12377900.0,12377900.0,11373400.0,15032000.0,56091105.48,49404205.48,1.6826456029406107,1.8283876909653496,0.0,0.0,0.09232835961703854,1.6826456029406107,0.09220590821171092,2.2965380843589553,11.14245241954708,4.109599780200457,0.28955105284068333,0.6494276117959449,0.006496573688139049,0.9384286136928616,0.8438345761397329,0.04835419012014585,6.979804569323809,0.6975868196297115,0.9375,0.5541207707959802,1.4705747251243606,-0.1299291145506834,1.1219518270356441,0.9529795158286778,0.9192985764118036,1.3253839488831411,2.0167142903475956,-0.048072553932534894,Publishing,Communication Services,EDUC
2016Q2,2016,Q2,2015-10-07,2015-08-31,644400.0,12606800.0,1060700.0,0.08,8029400.0,0.6369102389186788,21531200.0,12702600.0,18510600.0,8828600.0,8828600.0,13356000.0,14138800.0,24473574.95,25511474.95,1.5700756868787573,2.0966631175950887,0.06269971018800624,0.10627745500921071,0.04681401269535138,1.5700756868787573,0.050729771857729915,1.9412995327918265,9.494714055710737,1.926658711602349,0.5012414649286158,0.342722371967655,0.013197908383221307,0.5855131158504867,0.5070113041705366,0.02992866166307498,43.19374329332862,0.6369102389186788,1.0,2.251807646436393,1.1041981595708117,-0.1768105449683801,0.3241094986807388,0.9852125693160814,0.958094886468525,3.523674345553537,1.2382377933110447,-0.10866714679367868,Publishing,Communication Services,EDUC
2016Q1,2016,Q1,2015-07-15,2015-05-31,324600.0,9637800.0,541700.0,0.04,6064000.0,0.629189234057565,19853500.0,12375500.0,17017100.0,7478000.0,7478000.0,12922000.0,13858800.0,18810792.700000003,20139392.700000003,1.5427604760111997,2.275621824017117,0.08562721938197296,0.13736818714395377,0.02349507629557351,1.5427604760111997,0.02622924326289847,1.9517724688206854,14.487671518792359,1.5200026423174822,0.9919901417128774,0.276567094876954,0.01711783257278679,0.4854458911526935,0.4586253008825889,0.016349762006699072,-521.0745900277009,0.629189234057565,2.307901030927835,0.6670398024341657,0.4796931143078858,-0.2045236136138322,0.254759145836782,2.3463917525773197,4.110377358490566,-0.09448930014561241,0.4277450535456617,-0.14278882032570459,Publishing,Communication Services,EDUC
2015Q4,2015,Q4,2015-05-28,2015-02-28,97000.0,7625300.0,106000.0,0.012092260205493626,4832800.0,0.633784900266219,18013200.0,12328300.0,15265600.0,5684900.0,5684900.0,11181000.0,13857200.0,17286677.299999997,18302777.299999997,1.5368764071277017,2.6852890991925977,0.07772078253725045,0.1135598582124056,0.005046926005821135,1.5368764071277017,0.00786807589043096,2.2670160255989926,44.55329201030927,1.4021947308225788,3.3103092783505152,0.24975404704409265,0.018574998215533302,0.4233173450580685,0.6087354219071576,0.005384939932938068,1452.6619579831931,0.633784900266219,-0.8139652276077903,-0.7303601254564439,0.17772905278428447,-0.22736077570493385,-0.2915548910095724,-0.8157294832826748,-0.879133409350057,-0.6485099308755077,0.26659401106197395,-0.15289330287526295,Publishing,Communication Services,EDUC
2015Q3,2015,Q3,2015-01-14,2014-11-30,526400.0,10936500.0,877000.0,0.065,6821700.0,0.6237553147716363,18964300.0,12508500.0,16214100.0,6455800.0,6455800.0,10393100.0,14082200.0,17160309.040000003,17912009.040000003,1.5598897396080929,2.5115555004801884,0.07382291990740497,0.11192389175360755,0.038676455728687276,1.5598897396080929,0.04208338329935644,1.5690860000914373,8.149842819148937,1.3718918367510093,0.6082826747720365,0.3959165215383283,0.018659337617616702,0.5766888311195246,0.8143220050187429,0.027757417885184266,8.821420367038504,0.6237553147716363,134.19672131147541,-0.45046388127818066,0.05447367047474697,-0.21985183932479022,0.7975020421069273,135.97435897435898,44.20618556701031,-0.2945106803418577,0.222619317220394,-0.15368176202638784,Publishing,Communication Services,EDUC
2015Q2,2015,Q2,2014-10-15,2014-08-31,-3900.0,6808200.0,19400.0,-0.000488,3795100.0,0.5574307452777533,19286500.0,12259900.0,16580600.0,7026600.0,7026600.0,11695500.0,13876900.0,19591033.0,22011133.0,1.5331889339372764,2.3596903196425014,0.1296243486376481,0.2039168345581938,-0.0006175965047596808,1.5331889339372764,-0.0003181102619107823,2.8775642607443963,-1255.8354487179488,1.597976574034046,-81.84615384615384,0.2576290026078406,0.016293168410261977,0.3530033961579343,0.6201007599692596,-0.00020221398387473103,-9.932082636248415,0.5574307452777533,-1.0162666666666667,-1.0167350184049042,0.09640171819857016,-0.2155754479038232,-0.12450401402602196,-1.016270337922403,-0.9494791666666667,-1.0300926178084635,0.21932562763822422,-0.14998598594695242,Publishing,Communication Services,EDUC
2015Q1,2015,Q1,2014-07-15,2014-05-31,239700.0,7178300.0,384000.0,0.03,4334800.0,0.6038755694245156,17881700.0,12540800.0,15240800.0,5340900.0,5340900.0,10856200.0,14201000.0,15344273.289,15515873.289,1.5728844986944888,2.8536014529386433,0.02656346991617128,0.037876371523347795,0.01824503174684048,1.5728844986944888,0.01911361316662414,2.13759153128178,16.003622537546935,1.2235482017893595,1.3274926992073426,0.26192406182642175,0.020737378304393938,0.4014327496826364,0.7148982381246607,0.013404765766118433,-26.858521423070194,0.6038755694245156,1.7637090038314174,-0.44362293296027955,0.08304785996473868,-0.18699835788728453,0.14145776279755634,1.7653256704980842,1.6337448559670782,-0.21944463328723302,0.1201817470820412,-0.14802093297666977,Publishing,Communication Services,EDUC
2014Q4,2014,Q4,2014-05-28,2014-02-28,-313200.0,5889400.0,145800.0,-0.03928197762432332,3797600.0,0.6448195062315346,16758300.0,12582400.0,14071700.0,4175900.0,4175900.0,9869400.0,14280500.0,14929670.945,14249670.945,1.5781020282895457,3.3697406547091644,0.0,0.0,0.014819276620473736,1.5781020282895457,-0.024891912512716174,2.535007122117703,-11.917042580619414,1.1865519253083674,-1.0118135376756066,0.21194804142095772,0.021226187848844114,0.35143182781069676,0.8814387317703968,-0.018689246522618642,15.042489617128464,0.6448195062315346,-1.5611711089189044,-1.6559248994149538,-0.09402404395360466,-0.23675768974040312,-0.27074411905904944,-1.5717415115005477,-0.841745359817649,-24.73440839955062,0.00778618325157138,-0.16088724229545873,Publishing,Communication Services,EDUC
2014Q3,2014,Q3,2014-01-14,2013-11-30,547800.0,8502000.0,921300.0,0.07,5207500.0,0.6125029404845919,18337300.0,13170700.0,15301100.0,5166600.0,5166600.0,9585100.0,14911900.0,12080837.01,12119537.01,1.6609413266142559,2.9615414392443773,0.027266827722729082,0.03796305435550123,0.03980753215613566,1.6609413266142559,0.041592322351887145,1.4209406033874383,5.513342921686747,0.9172509441411618,0.5821467688937568,0.3437105507506442,0.02639717759092588,0.4636451385972853,0.9906708473657725,0.029873536453021984,9.447749284429499,0.6125029404845919,13.0,-0.187207137229844,-0.1272782963442986,-0.24913114632031425,0.7050849677482728,8.712765957446809,9.915876777251185,-0.3080084020004741,-0.120276900461363,-0.14115207135650504,Publishing,Communication Services,EDUC
2014Q2,2014,Q2,2013-10-15,2013-08-31,56400.0,5715100.0,84400.0,0.005,3054100.0,0.5343913492327343,17845500.0,12967300.0,14668700.0,4878200.0,4878200.0,9888000.0,14681000.0,12184615.1,13155615.1,1.63360149964852,3.0069902833012176,0.07004566977669441,0.09639631997408867,0.0038841604089315516,1.63360149964852,0.004349401957230881,2.1320038319539467,54.00981870567375,0.9396416447525698,5.634751773049645,0.2691140776699029,0.02608207131631101,0.32025440587262893,0.8594358574884179,0.0031604606203244514,-21.234951376786338,0.5343913492327343,-0.5,-0.8316369680128166,-0.13458376783835702,-0.23060804305556898,-0.1309506871923285,-0.15315315315315314,-0.15768463073852296,-0.7099205126291657,-0.02775838496238099,-0.14350401100227594,Publishing,Communication Services,EDUC
2014Q1,2014,Q1,2013-07-15,2013-05-31,66600.0,5990500.0,100200.0,0.01,3514300.0,0.5866455220766214,17041000.0,13241800.0,13852400.0,3799200.0,3799200.0,9382100.0,14943500.0,14084685.35,14152085.35,1.6687767185370599,3.646136028637608,0.024939850947714337,0.032095334471144404,0.004659226560515402,1.6687767185370599,0.005029527707713453,2.351170244553877,52.870440503003,1.0636533817154767,4.773273273273273,0.2639281184383027,0.02257061425940907,0.3515345343583123,1.0078700779111391,0.0039082213485124116,14.224081347202585,0.5866455220766214,1.3757118371212123,-0.8703581537538319,-0.24150360320027342,-0.226168725630525,0.15708547346239957,1.3153409090909092,1.2485119047619047,-0.6542301342618505,-0.07023696875251877,-0.13954726324114708,Publishing,Communication Services,EDUC
2013Q4,2013,Q4,2013-05-28,2013-02-28,-211200.0,5564100.0,-403200.0,-0.02661614304362149,3037200.0,0.5458564727449183,17900800.0,13451800.0,14662400.0,4449000.0,4449000.0,9724700.0,15194700.0,15512991.47,16293891.47,1.6952416334952063,3.2956619465048327,0.06982928137289954,0.092924366999212,-0.01686231451562744,1.6952416334952063,-0.01570050104818686,2.7880504430186375,-18.362916039299243,1.15322793009114,-2.241950757575758,0.2598434913159275,0.030522804122962623,0.31082968358956026,0.9254888739042482,-0.011798355380765105,-62.00236398880896,0.5458564727449183,-1.4094791237480229,-1.408730731695635,-0.2350751609429835,-0.2521977105691419,-0.36898529045125905,-1.4017500475556401,-1.47362856807236,-1.5935014090959574,-0.1312419557096656,-0.1477452743618032,Publishing,Communication Services,EDUC
2013Q3,2013,Q3,2013-01-14,2012-11-30,525700.0,7864400.0,851300.0,0.065,4813200.0,0.6120238034687961,18910900.0,13927400.0,15617200.0,4983500.0,4983500.0,10018800.0,15723800.0,15206825.12,15292525.12,1.7676195910642523,3.133781478880305,0.02643977811738204,0.03590045521777216,0.036735361081029524,1.7676195910642523,0.03774573861596565,1.9336281369208075,7.231703024538709,1.0918638884501055,0.897279817386342,0.30454745079251005,0.03101896656782228,0.4158659820526786,0.9885421892244407,0.027798782712615475,21.57914732510288,0.6120238034687961,2.25,-0.4284193135183749,-0.2429631876096418,-0.20033535273815603,0.5915614046690034,2.8039073806078147,2.859020852221215,-0.4414675277955587,-0.22829188652548135,-0.11595984143808487,Publishing,Communication Services,EDUC
2013Q2,2013,Q2,2012-10-15,2012-08-31,138200.0,5464400.0,220600.0,0.02,3024200.0,0.5534367908645048,18967000.0,13826000.0,15742700.0,5141000.0,5141000.0,10981100.0,15671600.0,15501830.3,15843830.3,1.7614919962064093,3.0621863450690525,0.04086044182000316,0.05605381165919283,0.009525557443570759,1.7614919962064093,0.009995660350065095,2.8368769306785744,28.042384768451523,1.1212086142051207,3.4008683068017365,0.22221817486408466,0.030319000460223074,0.28810038487900036,0.8213771639758802,0.007286339431644435,-18.328009340269567,0.5534367908645048,-0.5555555555555556,-0.6507831906055248,-0.15666737541543538,-0.16036974905301765,-0.2657391895501008,-0.6053683609366076,-0.6056489095459421,-0.3958496884424696,-0.10348975203103099,-0.09876888649540601,Publishing,Communication Services,EDUC
2013Q1,2013,Q1,2012-07-11,2012-05-31,350200.0,6594600.0,559400.0,0.045,4118700.0,0.624556455281594,18520300.0,14103800.0,15335200.0,4416500.0,4416500.0,10277400.0,16005100.0,17279614.8,16314914.8,1.7997437651214307,3.472251783086154,0.013498701424922922,0.017725719309689587,0.0242891703643195,1.7997437651214307,0.024830187609013173,2.6202673096169593,12.335533123929183,1.225174406897432,1.3409480296973157,0.24090723334695546,0.027176531736112543,0.3560741456671868,1.0236612702366128,0.01890898095603203,17.26235244755245,0.624556455281594,0.30803115727002955,-0.42582846147511233,-0.16801912825957957,-0.12620169783115243,0.15047486033519553,0.29896142433234424,0.585151601020119,-0.17297188285119494,0.012319140777470476,-0.06973802740105076,Publishing,Communication Services,EDUC
2012Q4,2012,Q4,2012-05-25,2012-02-29,269600.0,5881400.0,352900.0,0.03440285023020305,3580000.0,0.6086986091746863,18011400.0,14217600.0,14846000.0,3793800.0,3793800.0,9854000.0,16124900.0,19434668.8,18924568.8,1.8142654430005003,3.9132268437977755,0.013880098160054187,0.017583839747918075,0.015293489799500664,1.8142654430005003,0.01896241278415485,3.304429013500187,18.021762611275964,1.366944406932253,1.7362759643916914,0.2335498274812259,0.024085823371479322,0.3265376372741708,1.142680162370183,0.014968297855802436,-129.65089259506337,0.6086986091746863,-0.6378647344189152,-0.47017570313108287,-0.1927503299464815,-0.12883027248626888,-0.32243167537285183,-0.6280866326389847,-0.6964562188198865,-0.4255460788496294,-0.07948836220335907,-0.12253826221824768,Publishing,Communication Services,EDUC
2012Q3,2012,Q3,2012-01-17,2011-11-30,724900.0,8690400.0,1162600.0,0.095,5283600.0,0.607981220657277,19056000.0,14359000.0,15953700.0,4697000.0,4697000.0,9606900.0,16324900.0,20430523.31,19361023.31,1.8431479668251336,3.3965722801788374,0.017054995801847186,0.022633888153771153,0.04918474257438663,1.8431479668251336,0.0504840169928268,2.3509301424560434,7.0459798972272045,1.4228374754509368,0.6438129397158229,0.35462011679105643,0.022843271947496677,0.45604534005037783,1.209090909090909,0.03804051217464316,23.434874179857765,0.607981220657277,5.333333333333334,-0.1236839377881915,-0.14615874467432796,-0.090392259420553,0.739915039351928,4.74405705229794,4.949846468781986,0.09477917012932906,-0.09200174282852484,-0.16676021070944855,Publishing,Communication Services,EDUC
2012Q2,2012,Q2,2011-10-17,2011-08-31,126200.0,5437100.0,195400.0,0.015,3036700.0,0.5585146493535157,18038000.0,14044800.0,15175300.0,3993200.0,3993200.0,10195900.0,16068100.0,20245071.6,19388071.6,1.8037219488025915,3.8002854853250527,0.004157888901208559,0.005340054682159945,0.008727870232506518,1.8037219488025915,0.008985532011847801,3.7235054716668814,40.10513391442155,1.4414638585099113,3.698098256735341,0.23542796614325365,0.023052524052322935,0.30142476993014744,1.0824902333967745,0.006996341057766937,-45.89678440262979,0.5585146493535157,-0.625,-0.7128431160401948,-0.1910643052961145,-0.0632709484705918,-0.20588389121338913,-0.5796135909393737,-0.5888912265937303,-0.6159529309640734,-0.1606830582763956,-0.15048488859037146,Publishing,Communication Services,EDUC
2012Q1,2012,Q1,2011-07-14,2011-05-31,300200.0,6264400.0,475300.0,0.04,3824000.0,0.6104335610752826,18644400.0,14389400.0,15827500.0,4255000.0,4255000.0,10023200.0,16408600.0,21512152.08,19743252.08,1.8461539251074317,3.719741480611046,0.004022655596318466,0.005212170069634592,0.020521256877864946,1.8461539251074317,0.02086257939872406,3.4340323223293527,17.914850166555627,1.494999936064047,1.561292471685543,0.24347513768058104,0.021787685316512508,0.3359936495676986,1.2068860164512338,0.016101349466864045,50.379747259953156,0.6104335610752826,23.16824186046512,-0.584633568098136,-0.25517431866274704,-0.014874010554549833,0.06485477987246248,22.271317829457363,2.650537634408602,-0.40508395712107303,-0.19249737094352673,-0.14391684119341588,Publishing,Communication Services,EDUC
2011Q4,2011,Q4,2011-05-27,2011-02-28,12900.0,5712800.0,130200.0,0.0016550645359699409,3591100.0,0.6286059375437614,18705000.0,14658500.0,15757800.0,4046500.0,4046500.0,10010100.0,16575100.0,25331338.5,23418138.5,1.8806793411252232,3.8941801556901026,0.00400962309542903,0.005116485315687144,0.0061620190795200125,1.8806793411252232,0.0008800354742981888,4.4341371131494185,490.9174127906977,1.7280989528260053,45.30232558139535,0.2119559245162386,0.023070237682071164,0.3054156642608928,1.2515754355615964,0.000689655172413793,-21.639619425935418,0.6286059375437614,-0.9834493546403006,-0.9760559766541981,-0.22279112483072055,0.059283989201679224,-0.40208125208125206,-0.9833955464023684,-0.8949745906267645,-0.9745840057411095,-0.2004477095295398,-0.1703977243178434,Publishing,Communication Services,EDUC
2011Q3,2011,Q3,2011-01-14,2010-11-30,776900.0,9484600.0,1239700.0,0.1,6006000.0,0.6332370368808384,20590000.0,15050000.0,17680000.0,5460000.0,5540000.0,9520000.0,17030000.0,23813317.8,20208317.8,1.933917834834422,3.238095238095238,0.0075279261777561925,0.010299003322259137,0.05074302195346078,1.933917834834422,0.05162126245847176,2.510735065263691,7.662928884026258,1.5822802524916944,0.6003346634058437,0.36539915966386555,0.019585679069045975,0.46064108790675085,1.3992673992673992,0.03773190869354055,9.636337730657171,0.6332370368808384,3.0000000000000004,0.014095355381092047,-0.05501272062942435,0.06995897485595462,0.7731459612659424,3.0846477392218716,3.658774896655393,-0.14476109012092753,-0.07561437141221128,-0.1251026346143032,Publishing,Communication Services,EDUC
2011Q2,2011,Q2,2010-10-15,2010-08-31,190200.0,5750400.0,266100.0,0.025,3387200.0,0.589037284362827,18896000.0,14810600.0,15900400.0,4010400.0,4085400.0,10165100.0,16838400.0,22130780.1,20578580.1,1.9073078223754074,3.9647915419908237,0.007938187976291278,0.010127881382253252,0.011161445407160379,1.9073078223754074,0.012842153592697123,3.84856359557596,29.088827681388015,1.4942527716635383,2.446372239747634,0.23248172669230996,0.02102501574266693,0.30431837425910246,1.290769000598444,0.010065622353937341,23.68194767255217,0.589037284362827,0.0,-0.5353029307615048,-0.18360058380006086,0.11835299729010673,-0.1477026823008404,0.010626992561105207,-0.10131712259371833,-0.5141953973123031,-0.10294620110190923,-0.09086538628441661,Publishing,Communication Services,EDUC
2011Q1,2011,Q1,2010-07-15,2010-05-31,188200.0,6295400.0,296100.0,0.025,3974200.0,0.6312863360548973,18143400.0,15036700.0,15172300.0,3031700.0,3106700.0,10300600.0,17114600.0,20739826.049999997,19706926.049999997,1.9394170617935342,5.004551901573374,0.008267469162340025,0.009975593049006764,0.012219101725051008,1.9394170617935342,0.012516044078820485,3.2944413460622037,27.550247143995747,1.3792804305465958,2.4782146652497343,0.2253460963439023,0.022488134609981458,0.3469801690973026,1.4311112577101957,0.010372917975682617,36.98916720171214,0.6312863360548973,-0.4425362381363244,-0.7564712752590861,-0.2620939160590055,0.17712561000396984,-0.00823517668197245,-0.45872878918607995,-0.3417074255224544,-0.6881187414199883,-0.19722774757412928,-0.058388550284465324,Publishing,Communication Services,EDUC
2010Q4,2010,Q4,2010-05-28,2010-02-28,347700.0,6257900.0,449800.0,0.04484596436622476,4007200.0,0.6403426069448217,19360400.0,15422100.0,16321000.0,3863300.0,3938300.0,11285300.0,17391700.0,23647278.299999997,22600378.299999997,1.989125530780428,4.224626614552326,0.007747773806326316,0.009726301865504697,0.01846197073045798,1.989125530780428,0.02254556772423989,3.7787881397913035,17.002644736842104,1.5333371136226583,1.6729939603106125,0.1994364350083737,0.024599025419343924,0.32323195801739635,1.1674992881733233,0.017959339683064398,156.50084910655193,0.6403426069448217,-0.6262836302814603,0.04816383522392482,-0.17002876127147765,0.2257709044637007,-0.38175759071834114,-0.6241487406766836,-0.6958755916159567,-0.3093455519309363,-0.13183970871370132,-0.044866365433983806,Publishing,Communication Services,EDUC
2010Q3,2010,Q3,2010-01-14,2009-11-30,925100.0,10016400.0,1479000.0,0.12,6481600.0,0.6470987580368196,20602900.0,15484500.0,17786600.0,4968400.0,5118400.0,11275400.0,17510400.0,21103130.3,19646330.3,1.9994788403500499,3.5799452540053136,0.014561056938586316,0.01937421292260002,0.05844216669890713,1.9994788403500499,0.05974361458232426,2.106857783235494,5.702932196519296,1.3628551325519067,0.0,0.31349663870017913,0.0,0.4861645690655199,1.1983938491264794,0.044901445912954,12.970577934849416,0.6470987580368196,3.0,0.14496466304325276,0.09212275485588287,0.2489317211208984,0.8241071679846903,3.1042590949423245,3.1151919866444073,0.1250063489425817,-0.010005804952075755,-0.013241767322648952,Publishing,Communication Services,EDUC
2010Q2,2010,Q2,2009-10-15,2009-08-31,225400.0,6005900.0,359400.0,0.03,3553300.0,0.5916348923558501,20228100.0,15116500.0,17371500.0,4961600.0,5111600.0,13029300.0,17167000.0,20284855.8488,20479655.8488,1.9545397066425516,3.501189132537891,0.0223649279962033,0.02992756259716204,0.01448564131785712,1.9545397066425516,0.014910858995137763,3.3774881114903677,22.498730976929902,1.3419016206661594,0.0,0.18823728059066872,0.0,0.2969087556419041,0.7676959045469204,0.011142915053811282,-18.15849597063826,0.5916348923558501,-0.4545454545454546,-0.48689106011003197,-0.08704985230335845,0.22426541155323024,-0.13130745159397614,-0.45739046701974,-0.4375586854460094,-0.48363950663243027,-0.10036986690936725,0.01505341596318584,Publishing,Communication Services,EDUC
2010Q1,2010,Q1,2009-07-15,2009-05-31,415400.0,6390600.0,639000.0,0.055,4090400.0,0.640065095609176,19591500.0,14873100.0,16799700.0,4568400.0,4718400.0,11433400.0,16941600.0,19835019.2894,18930719.2894,1.9346633723974966,3.677370633044392,0.015312763188117296,0.02017064364523872,0.026267503638640714,1.9346633723974966,0.02792961790077388,3.1037804414921917,11.937300968584497,1.3336170192764116,3.6990852190659607,0.2011825003935837,0.07746904490388734,0.3261924814332746,1.0720383504071447,0.021203072761146417,-77.99850290758947,0.640065095609176,-0.08161778887923542,-0.47545868294752885,-0.20966775122189732,0.13146109570543563,-0.04158954052344244,-0.09774109470026064,-0.04797377830750894,-0.4172719963129128,-0.22963687586336234,0.03235550571225939,Publishing,Communication Services,EDUC
2009Q4,2009,Q4,2009-05-29,2009-02-28,460400.0,6267900.0,671200.0,0.059887919576403534,4267900.0,0.6809138626972351,19941400.0,15895300.0,16984100.0,3896100.0,4046100.0,10302600.0,18062800.0,13760972.26,11164772.26,2.06762912259515,4.359256692590026,0.01504407915191511,0.018873503488452563,0.023688235978586998,2.06762912259515,0.028964536686945198,2.1954677419869495,7.472291626846221,0.8657258598453631,3.3218940052128585,0.19412575466387125,0.11114040280755569,0.31431594572096244,1.5782962449629117,0.023087646805139056,674.5574637254902,0.6809138626972351,-0.2954362402776055,0.2544874016546543,0.04763417250217324,0.16381990407967117,-0.2844136682203816,-0.2911470361816782,-0.34619131112409895,-0.13359406034970867,-0.13545126593184764,0.1645825937885526,Publishing,Communication Services,EDUC
2009Q3,2009,Q3,2009-01-14,2008-11-30,649500.0,9388200.0,1026600.0,0.085,5964200.0,0.6352868494493087,20582900.0,16903700.0,17728800.0,3679200.0,3679200.0,9132000.0,19131800.0,13373024.0,8318624.0,2.212025866400898,4.818656229615134,0.0,0.0,0.03775421763320645,2.212025866400898,0.03842354040831297,1.4244502673568948,5.147430331023864,0.7911299892922851,0.0,0.37494524748138414,0.0,0.45611648504340985,2.245297890845836,0.031555320192975723,6.862183908045977,0.6352868494493087,1.125,-0.2243682902895034,-0.02109660681684446,0.2824803651863651,0.536768874001546,1.0108359133126934,1.0023405500292568,-0.13662447391285634,-0.04743157532331213,0.22382496595146092,Publishing,Communication Services,EDUC
2009Q2,2009,Q2,2008-10-15,2008-08-31,323000.0,6367500.0,512700.0,0.04,3881000.0,0.6095013741656852,19769600.0,16250700.0,16835200.0,3518900.0,3518900.0,10661800.0,18482300.0,20244137.01,17142037.01,2.123237037902264,4.784222342209213,0.0,0.0,0.01957445157106989,2.123237037902264,0.01987606687711914,3.1792912461719673,15.66883669504644,1.245739384149606,0.0,0.2332157796994879,0.0,0.32208542408546453,1.6509988916991105,0.016338216251213986,17.40832144638404,0.6095013741656852,-0.38461538461538464,-0.3766314911730744,-0.04747811279184411,0.30312435075529603,-0.1749048621298127,-0.3266624973942047,-0.3196656050955414,-0.1993545968114106,-0.08282574624305944,0.2449634387479571,Publishing,Communication Services,EDUC
2009Q1,2009,Q1,2008-07-15,2008-05-31,479700.0,7374800.0,753600.0,0.065,4703700.0,0.6378071269729348,19060700.0,15978700.0,16098800.0,3082000.0,3082000.0,10802600.0,18159300.0,22376720.2,20386520.2,2.156512373962651,5.2234912394549,0.0,0.0,0.02945831794826863,2.156512373962651,0.03002121574345848,3.0342138363074254,11.66183041484261,1.4004093073904635,3.1821972065874506,0.24726454742376835,0.06821821903998246,0.3869112886725042,1.5932835820895523,0.02516696658569727,26.38764174528302,0.6378071269729348,-0.0018276683937822856,-0.14261824407869936,0.11524691301575053,0.3716448243866137,0.05951120621691632,-0.005803108808290156,0.16224552745219,-0.35048059793010367,-0.09547652398131382,0.3088912094721665,Publishing,Communication Services,EDUC
2008Q4,2008,Q4,2008-05-28,2008-02-29,482500.0,6792300.0,648400.0,0.06511901596731767,4439500.0,0.6536077617301945,20065000.0,16797100.0,17179900.0,3267900.0,3267900.0,11818700.0,19206100.0,21117103.5,18676803.5,2.2669650219785114,5.2571682120015915,0.0,0.0,0.023848165791011223,2.2669650219785114,0.028725196611319812,3.10897685614593,10.941504404145078,1.257187460930756,0.0,0.19907434827857548,0.0,0.3385148268128582,1.5459775390923836,0.024046847744829306,-21.745549891875193,0.6536077617301945,-0.43374768724071594,0.8611419411156084,0.33743026555406286,0.501275981240802,-0.31853068492309583,-0.4497034671532847,-0.5317397270166823,0.521996426811539,-0.057365961518643226,0.39698562125836584,Publishing,Communication Services,EDUC
2008Q3,2008,Q3,2008-01-14,2007-11-30,876800.0,9903500.0,1384700.0,0.115,6514600.0,0.6578078457111123,22263000.0,16603600.0,19160300.0,5659400.0,5659400.0,11857100.0,18723600.0,20656372.0,16955972.0,2.210451089862247,3.385570908576881,0.0,0.0,0.051989331683704,2.210451089862247,0.05280782480907755,2.085764830615439,5.889704607664234,1.2440899563949988,0.0,0.285811876428469,0.0,0.4448412163679648,1.2563345937731916,0.03938373085388312,8.805683348964106,0.6578078457111123,1.3,0.1709063994619164,0.29240157129354644,0.46632538842467525,0.66337290948551,1.3085834649815693,1.3171017402945113,0.11882706844544762,0.11328798948530722,0.3807110274954968,Publishing,Communication Services,EDUC
2008Q2,2008,Q2,2007-10-12,2007-08-31,379800.0,6218500.0,597600.0,0.05,3916500.0,0.6298142638900056,19789900.0,15803400.0,16845100.0,3986500.0,3986500.0,12064000.0,17847000.0,24481684.5,23050684.5,2.0979377460729878,4.2255361846231025,0.0,0.0,0.023668429652692998,2.0979377460729878,0.024032803067694293,3.936911554233336,16.11485288309637,1.5491403432172823,0.0,0.190815649867374,0.0,0.3142259435368547,1.1456666248588987,0.019191607840363015,36.80902796571944,0.6298142638900056,-0.33333333333333326,-0.14825279904341987,0.13017680338268925,0.48715059409100314,-0.20069797342802914,-0.3511019989748847,-0.3536664503569111,-0.1123138475636545,-0.02948238994310179,0.31408566906071067,Publishing,Communication Services,EDUC
2008Q1,2008,Q1,2007-07-23,2007-05-31,585300.0,7606400.0,924600.0,0.075,4899900.0,0.6441812158182583,18537500.0,15489200.0,15536000.0,3048300.0,3048300.0,11499100.0,17467000.0,30832828.199999996,30001128.199999996,2.0596787160770416,5.096611225929206,0.0,0.0,0.03725574027606778,2.0596787160770416,0.037787619760865636,4.053537573622212,13.16966863147104,1.9906017224905093,1.411242098069366,0.23536624605403902,0.02678962807570147,0.4103250168577208,1.2410523898566415,0.03157383681726231,92.09327419354837,0.6441812158182583,0.15504448030538232,0.09075471286988317,0.2660389936985642,0.5129362755443607,0.08058101159884044,0.19863364365787026,0.3596299030348304,-0.24445851335096094,-0.03835714234858298,0.20457458912127474,Publishing,Communication Services,EDUC
2007Q4,2007,Q4,2007-05-31,2007-02-28,488306.0,6991605.0,680038.0,0.06493256431143737,4534505.0,0.648564242402138,19701896.0,15661291.0,16707855.0,4040605.0,4040605.0,12387959.0,17707698.0,28802373.66,27548069.66,2.0825625428678642,4.1349884485120425,0.0,0.0,0.027089377162837786,2.0825625428678642,0.031179166519541716,4.1195653444380795,14.746067865232048,1.8390804219141323,0.0,0.19834582920398752,0.0,0.3548696531541939,1.016433677629959,0.024784721226830148,-16.976415725231064,0.648564242402138,-0.38159462560535834,0.970187175415321,0.5387905145803442,0.5802956557191705,-0.2913631254813318,-0.38820885087914925,-0.4733580531444963,0.3601588511003102,0.19462352691673404,0.1722255758509981,Publishing,Communication Services,EDUC
2007Q3,2007,Q3,2007-01-12,2006-11-30,798158.0,9820513.0,1291272.0,0.105,6398912.0,0.651586327516699,20986351.0,15231462.0,18013437.0,5754889.0,5754889.0,11416187.0,17219392.0,,,,,,,,,,,,,,,,,,,,,,,,,,,,,,,Publishing,Communication Services,EDUC
2007Q2,2007,Q2,2006-10-13,2006-08-31,423989.0,6484370.0,439762.0,0.055,3967870.0,0.6119129537642053,18005672.0,14464920.0,15026784.0,3540752.0,3540752.0,11091533.0,16421234.0,,,,,,,,,,,,,,,,,,,,,,,,,,,,,,,Publishing,Communication Services,EDUC
2007Q1,2007,Q1,2006-07-13,2006-05-31,696648.0,8106977.0,1087683.0,0.09,5227607.0,0.6448281523433458,17277167.0,14079428.0,14413726.0,3197739.0,3197739.0,11042925.0,15997245.0,,,,,,,,,,,,,,,,,,,,,,,,,,,,,,,Publishing,Communication Services,EDUC
