Quarters,Year,Quarter,FillingDate,Date,NetIncome,Revenue,OperatingIncome,EPSDiluted,GrossProfit,GrossProfitRatio,TotalAssets,CommonStockEquity,CurrentAssets,CurrentLiability,TotalLiability,Inventory,RetainedEarnings,MarketCap,EnterpriseValue,bookValuePerShare,currentRatio,debtToAssets,debtToEquity,roic,shareholdersEquityPerShare,roe,priceToSalesRatio,peRatio,pbRatio,payoutRatio,inventoryTurnover,dividendYield,assetTurnover,quickRatio,returnOnAssets,priceToFreeCashFlowsRatio,grossProfitMargin,epsdilutedGrowth,fiveYNetIncomeGrowthPerShare,fiveYRevenueGrowthPerShare,fiveYShareholdersEquityGrowthPerShare,grossProfitGrowth,netIncomeGrowth,operatingIncomeGrowth,threeYNetIncomeGrowthPerShare,threeYRevenueGrowthPerShare,threeYShareholdersEquityGrowthPerShare,Industry,Sector,Symbol
2023Q1,2023,Q1,2023-03-31,2023-03-31,209000000.0,10673000000.0,437000000.0,0.73,1257000000.0,0.1177738218,30654000000.0,11086000000.0,15176000000.0,12045000000.0,19165000000.0,4421000000.0,8699000000.0,15326377000.0,19672377000.0,38.74868926948619,1.2599418845994188,0.22101520193123247,0.6111311564134945,0.01771643687180062,38.74868926948619,0.01885260689157496,1.4359952215871825,18.332986842105264,1.382498376330507,0.631578947368421,2.129834878986655,0.008612602965462745,0.34817642069550464,0.8624325446243254,0.006818033535590787,-69.03773423423424,0.11777382179331022,1.212121212121212,-0.6040836537341256,0.2364758974568914,0.17810507026733635,0.07896995708154507,1.2,0.22752808988764045,-0.1544512609127104,0.30182305752776095,0.14093362849042673,Auto Parts,Consumer Cyclical,MGA
2022Q4,2022,Q4,2022-12-31,2022-12-31,95000000.0,9568000000.0,356000000.0,0.33,1165000000.0,0.1217600334,27789000000.0,10935000000.0,12525000000.0,10998000000.0,16454000000.0,4180000000.0,8639000000.0,16061862000.0,19900862000.0,38.24763903462749,1.1388434260774687,0.18255424808377416,0.46392318244170094,0.015402773403515556,38.24763903462749,0.008687700045724738,1.67870631270903,42.26805789473684,1.4688488340192045,1.3263157894736841,2.010287081339713,0.007844669565707885,0.3443088992047213,0.7296781232951446,0.0034186188779732987,31.74281027667984,0.12176003344481605,-0.6699999999999999,-0.7850911296146714,0.15816210176502393,0.22496001040720037,0.020140105078809107,-0.671280276816609,-0.1927437641723356,-0.7696667620592069,0.08645080537990912,0.07705012515569976,Auto Parts,Consumer Cyclical,MGA
2022Q3,2022,Q3,2022-09-30,2022-09-30,289000000.0,9268000000.0,441000000.0,1.0,1142000000.0,0.1232196806,26667000000.0,10441000000.0,12561000000.0,9878000000.0,15821000000.0,4108000000.0,8676000000.0,13652218000.0,17490218000.0,36.26606460576589,1.2716136869811703,0.18524768440394496,0.4731347572071641,0.019308916632151944,36.26606460576589,0.02767934105928551,1.473048985757445,11.809877162629759,1.3075584714107844,0.43252595155709345,1.97809152872444,0.009156021387879977,0.347545655679304,0.8285077951002228,0.010837364532943337,-108.35093650793651,0.12321968062149331,3.0,-0.26519521288386394,0.24781515730381087,0.21403445657268855,0.03535811423390753,2.9931034482758623,0.23184357541899442,1.8568327296184188,0.07328806930874077,0.06551926931550474,Auto Parts,Consumer Cyclical,MGA
2022Q2,2022,Q2,2022-06-30,2022-06-30,-145000000.0,9362000000.0,358000000.0,-0.5,1103000000.0,0.1178167058,27283000000.0,10960000000.0,12754000000.0,9816000000.0,15939000000.0,4064000000.0,8662000000.0,15981390000.0,19394390000.0,37.65029199587771,1.2993072534637327,0.18608657405710516,0.46322992700729926,0.03351436643579135,37.65029199587771,-0.01322992700729927,1.7070487075411236,-27.55412068965517,1.45815602189781,-0.896551724137931,2.032234251968504,0.008134461395410537,0.343144082395631,0.8585982070089649,-0.005314664809588389,173.7107608695652,0.11781670583208716,-1.3937007874015748,-1.335536544338856,0.25501391905902954,0.3246481096026614,-0.11191626409017713,-1.3825857519788918,-0.2938856015779093,-1.350881459705785,0.011257061743434386,0.041425851054422896,Auto Parts,Consumer Cyclical,MGA
2022Q1,2022,Q1,2022-03-31,2022-03-31,379000000.0,9642000000.0,507000000.0,1.27,1242000000.0,0.1288114499,28822000000.0,11637000000.0,13570000000.0,10440000000.0,16783000000.0,4258000000.0,9126000000.0,19074346000.0,22351346000.0,39.23465947403911,1.299808429118774,0.18295052390535008,0.45312365729999143,0.024656811795049468,39.23465947403911,0.0325685314084386,1.9782561709188964,12.582022427440634,1.6391119704391166,0.35092348284960423,1.972757162987318,0.0069727161287731695,0.33453611824300883,0.8622605363984674,0.0131496773298175,-328.8680344827586,0.12881144990665838,-0.20125786163522016,-0.16832980836281042,0.3229529201198732,0.44678518064377043,-0.03571428571428571,-0.20711297071129708,-0.08152173913043478,-0.62439626191472,-0.002125368471162679,0.11107907622039323,Auto Parts,Consumer Cyclical,MGA
2021Q4,2021,Q4,2021-12-31,2021-12-31,478000000.0,9110000000.0,552000000.0,1.59,1288000000.0,0.1413830955,29086000000.0,11836000000.0,13502000000.0,10401000000.0,16861000000.0,3969000000.0,9231000000.0,24257718000.0,26982718000.0,39.49282615949283,1.2981444091914238,0.19504228838616516,0.47930043933761407,0.02387218371636528,39.49282615949283,0.04038526529232849,2.6627571899012072,12.6870910041841,2.0494861439675565,0.26569037656903766,1.9707734945830184,0.005235447126559885,0.31320910403630614,0.8898182867032016,0.01643402324142199,30.246531172069826,0.14138309549945116,27.29181494661922,0.2779446112779446,0.2581946837503594,0.5485004524043564,0.24564796905222436,27.11764705882353,1.4104803493449782,0.1370859163256824,-0.02514694497858476,0.19980541860116982,Auto Parts,Consumer Cyclical,MGA
2021Q3,2021,Q3,2021-09-30,2021-09-30,17000000.0,7919000000.0,229000000.0,0.0562,1034000000.0,0.1305720419,28514000000.0,11782000000.0,13227000000.0,9372000000.0,16345000000.0,4150000000.0,9115000000.0,22624668000.0,25592668000.0,39.18190887928168,1.4113316261203586,0.20046293049028546,0.48514683415379395,0.007507689934141379,39.18190887928168,0.0014428789679171619,2.8570107336784947,332.71570588235295,1.9202739772534372,7.647058823529412,1.6590361445783133,0.005745940669715021,0.277723223679596,0.9421681604780197,0.000596198358700989,342.798,0.1305720419244854,-0.9598571428571429,-0.9564918437496075,0.152035576911116,0.548001319368232,-0.2082695252679939,-0.9599056603773585,-0.5888689407540395,-0.9652015333655887,-0.06630180096168489,0.21265483098884114,Auto Parts,Consumer Cyclical,MGA
2021Q2,2021,Q2,2021-06-30,2021-06-30,424000000.0,9034000000.0,557000000.0,1.4,1306000000.0,0.1445649768,29546000000.0,12058000000.0,14250000000.0,9864000000.0,17106000000.0,3999000000.0,9241000000.0,27893904000.0,30366904000.0,40.04649618067087,1.444647201946472,0.1996547756041427,0.48921877591640406,0.02271572512000838,40.04649618067087,0.03516337701111295,3.087658180208103,16.446877358490568,2.3133109968485654,0.29952830188679247,1.9324831207801951,0.004552966124784827,0.3057605090367562,1.0094282238442822,0.014350504298382184,111.13109163346614,0.14456497675448307,-0.31034482758620685,-0.006457802870954665,0.2509062309672329,0.6529991136852717,-0.13909030982201714,-0.3105691056910569,-0.2766233766233766,-0.20953521857555313,0.025599907989770323,0.26209316214239853,Auto Parts,Consumer Cyclical,MGA
2021Q1,2021,Q1,2021-03-31,2021-03-31,615000000.0,10179000000.0,770000000.0,2.03,1517000000.0,0.1490323214,29705000000.0,11678000000.0,14575000000.0,10472000000.0,17653000000.0,3645000000.0,9034000000.0,26500040000.0,28965040000.0,38.79734219269103,1.3918067226890756,0.19959602760478035,0.5077067991094365,0.030567022284172338,38.79734219269103,0.05266312724781641,2.603403084782395,10.772373983739838,2.269227607467032,0.21138211382113822,2.376406035665295,0.004905652972599287,0.3426695842450766,1.0160427807486632,0.020703585255007574,59.020133630289536,0.14903232144611456,-0.17142857142857157,0.6627906976744187,0.5213974392474523,0.6429884520310407,-0.16418732782369147,-0.16666666666666666,-0.29551692589204026,0.10734672304439741,0.12087097246883995,0.17958430109014736,Auto Parts,Consumer Cyclical,MGA
2020Q4,2020,Q4,2020-12-31,2020-12-31,738000000.0,10568000000.0,1093000000.0,2.45,1815000000.0,0.1717448902,28605000000.0,11370000000.0,13366000000.0,9743000000.0,16885000000.0,3444000000.0,8704000000.0,21211680000.0,23942680000.0,37.95060080106809,1.3718567176434364,0.20971858066771543,0.5276165347405453,0.043729753484217114,37.95060080106809,0.06490765171503958,2.0071612414837245,7.185528455284553,1.8655831134564642,0.15582655826558264,2.541521486643438,0.005421541339488433,0.36944590106624714,0.9916863389099867,0.025799685369690614,12.48480282519129,0.1717448902346707,0.8148148148148149,1.0834417879301252,0.6574685949146014,0.7040945664186945,0.2534530386740331,0.8222222222222222,0.36795994993742176,0.5931601848027583,0.2207123372015348,0.21544674457286125,Auto Parts,Consumer Cyclical,MGA
2020Q3,2020,Q3,2020-09-30,2020-09-30,405000000.0,9129000000.0,799000000.0,1.35,1448000000.0,0.1586154015,26460000000.0,10206000000.0,11890000000.0,9229000000.0,16050000000.0,3509000000.0,8088000000.0,13665525000.0,17905525000.0,34.168061600267826,1.2883302633004658,0.21685563114134543,0.5622183029590437,0.033756759801712485,34.168061600267826,0.03968253968253968,1.4969355898784094,8.435509259259259,1.338969723691946,0.2839506172839506,2.188942718723283,0.008415337134870414,0.3450113378684807,0.8868783183443494,0.015306122448979591,9.768066476054324,0.15861540146784972,1.6192660550458715,0.18097041693821778,0.6296509081886278,0.5780274916573664,15.64367816091954,1.6211656441717792,2.3316666666666666,-0.007488380730015544,0.18466042608118363,0.14380218940072861,Auto Parts,Consumer Cyclical,MGA
2020Q2,2020,Q2,2020-06-30,2020-06-30,-652000000.0,4293000000.0,-600000000.0,-2.18,87000000.0,0.0202655486,24280000000.0,9680000000.0,9592000000.0,7551000000.0,14327000000.0,3503000000.0,7804000000.0,13287752000.0,18661752000.0,32.43967828418231,1.2702953251225004,0.2432866556836903,0.6102272727272727,-0.02851984414692531,32.43967828418231,-0.06735537190082645,3.0952136035406475,-5.094996932515338,1.372701652892562,-0.17791411042944785,1.200685127033971,0.008729843844165664,0.17681219110378912,0.7777777777777778,-0.02685337726523888,-9.484476802284084,0.02026554856743536,-3.5348837209302326,-2.8538457695702126,-0.2750914010342137,0.4689259846251834,-0.9201834862385321,-3.4980842911877397,-2.488833746898263,-2.4718474764997396,-0.4385847817853832,0.14132337990806196,Auto Parts,Consumer Cyclical,MGA
2020Q1,2020,Q1,2020-03-31,2020-03-31,261000000.0,8657000000.0,403000000.0,0.86,1090000000.0,0.1259096685,25331000000.0,10260000000.0,10595000000.0,8692000000.0,14789000000.0,3531000000.0,8571000000.0,9643032000.0,13415032000.0,33.9622641509434,1.2189369535204786,0.19414946113457818,0.4793372319688109,0.01549278327616623,33.9622641509434,0.02543859649122807,1.1138999653459627,9.236620689655172,0.9398666666666666,0.46360153256704983,2.1430189747946757,0.01254792061252104,0.34175516165962655,0.7857800276115968,0.01030358059294935,22.117045871559633,0.1259096684763775,-0.3986013986013986,-0.23953615017458432,0.4080349518158804,0.6239199435725622,-0.16793893129770993,-0.4068181818181818,-0.3415032679738562,-0.43769382242391996,0.16617868970415223,0.25236464731410735,Auto Parts,Consumer Cyclical,MGA
2019Q4,2019,Q4,2019-12-31,2019-12-31,440000000.0,9395000000.0,612000000.0,1.43,1310000000.0,0.1394358701,25790000000.0,10831000000.0,10745000000.0,8529000000.0,14659000000.0,3304000000.0,8596000000.0,16726200000.000002,20445200000.0,35.511475409836066,1.259819439559151,0.19367972082202403,0.46117625334687473,0.026644915555459024,35.511475409836066,0.04062413442895393,1.7803299627461417,9.503522727272728,1.5442895392853846,0.25227272727272726,2.4470338983050848,0.0066362951537109445,0.36428848390849167,0.8445304256067534,0.017060876308646764,14.138799661876586,0.13943587014369346,2.222222222222222,0.16883635543817832,0.3519872425657238,0.6912960456191702,0.042993630573248405,2.208791208791209,0.0967741935483871,0.15590918444337748,0.27500872557061684,0.39239302640941986,Auto Parts,Consumer Cyclical,MGA
2019Q3,2019,Q3,2019-09-30,2019-09-30,-364000000.0,9319000000.0,558000000.0,-1.17,1256000000.0,0.1347784097,26310000000.0,10575000000.0,11505000000.0,9515000000.0,15437000000.0,3457000000.0,8483000000.0,16569631000.0,21106631000.0,34.03604763437399,1.209143457698371,0.20167236792094262,0.5017494089834516,0.036123609074226695,34.03604763437399,-0.03442080378250591,1.778048181135315,-11.380241071428571,1.5668681796690307,-0.29945054945054944,2.3323691061614116,0.006578299782294488,0.3541999239832763,0.8259590120861797,-0.013835043709616116,41.32077556109726,0.13477840970061164,-1.823943661971831,-2.052897712098282,0.43642641478863853,0.5919418138367374,-0.11299435028248588,-1.8053097345132743,-0.1757754800590842,-1.9016029346930967,0.31207008783748436,0.3446983097842593,Auto Parts,Consumer Cyclical,MGA
2019Q2,2019,Q2,2019-06-30,2019-06-30,452000000.0,10126000000.0,677000000.0,1.42,1416000000.0,0.1398380407,27630000000.0,11511000000.0,11566000000.0,9573000000.0,15678000000.0,3521000000.0,9106000000.0,15483792000.0,20060792000.0,36.152638190954775,1.208189700198475,0.1860296778863554,0.4465294066545044,0.027813395986891684,36.152638190954775,0.03926678828946226,1.5291123839620777,8.56404424778761,1.3451300495178524,0.24336283185840707,2.4737290542459527,0.007104202898101447,0.3664857039449873,0.8148960618405934,0.0163590300398118,26.155054054054055,0.13983804068733952,-0.5811209439528024,0.2058232338161395,0.45572245207440415,0.6269813904344076,-0.007708479327259986,-0.5913200723327305,-0.059722222222222225,0.0016052484645450679,0.3259290602115737,0.4922723480581773,Auto Parts,Consumer Cyclical,MGA
2019Q1,2019,Q1,2019-03-31,2019-03-31,1106000000.0,10591000000.0,720000000.0,3.39,1427000000.0,0.1347370409,27980000000.0,11480000000.0,12147000000.0,9980000000.0,16033000000.0,3501000000.0,9101000000.0,16378538000.0,20714538000.0,35.31221162719164,1.217134268537074,0.18802716225875626,0.45827526132404184,0.03135171153008312,35.31221162719164,0.09634146341463415,1.546458124822963,3.7022011754068718,1.4267019163763066,0.10759493670886076,2.61753784632962,0.007265605757974246,0.3785203716940672,0.8440881763527054,0.03952823445318084,47.75083965014577,0.13473704088376923,1.4214285714285717,2.8140826506308887,0.6017989846359412,0.6222041959066453,0.0028109627547434997,1.4254385964912282,-0.04,1.768644044484124,0.465629037219317,0.4954002681679039,Auto Parts,Consumer Cyclical,MGA
2018Q4,2018,Q4,2018-12-31,2018-12-31,456000000.0,10137000000.0,750000000.0,1.4,1423000000.0,0.1403768373,25945000000.0,10701000000.0,11834000000.0,10304000000.0,14786000000.0,3403000000.0,8376000000.0,14775795000.0,18490795000.0,32.91602583820363,1.1484860248447204,0.16955097321256504,0.41108307634800484,0.038172672791150955,32.91602583820363,0.042612839921502665,1.4576102397158923,8.100764802631579,1.3807863751051304,0.2324561403508772,2.560681751395827,0.007173894873338456,0.39071111967623817,0.7073951863354038,0.017575640778570052,15.53711356466877,0.1403768373285982,-0.13580246913580257,0.3603822270339392,0.5097752283897554,0.5194116883851244,0.04249084249084249,-0.17689530685920576,0.07296137339055794,0.18635507109641775,0.46516585717646025,0.47802721419370764,Auto Parts,Consumer Cyclical,MGA
2018Q3,2018,Q3,2018-09-30,2018-09-30,554000000.0,9618000000.0,699000000.0,1.62,1365000000.0,0.1419213974,26665000000.0,11018000000.0,12844000000.0,10784000000.0,15160000000.0,3580000000.0,8424000000.0,18465150000.0,22215150000.0,32.3108504398827,1.1910237388724036,0.173785861616351,0.420584498094028,0.03710525896710425,32.3108504398827,0.05028135777818116,1.9198533998752338,8.332648916967509,1.6759076057360682,0.1967509025270758,2.3053072625698325,0.005903011889965692,0.36069754359647477,0.7500927299703264,0.020776298518657418,26.568561151079138,0.14192139737991266,-0.08474576271186436,1.3060627510824698,0.5317042632079115,0.5294117791322274,-0.08080808080808081,-0.11501597444089456,-0.16983372921615203,0.4150591825122397,0.5039624468065967,0.49225352229418673,Auto Parts,Consumer Cyclical,MGA
2018Q2,2018,Q2,2018-06-30,2018-06-30,626000000.0,10280000000.0,842000000.0,1.77,1485000000.0,0.1444552529,26368000000.0,11150000000.0,12083000000.0,10291000000.0,14720000000.0,3600000000.0,8418000000.0,20426882000.0,24158882000.0,31.730221969265795,1.1741327373433097,0.1652760922330097,0.39085201793721974,0.042162806671447374,31.730221969265795,0.056143497757847535,1.9870507782101168,8.157700479233227,1.8320073542600896,0.18370607028753994,2.4430555555555555,0.005629836212888486,0.3898665048543689,0.8047808764940239,0.023740898058252427,232.1236590909091,0.14445525291828792,-0.03278688524590167,0.9797656191070485,0.5054825172800049,0.5518534859199771,-0.009339559706470981,-0.051515151515151514,-0.034403669724770644,0.5114625791421712,0.4740511002309987,0.4368005483983562,Auto Parts,Consumer Cyclical,MGA
2018Q1,2018,Q1,2018-03-31,2018-03-31,660000000.0,10792000000.0,872000000.0,1.83,1499000000.0,0.1388991846,27089000000.0,11765000000.0,12656000000.0,10231000000.0,14796000000.0,3564000000.0,8531000000.0,19398071000.0,22225071000.0,32.89069052278445,1.2370247287655165,0.1327476097308871,0.30565235869103274,0.04462657464754815,32.89069052278445,0.05609859753506162,1.797449128984433,7.347754166666666,1.648794815129622,0.1787878787878788,2.607463524130191,0.006083079085544125,0.3983904906050426,0.8642361450493597,0.024364133042932556,58.07805688622754,0.13889918458117123,0.19607843137254904,1.3251532487368485,0.6779450178998122,0.6033306523843976,0.019034670292318152,0.18705035971223022,0.08863920099875156,0.6241038173996953,0.4824489258940927,0.5726821998803361,Auto Parts,Consumer Cyclical,MGA
2017Q4,2017,Q4,2017-12-31,2017-12-31,556000000.0,10391000000.0,801000000.0,1.53,1471000000.0,0.1415648157,25393000000.0,11228000000.0,11220000000.0,9169000000.0,13661000000.0,3379000000.0,8089000000.0,20554736000.0,23405736000.0,31.22358175750834,1.2236885156505617,0.14086559287992753,0.3185785536159601,0.04062521612836296,31.22358175750834,0.04951905949412184,1.978128765277644,9.242237410071942,1.8306676166726041,0.17086330935251798,2.6398342704942293,0.004621805894271763,0.40920726184381523,0.8293161740647835,0.021895798054581972,29.448045845272205,0.14156481570589935,0.12499999999999994,1.0439297858652699,0.6690827754866016,0.5365088488157674,0.08241353936718175,0.10536779324055666,0.1608695652173913,0.25272568734962003,0.2682746450694234,0.48707762060242993,Auto Parts,Consumer Cyclical,MGA
2017Q3,2017,Q3,2017-09-30,2017-09-30,503000000.0,9499000000.0,690000000.0,1.36,1359000000.0,0.1430676913,25090000000.0,10999000000.0,11564000000.0,9166000000.0,13610000000.0,3426000000.0,7932000000.0,19654516000.0,22605516000.0,29.87235198261814,1.2616190268383156,0.14882423276205659,0.3394854077643422,0.03578928813476904,29.87235198261814,0.04573143013001182,2.069114222549742,9.768646123260439,1.7869366306027823,0.19681908548707752,2.37594862813777,0.00503701032373425,0.378597050617776,0.8632991490290203,0.020047827819848544,39.152422310756975,0.1430676913359301,-0.081081081081081,0.6288179501107257,0.6187144482074483,0.5162802829295314,-0.03411513859275053,-0.10338680926916222,-0.1073738680465718,0.2277508754492816,0.23551899847391433,0.3971964873721519,Auto Parts,Consumer Cyclical,MGA
2017Q2,2017,Q2,2017-06-30,2017-06-30,561000000.0,9684000000.0,773000000.0,1.48,1407000000.0,0.145291202,24249000000.0,10741000000.0,11179000000.0,9307000000.0,13019000000.0,3269000000.0,7868000000.0,17508107000.0,20275107000.0,28.422863191320456,1.2011389276888365,0.14157284836488102,0.3196164230518574,0.04108128187094999,28.422863191320456,0.052229773764081555,1.8079416563403552,7.802186720142602,1.6300257890326784,0.1800356506238859,2.5319669623738146,0.00576875615393486,0.3993566745020413,0.8251853443644569,0.023134974638129406,127.79640145985401,0.1452912019826518,-0.03267973856209153,0.9779417395636117,0.5421262490396941,0.5209011949325676,-0.030323914541695383,-0.042662116040955635,-0.06303030303030303,0.2609685101878803,0.1729826954448852,0.27911742514855814,Auto Parts,Consumer Cyclical,MGA
2017Q1,2017,Q1,2017-03-31,2017-03-31,586000000.0,9372000000.0,825000000.0,1.53,1451000000.0,0.1548228767,23573000000.0,10343000000.0,11047000000.0,9118000000.0,12764000000.0,3061000000.0,7719000000.0,16461223999.999998,18664224000.0,27.118510749868904,1.2115595525334504,0.12870657107707972,0.29333848979986465,0.045680885175491945,27.118510749868904,0.05665667601276225,1.756425949637217,7.022706484641637,1.5915328241322633,0.17918088737201365,2.5877164325383863,0.006378626522547778,0.39757349510032663,0.8533669664400088,0.024858948797352905,122.84495522388059,0.15482287665386257,0.23387096774193553,1.0820393180869623,0.4898717852075598,0.46361864799571134,0.07322485207100592,0.22594142259414227,0.2168141592920354,0.7225382313186585,0.20820215690821745,0.24579458204485866,Auto Parts,Consumer Cyclical,MGA
2016Q4,2016,Q4,2016-12-31,2016-12-31,478000000.0,9253000000.0,678000000.0,1.24,1352000000.0,0.1461147736,22566000000.0,9768000000.0,10163000000.0,8695000000.0,12347000000.0,2804000000.0,7318000000.0,16622200000.0,18820200000.0,25.503916449086162,1.1688326624496836,0.14056545245058938,0.3247338247338247,0.04017981317094199,25.503916449086162,0.04893529893529894,1.7964119744947584,8.693619246861925,1.7016994266994265,0.19874476987447698,2.8177603423680457,0.00571524828241749,0.41004165558805283,0.821046578493387,0.021182309669414163,15.740719696969697,0.14611477358694477,-0.038759689922480654,0.8592622347191538,0.5486454555831499,0.4500575370685319,0.047250193648334625,-0.04970178926441352,-0.05174825174825175,0.21043702327066255,0.16977842364133863,0.17726693200499566,Auto Parts,Consumer Cyclical,MGA
2016Q3,2016,Q3,2016-09-30,2016-09-30,503000000.0,8849000000.0,715000000.0,1.29,1291000000.0,0.1458921912,22948000000.0,9798000000.0,10580000000.0,8969000000.0,12676000000.0,3090000000.0,7026000000.0,16625945000.000002,19543945000.0,25.311289072591062,1.1796186865871334,0.1430189994770786,0.33496631965707285,0.04060273815205671,25.311289072591062,0.05133700755256175,1.8788501525596115,8.263392147117298,1.6968713002653604,0.19284294234592445,2.4459546925566342,0.00583425483483796,0.3856109464877113,0.8075593711673542,0.021919121492069024,62.269456928838956,0.1458921912080461,-0.08510638297872333,5.107207439938,0.5723031169862202,0.48959390883871307,-0.0765379113018598,-0.0985663082437276,-0.09378960709759189,0.8444230833081615,0.241410891017021,0.19809237843082098,Auto Parts,Consumer Cyclical,MGA
2016Q2,2016,Q2,2016-06-30,2016-06-30,558000000.0,9443000000.0,789000000.0,1.41,1398000000.0,0.1480461718,22586000000.0,9538000000.0,10557000000.0,8882000000.0,12586000000.0,2841000000.0,6769000000.0,13807059000.0,16528059000.0,24.226568453136906,1.1885836523305562,0.14690516249003807,0.34787167120989726,0.044888866262253885,24.226568453136906,0.05850283078213462,1.4621475166790214,6.185958333333334,1.447584294401342,0.17562724014336917,2.8317493840197114,0.007097818586854738,0.4180908527406358,0.8376491781130376,0.024705569822013638,45.417957236842106,0.14804617176744678,0.15573770491803274,1.4215111408946222,0.5748299411562028,0.3286694001959434,0.09133489461358314,0.13414634146341464,0.1303724928366762,0.5751067261170666,0.23432331934960676,0.1848667413135462,Auto Parts,Consumer Cyclical,MGA
2016Q1,2016,Q1,2016-03-31,2016-03-31,492000000.0,8900000000.0,698000000.0,1.22,1281000000.0,0.1439325843,22380000000.0,9455000000.0,10438000000.0,8736000000.0,12456000000.0,2864000000.0,6547000000.0,17201184000.0,19737184000.0,23.613886113886114,1.1948260073260073,0.14124218051831994,0.3343204653622422,0.04122853989055637,23.613886113886114,0.05203595980962454,1.9327173033707865,8.740439024390245,1.8192685351665785,0.19308943089430894,2.6602653631284916,0.005522875634607478,0.39767649687220735,0.8208562271062271,0.02198391420911528,-358.358,0.14393258426966293,0.04273504273504278,0.8469729028735239,0.49648654308551377,0.3441280582289639,0.03977272727272727,0.03361344537815126,0.06564885496183206,0.5484515484515483,0.23620548808923406,0.1511119659248393,Auto Parts,Consumer Cyclical,MGA
2015Q4,2015,Q4,2015-12-31,2015-12-31,476000000.0,8568000000.0,655000000.0,1.17,1232000000.0,0.1437908497,19706000000.0,8966000000.0,11144000000.0,7276000000.0,10589000000.0,2564000000.0,6387000000.0,16329456000.0,16067456000.0,22.2702434177844,1.531610775151182,0.13199025677458642,0.2900959179121124,0.04366869608324813,22.2702434177844,0.05308944902966763,1.9058655462184875,8.576394957983194,1.8212643319205892,0.17647058823529413,2.861154446177847,0.005144078284053063,0.4347914340809906,1.141011544804838,0.024155079671166143,39.634601941747576,0.1437908496732026,0.03539823008849561,1.6492612831410642,0.5611288070403848,0.33649073951737735,0.15355805243445692,0.014925373134328358,-0.04934687953555878,0.5629462623998142,0.2292660881167716,0.09591610413108095,Auto Parts,Consumer Cyclical,MGA
2015Q3,2015,Q3,2015-09-30,2015-09-30,469000000.0,7661000000.0,689000000.0,1.13,1068000000.0,0.1394073881,18593000000.0,8845000000.0,10784000000.0,7251000000.0,9730000000.0,2665000000.0,6130000000.0,19612085000.0,19228085000.0,21.652386780905754,1.4872431388773961,0.08772118539235196,0.18439796495195027,0.04536152662668733,21.652386780905754,0.05302430751837196,2.5599902101553322,10.454203091684434,2.2173075183719613,0.19402985074626866,2.473921200750469,0.004639996206420685,0.4120367880385091,1.0599917252792719,0.025224546872478888,83.10205508474576,0.13940738806944264,-0.025862068965517265,1.1952106939161085,0.4543643634694745,0.27052334504538045,-0.08795900939368062,-0.028985507246376812,-0.06130790190735695,0.3688918180962244,0.17671026247496405,0.09904593964863842,Auto Parts,Consumer Cyclical,MGA
2015Q2,2015,Q2,2015-06-30,2015-06-30,483000000.0,8133000000.0,734000000.0,1.16,1171000000.0,0.1439813107,18567000000.0,9050000000.0,10851000000.0,7729000000.0,9507000000.0,2676000000.0,5914000000.0,22985682000.0,22862682000.0,22.083943387018056,1.4039332384525811,0.05601335703129208,0.11491712707182321,0.0536070680678303,22.083943387018056,0.05337016574585635,2.826224271486536,11.89735093167702,2.539854364640884,0.18633540372670807,2.601644245142003,0.003915480950271564,0.4380352237841331,0.8716522189157717,0.026013895621263532,290.958,0.1439813107094553,0.035714285714285546,0.8053458192375538,0.4722321309729803,0.3015461315947082,0.020924149956408022,0.03870967741935484,0.14330218068535824,0.5703725767409081,0.1943204230909813,0.1817069821591941,Auto Parts,Consumer Cyclical,MGA
2015Q1,2015,Q1,2015-03-31,2015-03-31,465000000.0,8330000000.0,642000000.0,1.12,1147000000.0,0.137695078,17986000000.0,8560000000.0,10151000000.0,7606000000.0,9413000000.0,2731000000.0,5528000000.0,21963038000.0,21872038000.0,20.913755191790862,1.3346042597948988,0.05793394862670966,0.12172897196261682,0.04916566840439673,20.913755191790862,0.054322429906542055,2.636619207683073,11.808084946236558,2.5657754672897193,0.1913978494623656,2.6301720981325523,0.004052262715203607,0.46313799621928164,0.924007362608467,0.02585344156566218,1568.7884285714285,0.13769507803121248,-0.081967213114754,1.2823611130892838,0.6541392309500768,0.22140038142645105,-0.13499245852187028,-0.08644400785854617,-0.0906515580736544,0.539512457805013,0.23395852074539567,0.12874052637533587,Auto Parts,Consumer Cyclical,MGA
2014Q4,2014,Q4,2014-12-31,2014-12-31,509000000.0,9396000000.0,706000000.0,1.22,1326000000.0,0.1411238825,18139000000.0,8659000000.0,10007000000.0,7611000000.0,9466000000.0,2757000000.0,5155000000.0,22411878000.0,22210878000.0,20.996605237633364,1.3148075154381815,0.05799658195049341,0.12149208915579167,0.05452527427341537,20.996605237633364,0.0587827693729068,2.385257343550447,11.00779862475442,2.588275551449359,0.14734774066797643,2.927094668117519,0.003346439776265068,0.5179998897403385,0.9071081329654448,0.028061083852472572,68.12120972644377,0.14112388250319285,0.10909090909090897,4.977977656671947,0.8835762876927089,0.278054231855944,0.11993243243243243,0.08297872340425531,0.1806020066889632,0.8386990474769331,0.4604697489131904,0.19378863785345415,Auto Parts,Consumer Cyclical,MGA
2014Q3,2014,Q3,2014-09-30,2014-09-30,470000000.0,8820000000.0,598000000.0,1.1,1184000000.0,0.1342403628,18425000000.0,9031000000.0,10407000000.0,7633000000.0,9380000000.0,2810000000.0,5004000000.0,20044992000.0,19684992000.0,21.380208333333332,1.363421983492729,0.05834464043419267,0.11903443693943085,0.04711719609154843,21.380208333333332,0.05204296312700698,2.272674829931973,10.662229787234041,2.219576126674787,0.16808510638297872,2.7174377224199286,0.00394113402489759,0.47869742198100407,0.9447137429582078,0.025508819538670284,49.61631683168317,0.13424036281179139,-0.05172413793103434,8.748031788472966,0.9981770478397164,0.2851711399614333,-0.09549274255156608,-0.0784313725490196,-0.14449213161659513,4.229640151515152,0.43618348115299327,0.25824599496685496,Auto Parts,Consumer Cyclical,MGA
2014Q2,2014,Q2,2014-06-30,2014-06-30,510000000.0,9464000000.0,699000000.0,1.16,1309000000.0,0.1383136095,19324000000.0,9626000000.0,11063000000.0,7858000000.0,9683000000.0,2756000000.0,5109000000.0,23338650000.0,22680650000.0,22.220683287165283,1.407864596589463,0.056820534050921134,0.11406607105755247,0.04803794848354832,22.220683287165283,0.05298150841471016,2.4660450126796283,11.440514705882352,2.424542904633285,0.15490196078431373,2.95899854862119,0.0033849430022730538,0.4897536741875388,1.0006362942224485,0.026392051335127304,108.04930555555555,0.13831360946745563,0.31818181818181807,3.5659077089385853,1.6345790607636357,0.3938230089436261,0.09174311926605505,0.29770992366412213,0.19897084048027444,1.0114044910709024,0.43441682917971874,0.21865967077475632,Auto Parts,Consumer Cyclical,MGA
2014Q1,2014,Q1,2014-03-31,2014-03-31,393000000.0,8961000000.0,583000000.0,0.88,1199000000.0,0.133802031,18548000000.0,9591000000.0,10551000000.0,7848000000.0,8942000000.0,2646000000.0,5135000000.0,21217093000.0,20117093000.0,21.768043576940535,1.3444189602446484,0.018276903170153118,0.03534563653425086,0.039612225336390874,21.768043576940535,0.04097591492023772,2.367714875571923,13.496878498727735,2.212187780210614,0.21119592875318066,2.933484504913076,0.0039119402455369354,0.48312486521457837,0.9511977573904179,0.02118826827690317,82.55678210116731,0.1338020310233233,-0.12871287128712872,2.992650930549251,1.5425564315435965,0.3801563601783782,-0.05664830841856806,-0.14192139737991266,0.08971962616822429,0.34071833158059456,0.36926927310581364,0.23906069519454545,Auto Parts,Consumer Cyclical,MGA
2013Q4,2013,Q4,2013-12-31,2013-12-31,458000000.0,9174000000.0,535000000.0,1.01,1271000000.0,0.1385437105,17990000000.0,9623000000.0,9923000000.0,7309000000.0,8351000000.0,2637000000.0,5011000000.0,18225526000.0,17044526000.0,21.663665015758667,1.3576412641948283,0.020733740967204,0.03876130104956874,0.04651870530182814,21.663665015758667,0.047594305310194325,1.9866498800959234,9.948431222707423,1.893954691884028,0.14847161572052403,2.9969662495259763,0.003731030862977562,0.5099499722067815,0.9303598303461486,0.0254585881045025,23.15822871664549,0.13854371048615652,0.44285714285714295,4.112707935310366,0.9081260201795851,0.3145899129486586,0.19342723004694837,0.43573667711598746,0.351010101010101,1.31035402804876,0.5150020901917394,0.30008851427491556,Auto Parts,Consumer Cyclical,MGA
2013Q3,2013,Q3,2013-09-30,2013-09-30,319000000.0,8338000000.0,396000000.0,0.7,1065000000.0,0.1277284721,18066000000.0,9566000000.0,10069000000.0,7464000000.0,8474000000.0,2701000000.0,4841000000.0,18691584000.0,17983584000.0,21.12632508833922,1.3490085744908895,0.01970552418908447,0.037215136943341,0.032410837895107465,21.12632508833922,0.03334727158687017,2.2417347085632047,14.648576802507836,1.9539602759774202,0.2225705329153605,2.6927064050351723,0.003798500972416249,0.4615299457544559,0.9285905680600214,0.017657478135724564,101.5846956521739,0.12772847205564883,-0.21348314606741578,2.4627496096639003,0.4856584872391097,0.15065782325947158,-0.08818493150684932,-0.23132530120481928,-0.2760511882998172,0.34703752034367996,0.4280233065689177,0.23965498544590785,Auto Parts,Consumer Cyclical,MGA
2013Q2,2013,Q2,2013-06-30,2013-06-30,415000000.0,8962000000.0,547000000.0,0.89,1168000000.0,0.1303280518,17694000000.0,9430000000.0,9918000000.0,7261000000.0,8236000000.0,2705000000.0,4812000000.0,16596282000.0,15681282000.0,20.446660884648743,1.3659275581875774,0.020571945292189444,0.038600212089077414,0.042376454032254124,20.446660884648743,0.0440084835630965,1.851850256639143,9.997760240963855,1.75994506892895,0.17349397590361446,2.8813308687615526,0.004338321076973747,0.5064993783203345,0.9407795069549649,0.02345427828642478,35.31123829787234,0.13032805177415754,0.1265822784810126,0.7933106892190835,0.30954850777555654,0.049117543860166826,0.11877394636015326,0.12466124661246612,0.18655097613882862,0.3783008563504021,0.44149491445241656,0.20505074261724954,Auto Parts,Consumer Cyclical,MGA
2013Q1,2013,Q1,2013-03-31,2013-03-31,369000000.0,8361000000.0,461000000.0,0.79,1044000000.0,0.1248654467,17761000000.0,9539000000.0,9866000000.0,7252000000.0,8195000000.0,2629000000.0,4693000000.0,13715175000.0,12851175000.0,20.513978494623657,1.3604522890237176,0.02156410112043241,0.04015095922004403,0.037312261018879425,20.513978494623657,0.03868330013628263,1.6403749551489055,9.292123983739838,1.4378000838662333,0.1978319783197832,2.783187523773298,0.005322571531168942,0.4707505208040088,0.9481522338665196,0.020775857215246888,-318.9575581395349,0.12486544671689989,0.05333333333333338,0.7603740065451147,0.2468608061106186,0.07916358399944828,0.07186858316221766,0.05128205128205128,0.28055555555555556,0.594213800086793,0.46141673299311764,0.19805271354339699,Auto Parts,Consumer Cyclical,MGA
2012Q4,2012,Q4,2012-12-31,2012-12-31,351000000.0,8033000000.0,360000000.0,0.75,974000000.0,0.1212498444,17109000000.0,9429000000.0,9135000000.0,6684000000.0,7651000000.0,2512000000.0,4462000000.0,11604640000.0,10514640000.0,20.32112068965517,1.3666965888689409,0.02524986849026828,0.04581609926821508,0.03747099343633098,20.32112068965517,0.03722558065542475,1.4446209386281588,8.265413105413106,1.2307392088238416,0.1794871794871795,2.810111464968153,0.005428862937583588,0.46951896662575254,0.9419509275882705,0.020515518148342977,19.503596638655463,0.12124984439188348,-0.09638554216867466,11.406034482758622,0.16294616734932713,0.07977998387984901,0.1182548794489093,-0.1,-0.2871287128712871,3.438104688662863,0.4312603801439381,0.2369377811094453,Auto Parts,Consumer Cyclical,MGA
2012Q3,2012,Q3,2012-09-30,2012-09-30,390000000.0,7411000000.0,505000000.0,0.83,871000000.0,0.1175279989,16673000000.0,9161000000.0,9433000000.0,6601000000.0,7484000000.0,2501000000.0,4187000000.0,10243950000.0,9205950000.0,19.701075268817203,1.429025905165884,0.024530678342229953,0.044645781028272026,0.040737722048066874,19.701075268817203,0.04257177164065058,1.3822628525165295,6.566634615384616,1.118213077174981,0.15897435897435896,2.614954018392643,0.006052352852171281,0.44449109338451387,1.0024238751704286,0.023391111377676483,63.627018633540374,0.11752799892052354,0.12162162162162159,1.3916753381893863,0.15919605209842866,-0.005836822831692653,-0.1228600201409869,0.1174785100286533,0.16628175519630484,6.34775458570525,0.5251520783387109,0.18423791606451323,Auto Parts,Consumer Cyclical,MGA
2012Q2,2012,Q2,2012-06-30,2012-06-30,349000000.0,7727000000.0,433000000.0,0.74,993000000.0,0.128510418,15988000000.0,8690000000.0,9241000000.0,6468000000.0,7276000000.0,2380000000.0,3878000000.0,9174450000.0,8163450000.0,18.688172043010752,1.428726035868893,0.023892919689767325,0.04395857307249712,0.035441526886562345,18.688172043010752,0.04016110471806674,1.1873236702471852,6.571955587392551,1.0557479861910242,0.1833810888252149,2.8294117647058825,0.006975895012780058,0.48329997498123595,1.0125231910946197,0.021828871653740305,46.570812182741115,0.12851041801475346,0.013698630136986314,0.25013215135845035,0.07736561536016154,0.02921734976904245,0.004044489383215369,0.01749271137026239,0.050970873786407765,2.635805927091529,1.0039316819758246,0.17224136863922565,Auto Parts,Consumer Cyclical,MGA
2012Q1,2012,Q1,2012-03-31,2012-03-31,343000000.0,7666000000.0,412000000.0,0.73,989000000.0,0.1290112184,16059000000.0,8612000000.0,9203000000.0,6643000000.0,7421000000.0,2278000000.0,3594000000.0,11094776000.0,10210776000.0,18.528399311531842,1.3853680566009332,0.023725014010835047,0.04424059451927543,0.035586270972082314,18.528399311531842,0.03982814677194612,1.4472705452648056,8.08657142857143,1.2882926149558755,0.1836734693877551,2.9310798946444248,0.005678348080213606,0.47736471760383586,0.9891615234080987,0.02135873964754966,-528.3226666666667,0.1290112183668145,0.08955223880597006,0.47590361445783125,0.11957002628516339,0.0887307412166959,0.17319098457888493,0.09935897435897435,0.20116618075801748,2.6485843373493974,1.0618701522855354,0.1747536274148471,Auto Parts,Consumer Cyclical,MGA
2011Q4,2011,Q4,2011-12-31,2011-12-31,312000000.0,7251000000.0,343000000.0,0.67,843000000.0,0.1162598262,14679000000.0,8175000000.0,8146000000.0,5724000000.0,6477000000.0,2045000000.0,3317000000.0,7741244000.000001,6649244000.000001,17.588209982788296,1.423130677847659,0.015873015873015872,0.028501529051987766,0.043598225875536634,17.588209982788296,0.0381651376146789,1.0676105364777273,6.202919871794872,0.9469411620795107,0.1891025641025641,3.1334963325183374,0.007621514061564265,0.49397097894951975,0.9998252969951084,0.021254853872879623,33.08223931623932,0.11625982623086471,2.190476190476191,9.091993590124043,0.0681081288542541,0.07146284092436744,0.09622886866059818,2.0588235294117645,2.2358490566037736,3.0264688096013392,0.44131417552521335,0.06728401742629517,Auto Parts,Consumer Cyclical,MGA
2011Q3,2011,Q3,2011-09-30,2011-09-30,102000000.0,6970000000.0,106000000.0,0.21,769000000.0,0.1103299857,14616000000.0,8146000000.0,8384000000.0,5729000000.0,6456000000.0,2091000000.0,3107000000.0,7902909000.0,6772909000.0,16.992073425114725,1.4634316634665736,0.013478379857690202,0.024183648416400687,0.007747110912317322,16.992073425114725,0.012521482936410509,1.1338463414634146,19.369875,0.970158237171618,0.5686274509803921,2.965566714490674,0.007339069702055282,0.4768746579091407,1.0603944842031767,0.0069786535303776685,-84.97751612903225,0.11032998565279771,-0.6315789473684211,-0.01674966047985514,0.1644072051716563,0.02861715382801515,-0.10058479532163743,-0.6382978723404256,-0.6816816816816816,1.4417615042058387,0.1730006806357215,-0.07451664507427848,Auto Parts,Consumer Cyclical,MGA
2011Q2,2011,Q2,2011-06-30,2011-06-30,282000000.0,7338000000.0,333000000.0,0.57,855000000.0,0.1165167621,15276000000.0,8785000000.0,8846000000.0,5714000000.0,6476000000.0,2098000000.0,3138000000.0,13018236000.0,11420236000.0,18.233706932337068,1.5481274063703185,0.009557475778999737,0.01661923733636881,0.029045889573284685,18.233706932337068,0.032100170745589074,1.774085036794767,11.540989361702128,1.4818709163346615,0.20567375886524822,3.090085795996187,0.0044552887196084015,0.48036135113904166,1.1352817640882045,0.018460329929300863,146.27231460674156,0.11651676206050696,-0.12307692307692318,0.3173913885107015,0.03879411228148795,0.11136835855299881,-0.028409090909090908,-0.12422360248447205,-0.16957605985037408,0.16648471316264443,0.026400513937474498,-0.06442905566640705,Auto Parts,Consumer Cyclical,MGA
2011Q1,2011,Q1,2011-03-31,2011-03-31,322000000.0,7189000000.0,401000000.0,0.65,880000000.0,0.1224092363,15052000000.0,8503000000.0,8615000000.0,5806000000.0,6545000000.0,1945000000.0,2929000000.0,11594220000.0,10150220000.0,17.568181818181817,1.4838098518773681,0.00837098060058464,0.0148182994237328,0.03740931741800904,17.568181818181817,0.03786898741620604,1.6127722910001392,9.001723602484471,1.3635446313065978,0.18944099378881987,3.2437017994858612,0.0052612422396676965,0.47761094871113474,1.101963486048915,0.021392505979271857,-45.289921875,0.12240923633328697,0.4444444444444445,0.3607048183377515,0.07001053138889379,0.12320313128334354,0.14882506527415143,0.49074074074074076,0.5247148288973384,0.4758494031221304,0.02999668023692627,-0.0758037471750383,Auto Parts,Consumer Cyclical,MGA
2010Q4,2010,Q4,2010-12-31,2010-12-31,216000000.0,6598000000.0,263000000.0,0.45,766000000.0,0.1160957866,13898000000.0,8065000000.0,7814000000.0,5200000000.0,5759000000.0,1896000000.0,2725000000.0,12584000000.0,10576000000.0,16.66322314049587,1.5026923076923078,0.00697942149949633,0.012027278363298203,0.02975500617010051,16.66322314049587,0.026782393056416616,1.9072446195816914,14.564814814814815,1.5603223806571604,0.19444444444444445,3.0759493670886076,0.0033375715193897015,0.4747445675636782,1.1057692307692308,0.015541804576198014,20.663382594417076,0.11609578660200061,-0.13461538461538464,1.3314149158617945,0.009725920257957427,0.10055956644615523,-0.05432098765432099,-0.1037344398340249,-0.1624203821656051,6.31900826446281,-0.08427140708645045,-0.11458550496231151,Auto Parts,Consumer Cyclical,MGA
2010Q3,2010,Q3,2010-09-30,2010-09-30,241000000.0,5942000000.0,314000000.0,0.52,810000000.0,0.1363177381,13923000000.0,7853000000.0,8112000000.0,5423000000.0,5986000000.0,2029000000.0,2566000000.0,9476352000.0,7941352000.0,17.042100694444443,1.495851004978794,0.008618832148243914,0.015280784413599898,0.029816719757256447,17.042100694444443,0.030688908697313128,1.5948084819925952,9.830240663900415,1.2067174328282186,0.15767634854771784,2.5293247905372103,0.0040099819002080124,0.4267758385405444,1.0901714917942098,0.017309487897723193,51.78334426229508,0.13631773813530798,-0.2,0.42625349406009777,0.03907395362282932,0.12712856331774103,-0.05813953488372093,-0.17747440273037543,-0.1581769436997319,0.4914034498207886,-0.06210718236337362,-0.1400150123365174,Auto Parts,Consumer Cyclical,MGA
2010Q2,2010,Q2,2010-06-30,2010-06-30,293000000.0,6050000000.0,373000000.0,0.65,860000000.0,0.1421487603,13091000000.0,7615000000.0,7573000000.0,4905000000.0,5476000000.0,1800000000.0,3339000000.0,7400711999.999999,5856711999.999999,16.9674688057041,1.5439347604485218,0.01153464212054083,0.019829284307288246,0.03772856039144991,16.9674688057041,0.038476690741956664,1.2232581818181816,6.3146006825938565,0.971859750492449,0.06825938566552901,2.8833333333333333,0.0027024426838931177,0.462149568405775,1.145565749235474,0.02238178901535406,19.841050938337798,0.14214876033057852,0.32653061224489804,0.24419092889681124,-0.01324818080185303,0.14685539468567435,0.15902964959568733,0.31390134529147984,0.32269503546099293,0.08742226939353123,-0.12600755649162057,-0.06554727576864339,Auto Parts,Consumer Cyclical,MGA
2010Q1,2010,Q1,2010-03-31,2010-03-31,223000000.0,5512000000.0,282000000.0,0.49,742000000.0,0.1346153846,12992000000.0,7671000000.0,7190000000.0,4710000000.0,5321000000.0,1815000000.0,3066000000.0,6927200000.0,5689200000.0,17.122767857142858,1.526539278131635,0.013084975369458128,0.022161387042106635,0.028090723307313478,17.122767857142858,0.029070525355234,1.2567489114658925,7.765919282511211,0.9030374136357711,0.0,2.628099173553719,0.0,0.42426108374384236,1.1038216560509555,0.017164408866995075,-89.96363636363637,0.1346153846153846,2.580645161290323,0.1772788621262459,-0.12467770948883218,0.13983668209551867,0.29043478260869565,2.6043165467625897,4.863013698630137,-0.004464285714285698,-0.1648206223171193,0.006135685406238029,Auto Parts,Consumer Cyclical,MGA
2009Q4,2009,Q4,2009-12-31,2009-12-31,-139000000.0,5419000000.0,-73000000.0,-0.31,575000000.0,0.106108138,12303000000.0,7360000000.0,6303000000.0,4299000000.0,4943000000.0,1721000000.0,2843000000.0,5664960000.0,4509960000.0,16.428571428571427,1.4661549197487789,0.01454929691945054,0.024320652173913042,-0.01076747579254543,16.428571428571427,-0.01888586956521739,1.0453884480531463,-10.188776978417266,0.7696956521739131,0.0,2.8146426496223125,0.0,0.44046167601398034,1.0341939986043265,-0.011298057384377794,19.947042253521126,0.10610813803284738,-3.818181818181818,-1.7090840690208666,-0.1295514707740518,0.2280674121908961,0.041666666666666664,-3.7254901960784315,-1.8795180722891567,-5.664716748768472,-0.17182031810839915,0.0008183796083754114,Auto Parts,Consumer Cyclical,MGA
2009Q3,2009,Q3,2009-09-30,2009-09-30,51000000.0,4669000000.0,83000000.0,0.11,552000000.0,0.118226601,12867000000.0,7433000000.0,6778000000.0,4764000000.0,5434000000.0,1823000000.0,2982000000.0,4749484000.0,3884484000.0,16.636078782452998,1.422753988245172,0.042278697443071424,0.0731871384367012,0.006551242228815251,16.636078782452998,0.006861294228440737,1.0172379524523452,23.281784313725492,0.6389726893582672,0.0,2.258365331870543,0.0,0.36286624698842,1.008816120906801,0.003963627885287946,-36.81770542635659,0.11822660098522167,1.2391304347826089,-0.6773944807846879,-0.1542249156394188,0.2682594417337667,0.8461538461538461,1.248780487804878,2.0121951219512195,-0.47250423817596526,-0.16308597618462856,0.0070669764628737974,Auto Parts,Consumer Cyclical,MGA
2009Q2,2009,Q2,2009-06-30,2009-06-30,-205000000.0,3705000000.0,-82000000.0,-0.46,299000000.0,0.0807017544,11975000000.0,7123000000.0,6134000000.0,4193000000.0,4852000000.0,1669000000.0,2931000000.0,4718208000.0,3653208000.0,15.942256042972247,1.462914381111376,0.055448851774530274,0.09321914923487294,-0.009108548868908963,15.942256042972247,-0.0287800084234171,1.2734704453441295,-5.753912195121951,0.6623905657728486,0.0,2.0407429598562015,0.0,0.3093945720250522,1.031958025280229,-0.017118997912317326,-39.984813559322035,0.08070175438596491,-0.02222222222222224,-1.9204892824506798,-0.37203620731889026,0.190060061661626,0.22540983606557377,-0.025,0.6387665198237885,-2.0326976867163618,-0.4344205573859393,-0.02829857933672734,Auto Parts,Consumer Cyclical,MGA
2009Q1,2009,Q1,2009-03-31,2009-03-31,-200000000.0,3574000000.0,-227000000.0,-0.45,244000000.0,0.068270845,11685000000.0,7047000000.0,6056000000.0,4024000000.0,4638000000.0,1578000000.0,3136000000.0,2987975000.0,1649975000.0,15.772157564905998,1.5049701789264414,0.03508771929824561,0.05818078615013481,-0.026470605383911237,15.772157564905998,-0.02838087129274869,0.8360310576385003,-3.73496875,0.4240066695047538,-0.105,2.1102661596958177,0.007028171253106201,0.305862216516902,1.0854870775347913,-0.017115960633290545,-21.496223021582733,0.06827084499160604,-0.3636363636363636,-1.939044801681523,-0.39493348392847716,0.21469529530201817,-0.37275064267352187,-0.35135135135135137,0.3495702005730659,-1.9155250755899396,-0.42375613600798306,0.008376219425426231,Auto Parts,Consumer Cyclical,MGA
2008Q4,2008,Q4,2008-12-31,2008-12-31,-148000000.0,4836000000.0,-349000000.0,-0.33,389000000.0,0.0804383788,13189000000.0,7363000000.0,7351000000.0,5093000000.0,5826000000.0,1647000000.0,3357000000.0,3343181000.0,1795181000.0,16.479409131602505,1.4433536226192814,0.09166729850633103,0.16419937525465164,-0.036519181549512864,16.479409131602505,-0.020100502512562814,0.6913112076095947,-5.647265202702703,0.45405147358413694,-0.12837837837837837,2.7000607164541592,0.005683210092423952,0.3666691940253241,1.0973885725505597,-0.01122147243915384,32.77628431372549,0.0804383788254756,0.31249999999999994,-1.9265242043257693,-0.09627449533694656,0.2902742240970725,-0.3516666666666667,0.3116279069767442,-1.8994845360824741,-2.73045269709096,-0.19830406192584157,0.08841916214209387,Auto Parts,Consumer Cyclical,MGA
2008Q3,2008,Q3,2008-09-30,2008-09-30,-215000000.0,5533000000.0,388000000.0,-0.48,600000000.0,0.1084402675,14454000000.0,8196000000.0,8397000000.0,5530000000.0,6258000000.0,1831000000.0,3525000000.0,5712804000.0,4000804000.0,18.36021505376344,1.5184448462929476,0.047391725473917255,0.08357735480722303,0.08386684253703733,18.36021505376344,-0.026232308443142997,1.032496656425086,-6.642795348837209,0.6970234260614934,-0.18604651162790697,2.6941561987984706,0.007001815570777503,0.3828006088280061,1.1600361663652803,-0.014874775148747752,57.12804,0.10844026748599313,-1.96,-2.5143736412245135,0.333318005375339,0.525114442317812,-0.329608938547486,-1.947136563876652,0.24358974358974358,-2.313428461937287,-0.0012362627298094218,0.21430586444658745,Auto Parts,Consumer Cyclical,MGA
2008Q2,2008,Q2,2008-06-30,2008-06-30,227000000.0,6713000000.0,312000000.0,0.5,895000000.0,0.1333234024,15757000000.0,8817000000.0,9088000000.0,5898000000.0,6940000000.0,1861000000.0,3780000000.0,6700044000.0,4934044000.0,19.489389920424404,1.5408613089182774,0.04785174842926953,0.08551661562889872,0.023197033620042783,19.489389920424404,0.02574571849835545,0.9980700134068226,7.378903083700441,0.759900646478394,0.1762114537444934,3.126276195593767,0.005970110047038497,0.4260328742780986,1.1875211936249577,0.014406295614647457,394.12023529411766,0.13332340235364218,0.13636363636363635,0.10389036251105227,0.4761514473052934,0.22203742203742205,0.06801909307875895,0.0966183574879227,0.2,-0.04374103546517333,0.08617414380237984,0.3173156364877024,Auto Parts,Consumer Cyclical,MGA
2008Q1,2008,Q1,2008-03-31,2008-03-31,207000000.0,6622000000.0,260000000.0,0.44,838000000.0,0.1265478707,15754000000.0,8729000000.0,9182000000.0,5999000000.0,7025000000.0,1766000000.0,3647000000.0,8282820000.000001,6186820000.000001,19.009146341463413,1.5305884314052343,0.046718293766662436,0.08431664566387903,0.019881861403256016,19.009146341463413,0.023714056592965976,1.2508033826638478,10.00340579710145,0.9488853247794709,0.19806763285024154,3.27519818799547,0.00495000495000495,0.4203376920147264,1.2142023670611768,0.01313952012187381,86.27937500000002,0.12654787073391724,6.213114754098361,0.06407278358497873,0.4642824760695826,0.27684833321194613,-0.019883040935672516,6.392857142857143,-0.015151515151515152,0.06615651081759988,0.02594502597701739,0.26541003628003873,Auto Parts,Consumer Cyclical,MGA
2007Q4,2007,Q4,2007-12-31,2007-12-31,28000000.0,6836000000.0,264000000.0,0.061,855000000.0,0.1250731422,15343000000.0,8642000000.0,8770000000.0,5658000000.0,6701000000.0,1681000000.0,3526000000.0,9233364000.0,7079364000.0,18.819686411149824,1.5500176740897844,0.05214104151730431,0.09257116408238833,0.0038565762659868975,18.819686411149824,0.0032399907428835918,1.3506968987712111,82.44075000000001,1.0684290673455221,1.5,3.558001189767995,0.00454872135442727,0.44554519976536533,1.2256981265464828,0.0018249364531056507,17.620923664122138,0.12507314218841428,-0.8257142857142857,-0.860376807360888,0.6035765814398587,0.3275499139685838,0.07142857142857142,-0.8193548387096774,0.06451612903225806,-0.860646752534941,0.07127786978761846,0.4068078706460398,Auto Parts,Consumer Cyclical,MGA
2007Q3,2007,Q3,2007-09-30,2007-09-30,155000000.0,6077000000.0,248000000.0,0.35,798000000.0,0.1313147935,15513000000.0,8759000000.0,9024000000.0,5483000000.0,6754000000.0,1716000000.0,3640000000.0,10657725000.0,8794725000.0,19.816742081447963,1.6458143352179464,0.05086056855540515,0.09007877611599498,0.015078554404397098,19.816742081447963,0.01769608402785706,1.7537806483462235,17.189879032258066,1.2167741751341479,0.2709677419354839,3.0763403263403264,0.003940803501685397,0.3917359633855476,1.307678278314791,0.009991619931670212,247.85406976744187,0.1313147934836268,-0.4067796610169492,-0.040415466886055205,0.640598415168461,0.44748376942750345,-0.17901234567901234,-0.4083969465648855,-0.3891625615763547,-0.008884631898801065,0.11278469710498033,0.5107388332224161,Auto Parts,Consumer Cyclical,MGA
2007Q2,2007,Q2,2007-06-30,2007-06-30,262000000.0,6731000000.0,406000000.0,0.59,972000000.0,0.1444064775,14532000000.0,7924000000.0,8290000000.0,5361000000.0,6608000000.0,1564000000.0,4206000000.0,9927009000.0,8493009000.0,18.157653528872594,1.5463532922962133,0.05498210845031654,0.10083291267036851,0.03234596425012566,18.157653528872594,0.033064109035840485,1.4748193433368,9.47233683206107,1.2527775113579,0.09923664122137404,3.682225063938619,0.0026191171983424213,0.4631846958436554,1.2318597276627494,0.018029176988714563,68.46213103448275,0.14440647749220026,0.20408163265306117,0.36351807147098325,0.7017286730808382,0.3281223063542895,0.15302491103202848,0.2018348623853211,0.4,0.20446612177828005,0.16803109487274132,0.3554354051242469,Auto Parts,Consumer Cyclical,MGA
2007Q1,2007,Q1,2007-03-31,2007-03-31,218000000.0,6423000000.0,290000000.0,0.49,843000000.0,0.1312470808,13879000000.0,7420000000.0,7733000000.0,5254000000.0,6459000000.0,1521000000.0,3970000000.0,8186990000.0,6956990000.0,17.01834862385321,1.471830985915493,0.05209309028027956,0.09743935309973045,0.025454830962125773,17.01834862385321,0.029380053908355797,1.2746364627121283,9.38875,1.103367924528302,0.0963302752293578,3.668639053254438,0.0025650452730490696,0.4627855032783342,1.1612105062809288,0.01570718351466244,58.4785,0.13124708080336292,6.368421052631579,0.0901960784313726,0.5746487981680773,0.23125593166719394,0.2638680659670165,6.517241379310345,3.8333333333333335,0.04891304347826093,0.11432832278907709,0.31067090359284505,Auto Parts,Consumer Cyclical,MGA
