Year,Date,FillingDate,NetIncome,Revenue,OperatingIncome,EPSDiluted,GrossProfit,GrossProfitRatio,TotalAssets,CommonStockEquity,CurrentAssets,CurrentLiability,TotalLiability,Inventory,RetainedEarnings,EnterpriseValue,bookValuePerShare,currentRatio,debtToAssets,debtToEquity,roic,shareholdersEquityPerShare,roe,priceToSalesRatio,peRatio,pbRatio,payoutRatio,inventoryTurnover,dividendYield,assetTurnover,quickRatio,returnOnAssets,priceToFreeCashFlowsRatio,grossProfitMargin,epsdilutedGrowth,fiveYNetIncomeGrowthPerShare,fiveYRevenueGrowthPerShare,fiveYShareholdersEquityGrowthPerShare,grossProfitGrowth,netIncomeGrowth,operatingIncomeGrowth,threeYNetIncomeGrowthPerShare,threeYRevenueGrowthPerShare,threeYShareholdersEquityGrowthPerShare,Industry,Sector,Price,MarketCap,AvgVolume,Symbol
2022,2022-12-31,2023-02-23,-621000000.0,2575000000.0,1000000.0,-0.97,1840000000.0,0.7145631068,20436000000.0,10791000000.0,2008000000.0,1558000000.0,9644000000.0,388000000.0,-3079000000.0,9568720000.0,16.940345368916798,1.2888318356867778,0.35951262477980034,0.680845148735057,5.938210481543927e-05,16.940345368916798,-0.057547956630525435,1.1280466019417474,-4.677487922705314,0.2691798721156519,0.0,1.8943298969072164,0.0,0.12600313172832256,0.7496790757381258,-0.03038755137991779,-10.798215613382897,0.7145631067961165,-0.043010752688171956,0.8781007470760315,-0.46835755182302685,-0.47873809402325734,0.014332965821389196,-0.050761421319796954,1.0833333333333333,0.5253556535520395,-0.1988535151007394,-0.12599128597394366,Oil & Gas Drilling,Energy,8.075,6189067600,15307236,RIG
2021,2021-12-31,2022-02-23,-591000000.0,2556000000.0,-12000000.0,-0.93,1814000000.0,0.7097026604,20681000000.0,11205000000.0,2444000000.0,1303000000.0,9475000000.0,392000000.0,-2458000000.0,7952120000.0,17.59026687598116,1.8756715272448197,0.34669503408926067,0.6398929049531459,-0.0007984634195220479,17.59026687598116,-0.052744310575635875,0.6878403755868544,-2.9748223350253804,0.156904953145917,0.0,1.8928571428571428,0.0,0.12359170252889125,1.1266308518802763,-0.028576954692713118,4.7905177111716615,0.7097026604068858,-0.010869565217391313,-1.4376576416605797,-0.64609250055743,-0.5914676658976658,-0.2349219738506959,-0.040492957746478875,-1.065934065934066,0.7824628849535807,-0.3777741712987382,-0.3719199742153671,Oil & Gas Drilling,Energy,8.075,6189067600,15307236,RIG
2020,2020-12-31,2021-03-01,-568000000.0,3152000000.0,182000000.0,-0.92,2371000000.0,0.7522208122,21804000000.0,11432000000.0,2740000000.0,1386000000.0,10369000000.0,434000000.0,-1866000000.0,8639650000.0,18.588617886178863,1.976911976911977,0.3840121078701156,0.7324177746675997,0.00938015705157317,18.588617886178863,-0.0496850944716585,0.4507138324873096,-2.5011443661971833,0.12426959412176347,0.0,1.7995391705069124,0.0,0.14456063107686662,1.2532467532467533,-0.026050266006237388,10.68157894736842,0.7522208121827412,0.551219512195122,-1.4238413863278963,-0.7481114567441369,-0.5345793700729116,0.06180026869682042,0.5481304693715194,0.46774193548387094,0.8845159260674794,-0.3259487145830086,-0.42802002097301206,Oil & Gas Drilling,Energy,8.075,6189067600,15307236,RIG
2019,2019-12-31,2020-02-18,-1257000000.0,3088000000.0,124000000.0,-2.05,2233000000.0,0.7231217617,24105000000.0,11862000000.0,3640000000.0,1724000000.0,12238000000.0,479000000.0,-1297000000.0,12289560000.0,19.38235294117647,2.1113689095127612,0.4094171333748185,0.8319844882819086,0.005824201832724625,19.38235294117647,-0.10596863935255438,1.3635233160621762,-3.3496897374701673,0.35496206373292866,0.0,1.7849686847599164,0.0,0.1281062020327733,1.4176334106728539,-0.052146857498444305,-89.5863829787234,0.7231217616580311,0.5199063231850117,0.6113331898363109,-0.8008979625568707,-0.48676674971063694,0.015,0.37024048096192386,1.09912070343725,-1.9688807399566512,-0.5549649484082666,-0.5498466314762837,Oil & Gas Drilling,Energy,8.075,6189067600,15307236,RIG
2018,2018-12-31,2019-02-19,-1996000000.0,3018000000.0,-1251000000.0,-4.27,2200000000.0,0.7289595758780649,25665000000.0,13107000000.0,3948000000.0,1458000000.0,12551000000.0,474000000.0,-67000000.0,11065920000.0,28.006410256410255,2.707818930041152,0.38877849210987725,0.7612726024261844,-0.059827590735121026,28.006410256410255,-0.15228503852903028,1.0761829025844931,-1.6272144288577155,0.24780041199359124,0.0,1.7257383966244726,0.0,0.11759205143191116,1.8957475994513031,-0.07777128384960062,8.68427807486631,0.7289595758780649,0.46625000000000005,-2.091247061396315,-0.7552152613308244,-0.3959434610084661,0.027557216254086876,0.36168851934761753,0.5003993610223643,-2.9572433466238777,-0.6830646337145119,-0.29877728493054745,Oil & Gas Drilling,Energy,8.075,6189067600,15307236,RIG
2017,2017-12-31,2018-02-21,-3127000000.0,2973000000.0,-2504000000.0,-8.0,2141000000.0,0.7201479986545577,22410000000.0,12707000000.0,4606000000.0,1369000000.0,9699000000.0,418000000.0,1929000000.0,9052880000.0,32.49872122762148,3.364499634769905,0.33003123605533247,0.5820413945069647,-0.1250910814948792,32.49872122762148,-0.24608483513024318,1.40460141271443,-1.3354269267668692,0.32862831510191237,0.0,1.9904306220095693,0.0,0.1326639892904953,2.6369612856099343,-0.1395359214636323,6.454219474497681,0.7201479986545577,-4.809523809523809,-12.000408740029663,-0.705646511493377,-0.26519245747645304,-0.34485924112607097,-5.019280205655527,-3.2120141342756185,-0.5133686193402791,-0.6999677170609478,-0.13945306968042018,Oil & Gas Drilling,Energy,8.075,6189067600,15307236,RIG
2016,2016-12-31,2017-03-07,778000000.0,4161000000.0,1132000000.0,2.1,3268000000.0,0.7853881278538812,26889000000.0,15802000000.0,5098000000.0,1985000000.0,11084000000.0,561000000.0,5056000000.0,10821580000.0,43.05722070844686,2.5682619647355165,0.31477555877868274,0.5356284014681686,0.04036392221682598,43.05722070844686,0.04923427414251361,1.3000672915164624,6.95318766066838,0.34233514744968996,0.0,1.5918003565062389,0.0,0.15474729443266763,1.9899244332493702,0.028933764736509354,9.540705467372135,0.7853881278538812,-0.0277777777777778,1.1192322977523412,-0.6006567884131508,-0.11697184458824979,-0.4912034874669158,-0.01643489254108723,-0.17971014492753623,-0.45759718340953853,-0.569629388719507,-0.07131990563532016,Oil & Gas Drilling,Energy,8.075,6189067600,15307236,RIG
2015,2015-12-31,2016-02-25,791000000.0,7386000000.0,1380000000.0,2.16,6423000000.0,0.8696181965881398,26329000000.0,14498000000.0,4785000000.0,2669000000.0,11521000000.0,635000000.0,4140000000.0,10644940000.0,39.93939393939394,1.7928062944923193,0.3224581260207376,0.5855980135191061,0.04682132405954451,39.93939393939394,0.054559249551662296,0.6084402924451665,5.681340075853351,0.309969650986343,0.48166877370417194,1.5165354330708662,0.08478083819543653,0.2805271753579703,1.3930310977894342,0.030042918454935622,3.112146814404432,0.8696181965881398,1.4083175803402648,-0.274401378270454,-0.3200632435082196,-0.40230060980189597,-0.20062227753578096,1.4134866701515945,2.0014513788098696,4.542221719058581,-0.21231293519640226,-0.09695622467931143,Oil & Gas Drilling,Energy,8.075,6189067600,15307236,RIG
2014,2014-12-31,2015-02-26,-1913000000.0,9174000000.0,-1378000000.0,-5.29,8035000000.0,0.8758447787224766,28413000000.0,13671000000.0,6001000000.0,3770000000.0,14431000000.0,818000000.0,3349000000.0,14092460000.0,37.76519337016575,1.5917771883289125,0.35518952592123326,0.738204959403116,-0.061111293424854836,37.76519337016575,-0.1399312413137298,0.7232897318508829,-3.468614741244119,0.4853675663813912,-0.5321484579194982,1.3924205378973105,0.1534181503618438,0.3228803716608595,1.2612732095490715,-0.06732833562101855,120.64472727272725,0.8758447787224766,-2.3669250645994833,-1.5316094699015739,-0.2982335358542308,-0.41198608999352665,-0.04059701492537313,-2.359630419331912,-1.6196043165467626,0.7027740114357403,-0.10738368600509332,-0.2255020530416298,Oil & Gas Drilling,Energy,8.075,6189067600,15307236,RIG
2013,2013-12-31,2014-02-27,1407000000.0,9484000000.0,2224000000.0,3.87,8375000000.0,0.8830662167861661,32546000000.0,16691000000.0,6772000000.0,3554000000.0,15861000000.0,743000000.0,5262000000.0,25250200000.0,46.36388888888889,1.9054586381541925,0.32882689116942176,0.6411838715475406,0.06704149400367738,46.36388888888889,0.0842969264873285,1.8759173344580347,12.644776119402986,1.0659157629860405,0.43070362473347545,1.4925975773889637,0.034061783353568055,0.29140293738093775,1.5208216094541362,0.043231119031524615,-55.5975,0.8830662167861661,7.241935483870968,-0.7042241789623989,-0.3389984745673557,-0.10773924796255957,0.037408646104298275,7.424657534246576,0.40670461733080326,0.3014221297259799,-0.11965097930010211,-0.30615701985481725,Oil & Gas Drilling,Energy,8.075,6189067600,15307236,RIG
2012,2012-12-31,2013-03-01,-219000000.0,9196000000.0,1581000000.0,-0.62,8073000000.0,0.8778816876903002,34255000000.0,15745000000.0,8647000000.0,5463000000.0,18525000000.0,610000000.0,3855000000.0,23223960000.0,44.22752808988764,1.5828299469156142,0.36371332652167565,0.7912988250238171,0.051617000270388944,44.22752808988764,-0.013909177516671959,1.7288995215311003,-72.59799086757991,1.0097783423308986,-1.269406392694064,1.840983606557377,0.01748542043001555,0.2684571595387535,1.3424858136555007,-0.006393227266092541,12.23938414164742,0.8778816876903002,0.9651489600899381,-1.0420460132276368,-0.133145274538237,-0.24680160661817963,2.693046660567246,0.9617467248908297,1.3310301507537687,-1.0618842919158347,-0.28469475460969734,-0.3113658530184874,Oil & Gas Drilling,Energy,8.075,6189067600,15307236,RIG
2011,2011-12-31,2012-02-27,-5725000000.0,9142000000.0,-4776000000.0,-17.79,2186000000.0,0.23911616714066944,35088000000.0,15701000000.0,7609000000.0,5358000000.0,19281000000.0,627000000.0,4244000000.0,21880580000.0,48.76086956521739,1.4201194475550578,0.3857729138166895,0.8621106935863958,-0.17522897945865956,48.76086956521739,-0.36462645691357237,1.3521745788667687,-2.159227947598253,0.7873116362015159,0.0,11.094098883572567,0.0,0.2605449156406749,1.1558417319895484,-0.16316119471044233,16.158928104575164,0.23911616714066944,-6.949832775919733,-5.018039329999776,1.289149474721681,1.2326144198234412,-0.5095355620372448,-6.957336108220604,-3.559485530546624,-2.34552165339782,-0.28764125117494904,-0.06160999021186578,Oil & Gas Drilling,Energy,8.075,6189067600,15307236,RIG
2010,2010-12-31,2011-02-28,961000000.0,9576000000.0,1866000000.0,2.99,4457000000.0,0.4654344193817878,36811000000.0,21383000000.0,6195000000.0,3836000000.0,15411000000.0,517000000.0,9969000000.0,30070200000.0,66.821875,1.614963503649635,0.30482736138654204,0.5247626619276996,0.043529988102736374,66.821875,0.044942243838563344,2.3228070175438598,23.145889698231013,1.0402282186783893,0.0,9.901353965183752,0.0,0.26013963217516506,1.4061522419186652,0.02610632691315096,8.774437869822485,0.4654344193817878,-0.6961382113821138,0.3727252480435996,2.3850217864923753,1.7384436038062072,-0.30533042394014964,-0.6978937441056272,-0.5759090909090909,-0.7947400990099011,0.004226125137211878,0.13798195527614202,Oil & Gas Drilling,Energy,8.075,6189067600,15307236,RIG
2009,2009-12-31,2010-02-24,3181000000.0,11556000000.0,4400000000.0,9.84,6416000000.0,0.5552094150224991,36436000000.0,20552000000.0,4476000000.0,3618000000.0,15877000000.0,462000000.0,9008000000.0,37083000000.0,64.225,1.2371475953565505,0.32157756065429793,0.5701148306734137,0.11015327985260498,64.225,0.15477812378357336,2.292834890965732,8.329456145866079,1.2892175943947062,0.0,11.125541125541126,0.0,0.31715885388077725,0.9820342730790492,0.08730376550664179,10.406912804399058,0.5552094150224991,-0.2482811306340718,19.95891302562418,3.4334141512682192,1.787896342288234,-0.12337751058887826,-0.2429795335554498,-0.17864476386036962,1.2465094765342961,1.9116982225656878,1.9406707138677586,Oil & Gas Drilling,Energy,8.075,6189067600,15307236,RIG
2008,2008-12-31,2008-12-31,4202000000.0,12674000000.0,5357000000.0,13.09,7319000000.0,0.5774814581032034,35171000000.0,16524000000.0,5349000000.0,2701000000.0,18644000000.0,432000000.0,6008000000.0,28248500000.0,51.9622641509434,1.9803776379118845,0.4033436638139376,0.8585088356330186,0.14821785021337022,51.9622641509434,0.2542967804405713,1.1855373204986586,3.575797239409805,0.9093137254901961,0.0,12.395833333333334,0.0,0.36035370049188253,1.540170307293595,0.11947342981433567,5.461832061068702,0.5774814581032034,-0.07425742574257431,219.092963836478,4.235895174235513,1.3103651079542444,1.0353170189099,0.3420632385819227,0.6539055263970361,5.040030620388046,3.508311252134987,1.1294782569845505,Oil & Gas Drilling,Energy,8.075,6189067600,15307236,RIG
TTM,,,,,,,,,,,,,,,,13067067600.0,14.18131868131868,1.9287749287749287,0.3775874021986729,0.7385703215807826,-0.008223892187342843,14.18131868131868,-0.08373354167145385,2.346121152388173,-6.45290889132821,0.5694110809763657,0.0,1.882051282051282,0.0,0.13063286124591464,1.1832858499525165,-0.04511240962662177,-21.341612413793104,0.7217589082638363,,,,,,,,,,,Oil & Gas Drilling,Energy,8.075,6189067600,15307236,RIG
