Quarters,Year,Quarter,FillingDate,Date,NetIncome,Revenue,OperatingIncome,EPSDiluted,GrossProfit,GrossProfitRatio,TotalAssets,CommonStockEquity,CurrentAssets,CurrentLiability,TotalLiability,Inventory,RetainedEarnings,MarketCap,EnterpriseValue,bookValuePerShare,currentRatio,debtToAssets,debtToEquity,roic,shareholdersEquityPerShare,roe,priceToSalesRatio,peRatio,pbRatio,payoutRatio,inventoryTurnover,dividendYield,assetTurnover,quickRatio,returnOnAssets,priceToFreeCashFlowsRatio,grossProfitMargin,epsdilutedGrowth,fiveYNetIncomeGrowthPerShare,fiveYRevenueGrowthPerShare,fiveYShareholdersEquityGrowthPerShare,grossProfitGrowth,netIncomeGrowth,operatingIncomeGrowth,threeYNetIncomeGrowthPerShare,threeYRevenueGrowthPerShare,threeYShareholdersEquityGrowthPerShare,Industry,Sector,Symbol
2023Q1,2023,Q1,2023-05-03,2023-03-31,-7160000.0,36554000.0,11225000.0,-0.18,29827000.0,0.8159708924,1186583000.0,188987000.0,69101000.0,38529000.0,995955000.0,0.0,-542937000.0,504219394.17,1242734394.17,4.7338635474922715,1.7934802356666406,0.6344275958782487,3.983348060977739,-0.03540475876265147,4.7338635474922715,-0.03788620381296068,13.793822677955902,-17.60542577409218,2.6680109963648295,-2.1108938547486034,0.0,0.029975046923530754,0.0308061045877111,1.4002180175971346,-0.0060341333054662,33.79713078423487,0.815970892378399,0.10000000000000009,-2.1417607775269887,0.018583360916303034,-0.46424211970415646,-0.022161754581516573,0.08556832694763729,0.08906568351605705,-3.6609458773370194,-0.08393844875560799,-0.2774206740459852,REIT—Diversified,Real Estate,GOOD
2022Q4,2022,Q4,2023-02-22,2022-12-31,-7830000.0,37217000.0,10307000.0,-0.2,30503000.0,0.8195985705,1201509000.0,202780000.0,66707000.0,36212000.0,996939000.0,0.0,-530228000.0,720588579.0,1463449579.0,5.20606363926287,1.8421241577377665,0.6279719918868689,3.720850182463754,-0.046243369831786584,5.20606363926287,-0.038613275470953744,19.361812585646344,-23.007298180076628,3.5535485698786866,-2.3077905491698596,0.0,0.025076722732792576,0.030975215333384935,1.3955870981994918,-0.0065168051175646625,58.684630588810165,0.8195985705457184,-0.1764705882352941,-3.019944649937376,0.10927152152449159,-0.4279488925537673,-0.08393897531383267,-0.18456883509833585,-0.2319672131147541,-12.800006017912121,0.09364400565558956,-0.15868781948566743,REIT—Diversified,Real Estate,GOOD
2022Q3,2022,Q3,2022-11-07,2022-09-30,-6610000.0,39834000.0,13420000.0,-0.17,33298000.0,0.8359190641,1209668000.0,385709000.0,77519000.0,22374000.0,822021000.0,0.0,-514057000.0,612323377.0,1345906377.0,9.763614659448157,3.4646911593814247,0.6176264892515964,1.9370120997954416,-0.031211878252666143,9.763614659448157,-0.017137271881133186,15.37187771752774,-23.15897795007564,1.5875268064784591,-2.7225416036308623,0.0,0.029389699423479628,0.0329296964125694,2.345356217037633,-0.00546430921542109,27.470766128308657,0.8359190641160817,-0.21428571428571425,-2.9777528992627906,0.16568743712906697,0.029890558635974063,0.1310461956521739,-0.19120562263470894,0.3330684414423363,-3.352723957786307,0.09154971655460628,0.1939595955840191,REIT—Diversified,Real Estate,GOOD
2022Q2,2022,Q2,2022-08-01,2022-06-30,-5549000.0,36399000.0,10067000.0,-0.14,29440000.0,0.8088134289,1193389000.0,382881000.0,82042000.0,59664000.0,809233000.0,0.0,-498574000.0,729969948.84,1458615948.8400002,9.881883564471366,1.3750670421024402,0.6195691430036644,1.9311143671271231,-0.031512057393067304,9.881883564471366,-0.014492753623188406,20.054670426110608,-32.8874548945756,1.9065191243232231,-3.1827356280410886,0.0,0.02419414666051008,0.030500532517058563,0.8240815231965675,-0.004649783096710293,41.90172486309626,0.8088134289403555,-0.6607354685646503,-6.682622545944022,0.07749634411467136,0.08531989287432744,0.018403210184032102,-0.7367762128325509,0.009020747719755437,-2.9634762730363184,0.014485956033002024,0.15989813956727603,REIT—Diversified,Real Estate,GOOD
2022Q1,2022,Q1,2022-05-04,2022-03-31,-3195000.0,35531000.0,9977000.0,-0.0843,28908000.0,0.8135993921,1154409000.0,383523000.0,62471000.0,43487000.0,769578000.0,0.0,-482493000.0,834616419.06,1535874419.06,10.11863206514858,1.4365442546048244,0.615763563866879,1.8534559856905584,-0.008547105461736685,10.11863206514858,-0.008330660742641249,23.489809435704032,-65.3064490657277,2.1761834858926323,-5.435054773082942,0.0,0.02080596499594102,0.030778519571486362,0.2204106974498126,-0.0027676499403590927,48.56091342642695,0.8135993920801553,0.10793650793650794,-1.5016304586017124,0.0890075962031647,0.11803888522203071,0.0147786709727244,0.08004606968039159,0.03678686480307596,-1.5376234522004042,-0.016599707598202285,0.1775875284167906,REIT—Diversified,Real Estate,GOOD
2021Q4,2021,Q4,2022-02-15,2021-12-31,-3473000.0,35307000.0,9623000.0,-0.0945,28487000.0,0.8068371711,1143352000.0,201303000.0,20482000.0,43717000.0,940790000.0,0.0,-468523000.0,947531434.83,1652610434.83,5.474835049594658,0.4685133929592607,0.6236355907891883,3.5420982300313457,-0.011811725394604448,5.474835049594658,-0.01725259931545978,26.836928507944602,-68.20698494313274,4.7069911269578695,-4.952202706593723,0.0,0.018151376690827923,0.030880253850082914,1.0755998810531373,-0.0030375597366340376,57.66028326112092,0.8068371710992155,-3.3625000000000003,-2.0678052137828127,0.1309719026179507,-0.4083662412995049,0.034874850147128274,-1.775742684833594,0.0890674513354459,-2.1094388990397928,0.03974313206969945,-0.35293743020721585,REIT—Diversified,Real Estate,GOOD
2021Q3,2021,Q3,2021-11-01,2021-09-30,4477000.0,34334000.0,8836000.0,0.04,27527000.0,0.801741713753131,1104794000.0,370523000.0,28095000.0,13301000.0,732988000.0,0.0,-454494000.0,773247422.37,1442640422.37,10.077109169167679,2.1122471994586873,0.6151581199753076,1.8342262153766433,0.00836966724984063,10.077109169167679,0.012082920628409032,22.521332276169396,43.17888219622515,2.0869080256016495,3.7851239669421486,0.0,0.021915365651088214,0.031077286806409157,0.7691151041275092,0.00405233916911207,40.07709248315538,0.801741713753131,-0.3203591596638655,41.8125991675024,0.058331922819990376,0.0914406474972945,0.04028570348815237,1.0901027077497665,0.05592734225621415,0.306957140235045,0.009049230023220767,0.17171737333625384,REIT—Diversified,Real Estate,GOOD
2021Q2,2021,Q2,2021-08-09,2021-06-30,2142000.0,33371000.0,8368000.0,0.0588546150055034,26461000.0,0.7929339845974049,1089224000.0,373664000.0,27507000.0,11046000.0,714222000.0,0.0,-442122000.0,821065943.52,1472096943.52,10.26697052353708,2.4902227050516026,0.6111350833253766,1.7814480388798493,0.008008184272454354,10.26697052353708,0.005732422711312837,24.60417558718648,95.82935848739496,2.1973375640147297,7.842203548085901,0.0,0.020458770860699846,0.030637407916094393,1.3246424044903133,0.001966537645149207,46.86449449315069,0.7929339845974049,25.606835667726,0.5759401613556819,0.02035797544620032,0.07149109859058894,-0.058863280694266606,26.11392405063291,0.07654702174192718,-0.3163708979055007,0.01126353119362563,0.19866112523312848,REIT—Diversified,Real Estate,GOOD
2021Q1,2021,Q1,2021-05-10,2021-03-31,79000.0,34677000.0,7773000.0,0.002212011068903389,28116000.0,0.8107967817285232,1088343000.0,211747000.0,22541000.0,8673000.0,875180000.0,0.0,-425422000.0,698567932.92,1357485932.92,5.928945668444125,2.598985356854606,0.6145020457704969,3.15843435798382,0.008771335910682004,5.928945668444125,0.0003730867497532433,20.14499330737953,2210.65801556962,3.299068855379297,210.74683544303798,0.0,0.02383304359592848,0.0318621978549042,1.1381298282024674,7.258741040278663e-05,41.386808040760705,0.8107967817285232,-0.9914628381086747,-0.9390353126912041,0.060372114337113834,-0.38747270185617516,0.08309256905119612,-0.9910522142938045,-0.12907563025210084,-0.9859179595000274,0.08013885446847631,-0.32898797528763507,REIT—Diversified,Real Estate,GOOD
2020Q4,2020,Q4,2021-02-16,2020-12-31,8829000.0,32865000.0,8925000.0,0.259103797850087,25959000.0,0.7898676403468736,1097908000.0,213183000.0,33719000.0,60731000.0,881871000.0,0.0,-409041000.0,613352646.0,1276715646.0,6.2562606112895125,0.5552189162042449,0.6142399909646346,3.1633807573774644,0.009991614880061438,6.2562606112895125,0.04141512221893866,18.662791602008216,17.367557084607544,2.8771179972136616,1.8376939630762261,0.0,0.026452971395512656,0.02993420213715539,0.18139006438227595,0.00804165740663152,46.78509885583524,0.7898676403468736,2.1022487702037944,1.3738715338958711,0.04092225294296376,-0.37110441666362487,-0.022333534197047304,2.102248770203795,-0.016203703703703703,6.181407341949035,0.11971641657625295,-0.3125514670682839,REIT—Diversified,Real Estate,GOOD
2020Q3,2020,Q3,2020-11-05,2020-09-30,2846000.0,33142000.0,9072000.0,0.08352128312168397,26552000.0,0.8011586506547583,1075836000.0,198049000.0,42371000.0,54928000.0,875025000.0,0.0,-401834000.0,574166226.95,1230183226.95,5.812124596263664,0.7713916399650451,0.619413181934793,3.3647582164009915,0.010425620917436254,5.812124596263664,0.014370181116794329,17.324429031138738,50.436246218376674,2.899111972037223,5.611384399156711,0.0,0.027814244813446177,0.03080581055105053,0.18879260122341976,0.0026453846125245855,33.85214474087613,0.8011586506547583,1.8546805805102626,20.485582343318043,0.01911294106653287,-0.435077314328651,-0.024899008446566288,1.8660624370594159,-0.03417438518045353,-0.012773351426138281,0.12439346749538377,-0.38692252243738257,REIT—Diversified,Real Estate,GOOD
2020Q2,2020,Q2,2020-07-27,2020-06-30,993000.0,33525000.0,9393000.0,0.029257663253783327,27230000.0,0.8122296793437733,1086051000.0,205741000.0,34795000.0,52075000.0,877418000.0,0.0,-388900000.0,636371737.5,1299459737.5,6.061934436552503,0.6681709073451753,0.619354892173572,3.2694066812157034,0.010623642779587404,6.061934436552503,0.004826456564321161,18.982005592841162,160.21443542296072,3.09307205418463,15.935548841893253,0.0,0.024865969161617586,0.030868716110016934,0.18363898223715794,0.0009143217031244389,42.16336960842775,0.8122296793437733,-0.5659109291454845,0.48186595548411926,0.04228676060769339,-0.42683091040303567,-0.006421951397504196,-0.5619761799735333,-0.01406528812847696,0.160908003786746,0.13294704540276212,-0.3342222674081556,REIT—Diversified,Real Estate,GOOD
2020Q1,2020,Q1,2020-04-28,2020-03-31,2267000.0,33619000.0,9527000.0,0.06740013793986765,27406000.0,0.8151937892263303,1098825000.0,220354000.0,22502000.0,31682000.0,875361000.0,0.0,-374259000.0,482997824.56,1139338824.56,6.551340977327569,0.7102455653052206,0.6062785247878416,3.023289797326121,0.010676232355696605,6.551340977327569,0.010287991141526816,14.366811165114965,53.263985946184384,2.191917662307015,6.9422143802382,0.0,0.03258399769054231,0.030595408732054696,1.4346316520421691,0.002063112870566287,23.757886107230693,0.8151937892263303,2.956369982547993,1.046980648102115,0.059717480700929096,-0.3921218944820315,0.04907364875210534,2.956369982547993,0.09029526207370107,-0.5989085253228186,0.161146839455777,-0.2761221165231517,REIT—Diversified,Real Estate,GOOD
2019Q4,2019,Q4,2020-02-12,2019-12-31,573000.0,29386000.0,8738000.0,0.01703585312728018,26124000.0,0.8889947594092424,1039508000.0,208134000.0,22704000.0,60077000.0,828471000.0,0.0,-360978000.0,735259919.56,1355004919.56,6.188028367876672,0.37791500907169134,0.6027793917891926,3.0105316767082746,0.010395265145882283,6.188028367876672,0.002753034103029779,25.020755446811403,320.7940312216405,3.5326276320063035,26.835951134380455,0.0,0.020913692683265022,0.028269142709820415,0.11400369525775256,0.0005512223090154188,42.92736569126576,0.8889947594092424,-0.7604575183507175,-0.9417476192936673,-0.04170511194447933,-0.4008133200286239,0.02587865698016886,-0.7403715450838242,-0.05248319236608111,-0.8074115006246263,0.02901083053556277,-0.3312955643287883,REIT—Diversified,Real Estate,GOOD
2019Q3,2019,Q3,2019-10-30,2019-09-30,2207000.0,28667000.0,9222000.0,0.07111829605331803,25465000.0,0.8883036243764607,978012000.0,253771000.0,14964000.0,40303000.0,719759000.0,0.0,-343736000.0,729270847.0,1313918847.0,8.17750843123995,0.3712874972086445,0.6041060845879191,2.328173826008488,0.010843288495908193,8.17750843123995,0.008696817209216183,25.439384902501132,82.60884084730404,2.8737359548569383,6.687358405074762,0.0,0.020238022760287303,0.029311501290372716,0.1532144009130834,0.002256618528198018,51.66271231226977,0.8883036243764607,-0.024973636673451514,4.670108327570128,-0.11298030624662873,-0.2108591121120569,0.01304849425150177,-0.006303466906798739,0.009081956450377503,24.837884459178,0.0469789679128213,-0.11430302606870536,REIT—Diversified,Real Estate,GOOD
2019Q2,2019,Q2,2019-07-30,2019-06-30,2221000.0,28197000.0,9139000.0,0.07293986986226712,25137000.0,0.8914778167890202,969787000.0,259420000.0,16065000.0,57349000.0,705702000.0,0.0,-331461000.0,647970445.9200001,1217150445.92,8.51961325514153,0.28012694205653105,0.594738844715386,2.223305836095906,0.010852449905832227,8.51961325514153,0.008561406213861691,22.98012008085967,72.93679040072041,2.4977659622234216,6.555155335434489,0.0,0.02246861734462113,0.029075456775559994,0.13234755619104083,0.0022901936198361085,39.63121993394496,0.8914778167890202,0.2156644977044521,0.015360385872966653,-0.14553055453515437,-0.2413003837004019,0.0027125134628425544,-0.52009507346586,0.030210799233457333,0.9530986698197754,0.030484860554892187,-0.11086822102089637,REIT—Diversified,Real Estate,GOOD
2019Q1,2019,Q1,2019-04-30,2019-03-31,4628000.0,28137000.0,8871000.0,0.06,25069000.0,0.890962078402104,935020000.0,253629000.0,12518000.0,37538000.0,676729000.0,0.0,-319402000.0,616607414.3000001,1164693414.3000002,8.592679372846781,0.3334754115829293,0.5907895018288379,2.17798437875795,0.010925186304538183,8.592679372846781,0.018247124737313162,21.9144690016704,33.3085249729905,2.4311392399922727,3.066551426101988,0.0,0.02301626557006517,0.030092404440546727,0.11492354414193617,0.0049496267459519586,48.937096373015876,0.890962078402104,-0.29525976920015923,1.1871730006808774,-0.10256685727897445,-0.18385537397165222,0.0424134059628259,0.8416235575009948,0.04487632508833922,3.3212968645369942,0.041031961123937526,-0.11227881407670279,REIT—Diversified,Real Estate,GOOD
2018Q4,2018,Q4,2019-02-13,2018-12-31,2513000.0,27260000.0,8490000.0,0.08513775342710796,24049000.0,0.8822083639031548,938775000.0,249744000.0,19243000.0,55311000.0,684356000.0,0.0,-310117000.0,528942310.40000004,1088410310.4,8.461059726183704,0.3479054799226194,0.6029762190088147,2.2665569543212247,0.010406924220675825,8.461059726183704,0.010062303799090268,19.40360639765224,52.62060389972145,2.1179380101223657,5.551134102666136,0.0,0.026373386521964266,0.029037841868392318,0.11916255356077453,0.0026768927591808473,35.720037169097786,0.8822083639031548,-0.05795963148303116,2.629584267029802,-0.222409131711957,-0.34414738568591163,0.004007848703711435,-0.06126260739633919,-0.07405387719489584,-0.21998021257337064,-0.003269051268595116,-0.14947227701157983,REIT—Diversified,Real Estate,GOOD
2018Q3,2018,Q3,2018-10-30,2018-09-30,2677000.0,26591000.0,9169000.0,0.0903759077343344,23953000.0,0.9007935015606784,904175000.0,247124000.0,12445000.0,35817000.0,657051000.0,0.0,-298866000.0,542505094.4,1082119094.4,8.600289966235568,0.3474607030181199,0.5995343821715929,2.193570838931063,0.011617976503025818,8.600289966235568,0.010832618442563247,20.401831236132526,50.66353141576391,2.1952748191191467,5.093388121031005,0.0,0.025133404535269927,0.029409129869770786,0.06896166624787112,0.002960710039538806,36.66565925925926,0.9007935015606784,0.049766456710676914,3.2802288715989403,-0.18854410121107135,-0.25939842237007926,0.007402111284013963,0.060198019801980196,0.013037233454866865,22.73515653294358,-0.030351833185349602,-0.16407523190376055,REIT—Diversified,Real Estate,GOOD
2018Q2,2018,Q2,2018-07-30,2018-06-30,2525000.0,26593000.0,9051000.0,0.08609144172649312,23777000.0,0.8941074718910992,912008000.0,251216000.0,18246000.0,41063000.0,660792000.0,0.0,-287910000.0,563708761.6,1101617761.6,8.565365395945621,0.4443416214110026,0.5947985105393813,2.159340965543596,0.011403883443768687,8.565365395945621,0.010051111394178715,21.197637032301735,55.81274867326732,2.243920616521241,5.348910891089109,0.0,0.023959180555692114,0.029158735449689038,0.11085405352750652,0.0027686160647713617,42.16536476924228,0.8941074718910992,0.43485736210821874,1.3632963577240773,-0.21269670642512095,-0.36265541417523556,0.009167692372989263,-0.4516829533116178,0.011171936096525528,3.3604294521551776,-0.043259897515159844,-0.19012606661388914,REIT—Diversified,Real Estate,GOOD
2018Q1,2018,Q1,2018-05-01,2018-03-31,4605000.0,26353000.0,8951000.0,0.06,23561000.0,0.8940538079156073,923106000.0,259033000.0,17966000.0,41166000.0,664073000.0,0.0,-276927000.0,508343202.78,1048548202.78,8.835826259575033,0.436428120293446,0.5896700920587669,2.1013847656476203,0.011141939924890553,8.835826259575033,0.01777765767296059,19.28976597654916,27.597350856677522,1.9624650248423947,2.9259500542888164,0.0,0.02650571489166003,0.02854818406553527,0.10015546810474664,0.0049885928593249316,40.26161910185331,0.8940538079156073,2.19984517053206,3.0741647533278074,-0.28069265642554303,-0.19746339872365462,0.04132414036948643,4.141200545702592,0.16564656856361507,3.7706181748104677,-0.046944534438099844,-0.18015176649416645,REIT—Diversified,Real Estate,GOOD
2017Q4,2017,Q4,2018-02-14,2017-12-31,-1466000.0,25252000.0,7679000.0,-0.05000645206030505,22626000.0,0.896008236971329,928454000.0,266798000.0,27495000.0,30457000.0,661656000.0,0.0,-268058000.0,617399530.02,1153343530.02,9.100696723591588,0.9027481367173392,0.5844414478261712,2.033849579082302,0.009486981499212404,9.100696723591588,-0.005494793814046582,24.44952993901473,-105.28641371418826,2.3141085391194833,-9.057298772169167,0.0,0.02150633318358677,0.02719790102686832,0.21942410611682042,-0.0015789689096067227,51.25774429389788,0.896008236971329,-1.5910793061289488,-1.9146658156542489,-0.2986006141816366,-0.16473899925049076,0.019786361382791724,-1.615190935795216,-0.09637561779242175,-1.1709920167440968,-0.05520565557115954,-0.11877969345729698,REIT—Diversified,Real Estate,GOOD
2017Q3,2017,Q3,2017-10-31,2017-09-30,2383000.0,24365000.0,8498000.0,0.08460193334766442,22187000.0,0.910609480812641,904851000.0,267032000.0,20132000.0,54404000.0,637819000.0,0.0,-253314000.0,627283655.35,1141873655.35,9.48024484502456,0.37004632012352034,0.5734391629119049,1.9431266664669402,0.010812956716362836,9.48024484502456,0.008924024087000808,25.745276230248308,65.80818876940832,2.3490954468003835,5.443138900545531,0.0,0.02067804555303244,0.026927085232817338,0.07879935298875082,0.002633582766665451,46.892700556926066,0.910609480812641,2.356900402715387,-0.06656435434456956,-0.27004102788146295,-0.16326272042067133,0.038619979402677654,2.605143721633888,-0.0302407851192514,5.745129642075337,-0.1693947584444608,-0.0851432441429596,REIT—Diversified,Real Estate,GOOD
2017Q2,2017,Q2,2017-07-31,2017-06-30,661000.0,22867000.0,8763000.0,0.02520239601962279,21362000.0,0.9341846328770718,831573000.0,238804000.0,16604000.0,43363000.0,592769000.0,0.0,-242726000.0,571500820.35,1051267820.35,9.10504232839637,0.38290708668680673,0.5829686630037291,2.030037185306779,0.012110532971247331,9.10504232839637,0.0027679603356727694,24.99238292517602,216.1500833396369,2.393179428945914,18.42057488653555,0.0,0.021305306250554712,0.027498487805640636,0.11562853123630745,0.0007948791026163669,52.215698524440384,0.9341846328770718,-0.6399657711482458,-0.6770020791161927,-0.2310580613518795,-0.21923965994219372,0.020445208751313653,-0.8482552800734618,0.04920977011494253,-0.6491697257517955,-0.19549866037305114,-0.1891659968512071,REIT—Diversified,Real Estate,GOOD
2017Q1,2017,Q1,2017-05-02,2017-03-31,4356000.0,22314000.0,8352000.0,0.07,20934000.0,0.9381554181231514,832977000.0,234604000.0,13861000.0,69693000.0,598373000.0,0.0,-231214000.0,535810220.40000004,1027973220.4000001,9.050340018486143,0.19888654527714406,0.5957763539689571,2.115343301904486,0.011427445571864842,9.050340018486143,0.01856745835535626,24.0122891637537,30.751275275482097,2.2838920922064414,2.750918273645546,0.0,0.022364261717617656,0.026788254657691628,0.05890118089334653,0.005229436106879302,51.15133368973748,0.9381554181231514,-0.20865747928477968,0.41369533106755113,-0.22135892925704867,-0.24770092501514512,0.01744835965978129,0.8996947230702137,0.01101561554291248,1.2006030396664162,-0.18959608909993744,-0.1403861299470749,REIT—Diversified,Real Estate,GOOD
2016Q4,2016,Q4,2017-02-15,2016-12-31,2293000.0,22009000.0,8261000.0,0.088457271241704,20575000.0,0.9348448362033713,851742000.0,239877000.0,24056000.0,48232000.0,611865000.0,0.0,-223587000.0,521034612.00000006,1025771612.0,9.253757022959542,0.49875601260573893,0.5980625588499804,2.1235674950078582,0.01102536862447816,9.253757022959542,0.00955906568783168,23.67370675632696,56.80708809419974,2.1720907465075854,5.072830353249019,0.0,0.022324812463706344,0.02583998440842415,0.09657488804113451,0.0026921297763876856,45.92231729243787,0.9348448362033713,30.649672847238165,-0.13246878697092276,-0.18967754237112774,-0.251501170490177,0.01962436196045394,32.41095890410959,-0.0108955938697318,2.771101621540436,-0.2851327579481685,-0.282702057172123,REIT—Diversified,Real Estate,GOOD
2016Q3,2016,Q3,2016-10-31,2016-09-30,-73000.0,21589000.0,8352000.0,-0.002983414747860994,20179000.0,0.9346889619713743,838643000.0,225915000.0,31669000.0,53482000.0,612728000.0,0.0,-214248000.0,455850129.78,963289129.78,9.232851270726252,0.5921431509666804,0.6155014708284693,2.2848682026425866,0.011254532738805095,9.232851270726252,-0.00032313038089546955,21.114925646393996,-1561.130581438356,2.0177948776309673,-152.0,0.0,0.024341333423235165,0.02574277732002771,0.16355035338992557,-8.704538164630242e-05,38.04140280230326,0.9346889619713743,-1.0798863966520778,-1.018665116523231,-0.13640125757688806,-0.27511657886553215,0.018472719931358197,-1.0826727066817667,0.028824833702882482,-1.1370673713432782,-0.22633066978738678,-0.20492631713959736,REIT—Diversified,Real Estate,GOOD
2016Q2,2016,Q2,2016-07-25,2016-06-30,883000.0,21247000.0,8118000.0,0.037345716829041586,19813000.0,0.9325081187932414,818285000.0,226555000.0,17637000.0,66151000.0,591730000.0,0.0,-203079000.0,399346197.27000004,922073197.27,9.581946632167062,0.2666172846971323,0.6436877127162297,2.3249100659883912,0.010776940692310246,9.581946632167062,0.003897508331310278,18.795415694921637,113.06517476500566,1.7626898425106488,11.359003397508493,0.0,0.025116052358997838,0.025965281045112643,0.06036189929101601,0.0010790861374704412,44.1266516320442,0.9325081187932414,0.029276019823025527,-0.733346129911179,-0.1872842165841788,-0.3298255258411397,-0.005221669930210373,0.035169988276670575,-0.024513338139870222,0.02517735548048808,-0.219713935755988,-0.28701210918985015,REIT—Diversified,Real Estate,GOOD
2016Q1,2016,Q1,2016-04-27,2016-03-31,853000.0,21527000.0,8322000.0,0.03628348092231162,19917000.0,0.925210201142751,811461000.0,227558000.0,19371000.0,50092000.0,583903000.0,0.0,-193934000.0,385082677.97999996,898084677.98,9.67947989650573,0.3867084564401501,0.6383695581180119,2.276395468408054,0.011161929798677523,9.67947989650573,0.0037484948892150573,17.888357782319876,112.86127725087924,1.6922396838608178,11.413833528722158,0.0,0.025282882239916434,0.02652869330750338,0.10001597061407011,0.0010511903837645926,43.84908653837394,0.925210201142751,-0.6675759937646142,-0.773032117311648,-0.19409073942394553,-0.2739331328138415,-0.015909876970206037,-0.6675759937646142,-0.059235812796744294,-0.05892155619003173,-0.26728381518691285,-0.12083639152066844,REIT—Diversified,Real Estate,GOOD
2015Q4,2015,Q4,2016-02-17,2015-12-31,2566000.0,21783000.0,8846000.0,0.10914819700662559,20239000.0,0.9291190377817564,833322000.0,233871000.0,23868000.0,54414000.0,599451000.0,0.0,-185051000.0,343000993.39,868918993.39,9.9480116843868,0.43863711544823025,0.6372926671802737,2.2707817557542405,0.011564290579273434,9.9480116843868,0.01097186055560544,15.746269723637699,33.41786763347623,1.4666247349607262,3.7482462977396724,0.0,0.02804073511549313,0.026139955503394846,0.2031094938802514,0.0030792418776895364,51.89122441603631,0.9291190377817564,26.464361907595435,0.2523628439368668,-0.16124700523998275,-0.17307057027027786,0.024085412133785355,27.729166666666668,0.04168629298162977,0.9964248717717731,-0.245507140752465,-0.08697252008970233,REIT—Diversified,Real Estate,GOOD
2015Q3,2015,Q3,2015-10-27,2015-09-30,-96000.0,21375000.0,8492000.0,-0.0042863118817860184,19763000.0,0.9245847953216374,838483000.0,230427000.0,42159000.0,66444000.0,608056000.0,0.0,-177999000.0,316019934.46999997,850701934.47,10.288354041503197,0.6345042441755463,0.6421263162163097,2.3365838204724274,0.01104522533326223,10.288354041503197,-0.0004166178442630421,14.784558337777776,-822.9685793489583,1.371453581698325,-97.22916666666667,0.0,0.02953611143440726,0.02549246675245652,0.1449340798266209,-0.00011449248225664682,37.61246542132825,0.9245847953216374,-1.2170966148974467,-1.0180957458916269,-0.2092349271167746,-0.21384187938634427,0.012967708867247565,-1.222737819025522,0.017249640632486823,-1.0472920197037783,-0.19463185411935163,-0.09193807620333931,REIT—Diversified,Real Estate,GOOD
2015Q2,2015,Q2,2015-08-03,2015-06-30,431000.0,20688000.0,8348000.0,0.019743798786594685,19510000.0,0.9430587780355761,830340000.0,230874000.0,28156000.0,52901000.0,599466000.0,0.0,-168570000.0,361498821.84,890740821.8399999,10.576171232149099,0.5322394661726622,0.641350531107739,2.3066217937056575,0.010935103279614049,10.576171232149099,0.0018668191307812919,17.47384096287703,209.68609155452432,1.565784028690974,21.153132250580047,0.0,0.025219999206623142,0.024915095021316568,0.17385304625621445,0.0005190644796107619,47.95050031038599,0.9430587780355761,-0.40036956493711445,-0.8323654375679181,-0.24182442750853425,-0.19241253056421387,0.03129294851464214,-0.37896253602305474,0.003485995912970309,-0.7469603305394862,-0.16417388150480383,-0.09308987812507337,REIT—Diversified,Real Estate,GOOD
2015Q1,2015,Q1,2015-05-04,2015-03-31,694000.0,19880000.0,8319000.0,0.03292661217992392,18918000.0,0.9516096579476861,807282000.0,227157000.0,29291000.0,52970000.0,580125000.0,0.0,-159883000.0,392246245.36,896834245.36,10.77739256909939,0.5529733811591467,0.6321805763041911,2.246675207015412,0.011279923525942197,10.77739256909939,0.003055155685274942,19.73069644668008,141.299079740634,1.7267627471748612,12.682997118155619,0.0,0.022439985351348883,0.024625843261710283,0.21446101566924675,0.0008596748100415963,43.89505879140555,0.9516096579476861,-0.8874107722258273,-0.7405880054216558,-0.24449666807109668,-0.1986370987618566,0.03157205954523147,-0.8874107722258274,-0.019332783213485794,-0.7229963333518314,-0.14683240124940658,-0.10414167380218253,REIT—Diversified,Real Estate,GOOD
2014Q4,2014,Q4,2015-02-18,2014-12-31,6164000.0,19216000.0,8483000.0,0.29244904535598126,18339000.0,0.9543609492089925,787794000.0,217672000.0,28842000.0,52501000.0,570122000.0,0.0,-151724000.0,361895111.92,855895111.9200001,10.327379721078383,0.5493609645530562,0.6379827721460178,2.3089740527031495,0.011777511519969567,10.327379721078383,0.0283178360101437,18.833009571190676,14.677770600259574,1.6625708034106363,1.3442569759896172,0.0,0.02289613682826335,0.02439216343358797,0.2704519913906402,0.00782438048525376,38.022180281571764,0.9543609492089925,22.31633151361926,1.2397127949755837,-0.2667934904361748,-0.2537934268538543,0.029586795418818774,25.91703056768559,0.05117719950433705,1.8681494636390814,-0.1298810047727244,-0.1646601900231838,REIT—Diversified,Real Estate,GOOD
2014Q3,2014,Q3,2014-10-29,2014-09-30,229000.0,19014000.0,8070000.0,0.012542669724229962,17812000.0,0.9367834227411381,759407000.0,189196000.0,27755000.0,54555000.0,570211000.0,0.0,-149533000.0,310197915.23999995,810918915.24,10.36254559452145,0.5087526349555495,0.6662540640262732,2.674253155457832,0.011608938451048257,10.36254559452145,0.0012103849975686589,16.31418508677816,338.64401227074234,1.6395585278758533,33.903930131004365,0.0,0.025029181753181664,0.02503795724822131,0.19864357070845937,0.0003015510786705943,40.62841064047151,0.9367834227411381,0.2542669724229962,-0.9160226490329179,-0.1631867839279523,-0.26857535173263297,0.0423689138576779,-0.8121410992616899,0.00799400449662753,-0.9215293843797604,0.01933443687932061,-0.1864227764574665,REIT—Diversified,Real Estate,GOOD
2014Q2,2014,Q2,2014-07-29,2014-06-30,1219000.0,18390000.0,8006000.0,0.01,17088000.0,0.9292006525285481,735530000.0,190550000.0,18294000.0,33885000.0,544980000.0,0.0,-141945000.0,303237906.35,782757906.35,11.229231005406591,0.5398849048251438,0.6551561459083926,2.5289267908685384,0.01190594806651032,11.229231005406591,0.006397271057465233,16.489282563893422,62.189890555783435,1.5913823476777749,6.010664479081214,0.0,0.024162546457971876,0.025002379236740854,0.0698539176626826,0.0016573083354859762,62.07531348004095,0.9292006525285481,1.010752688172043,-0.449248342326853,-0.12873192216426424,-0.22601930241463514,0.08110843983297482,1.0902027527009028,0.07204070701660417,-0.48707737053873024,-0.01986979734728462,-0.2146122000937561,REIT—Diversified,Real Estate,GOOD
2014Q1,2014,Q1,2014-04-28,2014-03-31,-13514000.0,17136000.0,7468000.0,-0.93,15806000.0,0.9223856209150327,678882000.0,169850000.0,28668000.0,27624000.0,509032000.0,0.0,-135787000.0,279739093.26,724873093.26,10.528378303073364,1.0377932232841007,0.6642494571958013,2.6549720341477774,0.012029697308459932,10.528378303073364,-0.07956432146011186,16.32464363095238,-5.174986925780672,1.6469772932587576,-0.5169453899659612,0.0,0.02497327033768194,0.02524149999558097,0.2104329568491167,-0.01990625764123957,45.419563770092545,0.9223856209150327,-40.647667837837844,-7.58361520813506,-0.1486490153638499,-0.2920836104518554,0.008228615168718504,-41.58258258258258,0.0005359056806002144,-6.240048491203033,-0.06513671260051142,-0.21025646700058984,REIT—Diversified,Real Estate,GOOD
2013Q4,2013,Q4,2013-12-31,2013-12-31,333000.0,16861000.0,7464000.0,0.023456612979199057,15677000.0,0.929778779431825,690525000.0,183146000.0,22250000.0,28119000.0,507379000.0,0.0,-115248000.0,255109721.30999997,693565721.31,12.900855377442614,0.7912799174935097,0.6473364469063394,2.440686665283435,0.011844836451119419,12.900855377442614,0.0018182215281797036,15.130165548306742,191.5238147972973,1.3929308928941935,19.81081081081081,0.0,0.025859461435354582,0.024417653234857537,0.30392261460222625,0.0004822417725643532,59.1490195478785,0.929778779431825,0.07766990291262144,-0.8230636962345337,-0.050806319530021585,-0.15342955427759797,0.02290225760146157,0.07766990291262135,-0.03240860772621208,-0.7308595895727628,0.07512974021805958,0.07238484621380155,REIT—Diversified,Real Estate,GOOD
2013Q3,2013,Q3,2013-09-30,2013-09-30,309000.0,16190000.0,7714000.0,0.02176604627799552,15326000.0,0.9466337245213094,666412000.0,164857000.0,19923000.0,33451000.0,501555000.0,0.0,-108943000.0,254967757.08,689098757.08,11.612573110846302,0.595587575857224,0.658244449379663,2.6608636575941573,0.012781701984527414,11.612573110846302,0.001874351710876699,15.748471715873997,206.28459310679614,1.5465995200689084,20.734627831715212,0.0,0.025128667535753182,0.024294280415118576,0.13545185495201936,0.0004636771246616207,31.740041961907135,0.9466337245213094,-0.40250021536100156,-0.8366865553096694,-0.06589515651842114,-0.2553897097029332,0.11917628158317511,-0.3148558758314856,0.07692307692307693,-0.9081091499231083,-0.05507630858726529,-0.11265508404124204,REIT—Diversified,Real Estate,GOOD
2013Q2,2013,Q2,2013-06-30,2013-06-30,451000.0,14258000.0,7163000.0,0.03642854246574546,13694000.0,0.9604432599242531,594140000.0,166382000.0,15768000.0,15407000.0,427758000.0,0.0,-102813000.0,230646889.26,597063889.26,13.439143575467098,1.023430908028818,0.6234894132695997,2.226442764241324,0.013343342858526662,13.439143575467098,0.0027106297556226035,16.17666497825782,127.853042827051,1.3862490489355819,12.563192904656319,0.0,0.024565690082266497,0.02399771097721076,0.2611150775621471,0.0007590803514323223,51.42628523076923,0.9604432599242531,-0.05515911972910664,-0.7441294331812253,-0.035323169539212516,-0.1577750044849259,0.029778914122424425,0.04157043879907621,0.05930198166223011,-0.6907037575550067,-0.07865624233159907,0.02620161051328474,REIT—Diversified,Real Estate,GOOD
2013Q1,2013,Q1,2013-03-31,2013-03-31,433000.0,14035000.0,6762000.0,0.038555214138597714,13298000.0,0.9474884218026363,569198000.0,123648000.0,18321000.0,31634000.0,445550000.0,0.0,-97568000.0,220794520.02,600950520.02,11.009873251291756,0.5791553391920086,0.6806682384688633,3.1333705357142856,0.013230727690022951,11.009873251291756,0.003501876293995859,15.731707874599216,127.47951502309469,1.785669966517857,12.170900692840647,0.0,0.023868346005700834,0.024657500553410237,0.23010052475184928,0.0007607194684450754,72.29683039292732,0.9474884218026363,-0.29478827361563514,-0.7668983401776647,0.12514614993490117,-0.3242363768111129,0.004760105780128448,-0.2947882736156352,-0.2150899593731863,-0.6962431195035893,0.0010138033166559245,-0.18135078458437598,REIT—Diversified,Real Estate,GOOD
2012Q4,2012,Q4,2013-02-19,2012-12-31,614000.0,13792000.0,8615000.0,0.05467182790092147,13235000.0,0.9596142691415314,564779000.0,122365000.0,16072000.0,30890000.0,442414000.0,0.0,-92708000.0,201590113.65,580229113.65,10.895632281915725,0.5202978310132729,0.6802395273195356,3.1396641196420547,0.01700720560655414,10.895632281915725,0.005017774690475218,14.616452555829467,82.0806651669381,1.6474491370081314,8.420195439739414,0.0,0.02564609894003103,0.024420171429886735,0.17954030430560053,0.0010871509032736699,3.4993423422094154,0.9596142691415314,-0.3967911730084824,-0.6799438462526104,0.17269667707195305,-0.3444880705866529,0.04831683168316832,-0.3810483870967742,0.2540029112081514,-0.5812973424982577,-0.01236103489588177,-0.21273424170173935,REIT—Diversified,Real Estate,GOOD
2012Q3,2012,Q3,2012-11-01,2012-09-30,992000.0,12970000.0,6870000.0,0.09063499314755596,12625000.0,0.9734001542020047,525644000.0,124007000.0,37588000.0,5954000.0,401637000.0,0.0,-88138000.0,201387999.99999997,536244000.0,11.330013704888076,6.3130668458179375,0.65335283956442,2.7694484988750636,0.01469713630470779,11.330013704888076,0.007999548412589612,15.527216653816497,50.753024193548384,1.6240050964864887,5.191532258064516,0.0,0.02557252666494528,0.02467449452481147,3.52519314746389,0.0018872088333548942,-3005.791044776119,0.9734001542020047,0.16159250585480092,-0.5118942671007082,0.21403804533351484,-0.3306398981600686,0.047109562909513146,0.16159250585480095,0.07629641234529218,-0.3931685361412422,-0.047807520667722286,-0.20028807464611098,REIT—Diversified,Real Estate,GOOD
2012Q2,2012,Q2,2012-07-31,2012-06-30,854000.0,12410000.0,6383000.0,0.07802649611694838,12057000.0,0.9715551974214344,497335000.0,127638000.0,25628000.0,5074000.0,369697000.0,0.0,-83973000.0,182343700.0,498184700.0,11.661763362265875,5.0508474576271185,0.6329114178571787,2.4661072721289896,0.014427891059589925,11.661763362265875,0.006690797411429198,14.693287671232877,53.379303278688525,1.4286004168037731,6.02576112412178,0.0,0.028221430189252494,0.024952999487267133,1.8955459203783998,0.001717152422411453,-6.535616487455197,0.9715551974214344,2.901324805847419,-0.5705761195463135,0.20201151616465743,-0.322792941943364,0.02464519418713351,-0.34358186010760955,0.012692368713311121,-0.4017907156324052,-0.08844049132582779,-0.19620678051273407,REIT—Diversified,Real Estate,GOOD
2012Q1,2012,Q1,2012-04-30,2012-03-31,1301000.0,12100000.0,6303000.0,0.02,11767000.0,0.9724793388429752,467974000.0,131671000.0,25964000.0,4351000.0,336303000.0,0.0,-79676000.0,188363450.0,469294450.0,12.030242119689357,5.967363824408182,0.6027364768128144,2.1421953201540203,0.015234352340623005,12.030242119689357,0.009880687471045257,15.567227272727273,36.195897386625674,1.430561399245088,3.9561875480399693,0.0,0.027324833984512388,0.02585613730677345,5.265456216961618,0.002780068978191096,-30.205813021167415,0.9724793388429752,-0.803853046594982,-0.3347057246349755,0.2824254815597625,-0.3115493342404671,0.04763176638176638,0.16577060931899643,-0.14046093004227464,-0.06578652859480111,-0.11392014443902772,-0.19109996605322746,REIT—Diversified,Real Estate,GOOD
2011Q4,2011,Q4,2012-02-28,2011-12-31,1116000.0,11468000.0,7333000.0,0.10196436729100046,11232000.0,0.9794209975584235,453147000.0,135314000.0,22291000.0,10284000.0,317833000.0,0.0,-75830000.0,192084750.0,492805750.0,12.363088168113293,2.1675418125243096,0.6709743195916557,2.2469958762581848,,12.363088168113293,0.00824748363066645,16.749629403557726,43.02973790322581,1.41954823595489,4.608422939068101,0.0,0.026774639839966474,0.0253074609343105,0.323706728899261,0.0024627769796556087,-8.373354402789886,0.9794209975584235,0.4566338184428636,-0.02511388687795531,0.25449822015552176,-0.3043607342951442,0.028383080021973997,-0.36155606407322655,0.22420701168614357,-0.23086942346481645,-0.16262043320860833,-0.18871851867393108,REIT—Diversified,Real Estate,GOOD
2011Q3,2011,Q3,2011-11-01,2011-09-30,1748000.0,11173000.0,5990000.0,0.07,10922000.0,0.9775351293296339,427093000.0,139292000.0,21180000.0,2007000.0,287801000.0,0.0,-71803000.0,171476480.0,448225480.0,12.737015362106803,10.55306427503737,0.6441407374974537,1.9750452287281395,0.014454633204633204,12.737015362106803,0.012549177267897654,15.34739819207017,24.52466819221968,1.2310576343221435,2.9548054919908466,0.0,0.03012074892136811,0.026160578609342695,3.2192326856003985,0.004092785412076526,39.98052692935416,0.9775351293296339,0.7500000000000001,-0.2967321846023372,0.1861466874100273,-0.15482637664601132,0.029018277746372716,0.2759124087591241,0.0771443984894803,0.1992930524092191,-0.16316660376668676,-0.18328930067718968,REIT—Diversified,Real Estate,GOOD
2011Q2,2011,Q2,2011-08-02,2011-06-30,1370000.0,10816000.0,5561000.0,0.04,10614000.0,0.9813239644970414,428016000.0,139860000.0,19883000.0,2964000.0,288156000.0,0.0,-68386000.0,169522059.99999997,445836060.0,14.297689634021673,6.708164642375169,0.6432563268662854,1.9685685685685685,0.013394061428186057,14.297689634021673,0.009795509795509796,15.673267381656801,30.934682481751825,1.212083941083941,3.488321167883212,0.0,0.028191021274753272,0.02527008336136967,1.8960863697705803,0.0032008149228066243,-16.24085648591684,0.9813239644970414,-0.20000000000000004,0.27486829998323975,0.2945630632589107,-0.06357046645716431,0.0383486597534729,-0.07432432432432433,-0.0037620924399856684,-0.016280127683164638,-0.07381657564965832,-0.1039703147548752,REIT—Diversified,Real Estate,GOOD
2011Q1,2011,Q1,2011-05-02,2011-03-31,1480000.0,10519000.0,5582000.0,0.05,10222000.0,0.9717653769369712,416148000.0,123422000.0,30610000.0,9148000.0,292726000.0,0.0,-64977000.0,168865920.0,435474920.0,13.331389068913372,3.3460865763008307,0.6750771360189164,2.2761906305196806,,13.331389068913372,0.011991379170650289,16.053419526570966,28.524648648648647,1.3681995106220932,3.0560810810810812,0.0,0.02678456375330203,0.02527706489037554,1.565697420201137,0.003556427040379865,40.01562085308057,0.9717653769369712,-0.4263016347119114,0.44834586497622914,0.5621762808415202,-0.15074554007297267,0.022798746386134442,0.8342483919342645,0.16157915666689626,-0.033489035202680796,0.02295982273259145,-0.18174645849872606,REIT—Diversified,Real Estate,GOOD
2010Q4,2010,Q4,2011-03-08,2010-12-31,806870.0,10227293.0,4805527.0,0.08715381291855692,9994146.0,0.9772034496322731,410608602.0,111374307.0,22344513.0,3648288.0,299234295.0,0.0,-61933725.0,174328139.99999997,455136099.0,12.030061244329229,6.124657099439518,0.7010799617880388,2.584702619069944,,12.030061244329229,0.007244669095898392,17.045384345593693,54.013701091873536,1.5652455642215577,5.305511420674954,0.0,0.024556322347040475,0.024907644287491083,1.9355664903647958,0.001965058686227913,67.68376787477378,0.9772034496322731,-0.2737182256786923,-0.36308513511291135,0.8799180706761227,-0.06724613018535376,-0.007702849769458604,-0.6021845411714126,0.574450051340118,-0.48978998474893237,0.05488895353185143,-0.27623762869460067,REIT—Diversified,Real Estate,GOOD
2010Q3,2010,Q3,2010-11-01,2010-09-30,2028252.0,10334413.0,3052194.0,0.12,10071727.0,0.9745814300241339,397572376.0,112060003.0,18571801.0,8303704.0,285512373.0,0.0,-58458249.0,146937253.32,417188522.32,13.086876255214868,2.2365682832625056,0.6878791297109637,2.4404937772489617,,13.086876255214868,0.018099696106558198,14.218248614604429,18.11131621218665,1.3112372781214363,2.0897255370634418,0.0,0.028845577988104998,0.02599379037340361,0.3890397586426491,0.0051015918671371676,22.187104983177406,0.9745814300241339,0.01900984747394548,1.095033384563277,1.294212669262858,0.002024144165152667,-0.03635089718813883,1.015251611851943,-0.42748311538933365,0.27563163607869856,0.23645770801918845,-0.22684711147542794,REIT—Diversified,Real Estate,GOOD
2010Q2,2010,Q2,2010-08-03,2010-06-30,1006451.0,10681387.0,5331186.0,0.11776137423742435,10451654.0,0.9784922126686356,411179391.0,111908838.0,19836358.0,3076327.0,299270553.0,0.0,-56245666.0,139629613.76,424324297.76,13.096007098200827,6.448065501489276,0.7004414601119928,2.573586663459056,0.013322310611707073,13.096007098200827,0.008993489861810557,13.07223619554277,34.68365915479243,1.2477085479164747,4.200811564596786,0.0,0.03027947214168388,0.02597743766783292,1.8388002965874564,0.0024477175219124736,43.000600143818204,0.9784922126686356,10.776137423742435,-0.21416636001399708,2.453007777520841,-0.0072044901193640985,0.0010566420276493106,-0.07353362182682474,0.0012387808263171437,-0.35179669877161046,0.3251186880644856,-0.2395053677767117,REIT—Diversified,Real Estate,GOOD
2010Q1,2010,Q1,2010-05-03,2010-03-31,1086333.0,10684976.0,5324590.0,0.01,10440622.0,0.9771310670234542,414620100.0,115104008.0,19862631.0,47398965.0,299516092.0,0.0,-53023831.0,123672694.8,407613217.8,13.448828929374958,0.4190519982873044,0.6928460318252782,2.4957244842421127,,13.448828929374958,0.009437838168067961,11.574447598197693,28.46104619854133,1.0744429924629557,3.896053051872676,0.0,0.03422267952392027,0.025770521014297186,0.07019916996077868,0.002620068346903587,38.14184893418261,0.9771310670234542,-0.9234152810364175,0.8183577738602248,3.463135303171352,0.01241207563038876,0.0025390381191798105,-0.027926467193179316,-0.1990063604544338,-0.289589696977209,0.44820521953949316,-0.23036833855898015,REIT—Diversified,Real Estate,GOOD
2009Q4,2009,Q4,2010-02-24,2009-12-31,1117542.0,10642171.0,6647481.0,0.1305743513239917,10414180.0,0.9785766456862984,416865373.0,118450542.0,22045972.0,36500381.0,298414831.0,0.0,-49877753.0,114771684.24,397636737.24,13.839840190010964,0.6039929281834072,0.6859808214389637,2.414186091271748,,13.839840190010964,0.009434671898757543,10.784611921759197,25.675027032541056,0.9689418241750215,3.789264296106992,0.0,0.03689640025796662,0.025529035725401928,0.08483741580670076,0.0026808223286993904,34.7503396381803,0.9785766456862984,3.35247837746639,0.0011946483675621248,3.894453906576497,0.033277554974763986,-0.0022397003436723747,-0.12623085403326062,0.2814302633922616,0.24842751656944623,0.48875209998542474,-0.2212676851983481,REIT—Diversified,Real Estate,GOOD
2009Q3,2009,Q3,2009-11-04,2009-09-30,1278990.0,10657094.0,5187548.0,0.03,10437557.0,0.979399918964776,418281683.0,121321060.0,21373562.0,43587712.0,296960623.0,0.0,-2551601.0,117145451.52,401047339.52,14.167618795823648,0.4903575117684544,0.685397658209193,2.3630628186070908,,14.167618795823648,0.010542192756970636,10.992250938201352,22.89803898388572,0.9655821628990053,3.3109477009202575,0.0,0.03614881282246818,0.025478270823539744,0.06394916989448769,0.003057724141365282,28.984331652020124,0.979399918964776,1.9999999999999996,0.6675360360153508,6.046790906096687,0.0559840065896469,0.0016172611754445764,0.14508799071746278,-0.004386990188480514,-0.3428483063035927,0.44486265566254235,-0.05989767841626154,REIT—Diversified,Real Estate,GOOD
2009Q2,2009,Q2,2009-07-30,2009-06-30,1116936.0,10651489.0,5210406.0,0.01,10420704.0,0.9783330762487761,422245782.0,124239364.0,21127243.0,34873014.0,298006418.0,0.0,-43804965.0,110979901.44000001,394051747.44,14.508412212913207,0.6058335823797737,0.6773127623569725,2.3019472073279448,,14.508412212913207,0.008990194122371715,10.419191292409916,24.84025526977374,0.8932748676981316,3.7913157065400345,0.0,0.0381569720738076,0.0252258032029317,0.14961092838146997,0.0026452271345602215,27.808824420870323,0.9783330762487761,0.0,6.535606617302569,12.924102292619677,0.07803249034588366,-0.024648883279698885,0.02511727114115765,-0.05453784656834868,0.18730246479311657,0.45631452570892483,-0.049769156503645724,REIT—Diversified,Real Estate,GOOD
2009Q1,2009,Q1,2009-05-04,2009-03-31,1089569.0,10684054.0,5510962.0,0.01,10684054.0,1.0,424996806.0,127355835.0,26856380.0,43120679.0,297640971.0,0.0,-2590215.0,76041784.32000001,359776353.32,14.872347156411386,0.6228190423439297,0.6734366351920301,2.2473129637130485,,14.872347156411386,0.00855531275814728,7.117315610722298,17.44767525507793,0.5970812748391152,3.886550553475732,0.0,0.055688659042765605,0.025139139516262624,0.2892776804372677,0.0025637110317483186,18.56238264706938,1.0,-0.9245686903209894,6.030131640857571,27.78882479860122,0.096706045234962,0.0,-0.040230259680772346,1.2367047143520071,0.1527712851642631,0.7154161794141394,-0.05258131115402935,REIT—Diversified,Real Estate,GOOD
2008Q4,2008,Q4,2009-02-25,2008-12-31,1135240.0,10714919.0,-23282012.0,0.13257094491072563,0.0,0.0,429098785.0,130495260.0,21760380.0,34173787.0,298603525.0,0.0,-37542148.0,72787744.0,354895339.0,15.238962619860839,0.636756470683217,0.6679375076766997,2.1963339741228913,,15.238962619860839,0.008699473068983502,6.793121254579713,16.029153306789755,0.5577807500441012,3.730623480497516,0.0,0.0581849741077289,0.024970751198934295,0.13497116956923738,0.0026456378803309823,-1.6546024173356242,0.0,12.257094491072563,9.039958741103932,29.233538653978357,0.11174629257427106,0.0,-0.005535412536715141,-2.494868031189447,-0.031179444269727886,1.129339742292123,0.18155685718859296,REIT—Diversified,Real Estate,GOOD
2008Q3,2008,Q3,2008-11-05,2008-09-30,1141559.0,10457143.0,15574627.0,0.01,0.0,0.0,430283055.0,133579613.0,397815864.0,41300000.0,296703442.0,0.0,0.0,130791581.28,418184621.28,15.595504470148263,9.632345375302663,0.6750387021399205,2.1744165032129565,,15.595504470148263,0.008545907375850835,12.507391481593013,28.643193492408187,0.9791283141387751,3.710203327204288,0.0,0.03238294054211927,0.02430293937556988,0.07420520581113801,0.002653041960948241,35.313075772482755,0.0,-0.5,5.536846648023847,46.314787427307735,-0.47371776761615464,0.0,-0.06387003923916208,0.015821298307454434,0.17880312311106006,1.320784352477747,0.19410252796552876,REIT—Diversified,Real Estate,GOOD
2008Q2,2008,Q2,2008-08-05,2008-06-30,1219445.0,10225458.0,15332054.0,0.02,0.0,0.0,414245749.0,136673470.0,383992205.0,76300000.0,277572279.0,0.0,0.0,148436025.11999997,417398647.12,15.95671423554487,5.032663237221494,0.6535683145899948,1.9809103844367162,,15.95671423554487,0.008922324135035131,14.51632045430141,30.43106190111075,1.086063192220114,3.4732308550201116,0.0,0.02853359887922065,0.024684521264694982,0.0232670249017038,0.002943771910620138,3.935359567185815,0.0,-0.6,71.50753123868908,0.0,19.068425972242377,0.0,-0.1392367625654513,0.10346876039986136,-0.050084599192329424,2.2978994213840864,0.20966292448587354,REIT—Diversified,Real Estate,GOOD
2008Q1,2008,Q1,2008-05-06,2008-03-31,1416702.0,9513481.0,13894416.0,0.05,0.0,0.0,411183078.0,139549493.0,380103339.0,69900000.0,271633585.0,0.0,-28332410.0,133189855.2,392865088.2,16.292491743395182,5.437816008583691,0.634233420471647,1.8687710316511146,,16.292491743395182,0.010151968090632905,14.00011785381187,23.503505889029594,0.9544273672137241,2.9896259058009376,0.0,0.031799786805384256,0.023136849517917175,0.0988734191702432,0.003445428753758198,-4.5588120145346815,0.0,-0.7072933482968518,1.8153232085869841,0.0,1544.1868317969936,0.0,-0.031721383296175146,1.8987378955133705,1.3695184557465592,2.9707375302336336,0.22647967862048554,REIT—Diversified,Real Estate,GOOD
2007Q4,2007,Q4,2008-02-27,2007-12-31,1463114.0,8969692.0,4793264.0,0.17081948670817385,0.0,0.0,378902689.0,142368068.0,349913133.0,34400000.0,236534621.0,0.0,-25513703.0,150234730.56,601919264.56,16.62156216083941,10.17189340116279,1.195665681855322,3.18218086656904,,16.62156216083941,0.010276981492788115,16.74915153831369,25.6703733543661,1.0552558075031262,2.8069849649446317,0.0,0.027336814761083433,0.02367281167540091,0.19209656976744185,0.0038614505583516724,-10.154985943124677,0.0,1.4402783815453404,11.35959746862418,24.303243788530764,0.2126127329049615,0.0,-0.08006865938156257,-0.6117392628895587,0.3097790966984014,3.122083302146531,0.24095992971141342,REIT—Diversified,Real Estate,GOOD
2007Q3,2007,Q3,2007-10-30,2007-09-30,1590460.0,8360508.0,12345477.0,0.07,0.0,0.0,361345877.0,144981092.0,333738391.0,10000000.0,216364785.0,0.0,-22869878.0,162140447.52,366732454.52,16.926634368771353,33.3738391,0.5712443786926065,1.4237498018017412,,16.926634368771353,0.010970120158841126,19.393611909706923,25.486407630496835,1.1183558164950227,2.5822290406549047,0.0,0.0253294724593221,0.02313713406504428,0.6657234,0.004401489268964317,-5.512804587902845,0.0,0.16666666666666682,7.320893724998889,36.82827286614573,-0.4287977705759062,0.0,0.021941615819964122,1.988621164720769,1.073143717779705,4.526928361103412,0.2616273374098823,REIT—Diversified,Real Estate,GOOD
2007Q2,2007,Q2,2007-07-31,2007-06-30,1556312.0,8079568.0,4130827.0,0.06,0.0,0.0,339146439.0,147497107.0,313108148.0,9500000.0,191649332.0,0.0,-20353407.0,168393090.24,340835572.24,17.22038071447652,32.95875242105263,0.537008047429329,1.2347656893365373,,17.22038071447652,0.010551474748586085,20.841843306473812,27.050021178272736,1.1416704616450544,2.638887960768792,0.0,0.024388963906693848,0.0238232429148401,1.524501157894737,0.004588908568784943,-22.734673614437597,0.0,0.0,90.9849660764911,0.0,20.657712890068662,0.0,0.01697006290097246,0.33834881468065875,9.497482899762618,9.559506022944465,0.27954249120440294,REIT—Diversified,Real Estate,GOOD
2007Q1,2007,Q1,2007-05-01,2007-03-31,1530342.0,7383771.0,3086510.0,0.06,0.0,0.0,327189335.0,149672598.0,301230865.0,9400000.0,177516737.0,0.0,-17802786.0,171733543.20000002,332721427.20000005,17.474370667383983,32.04583670212766,0.5136917986645255,1.122947555169718,,17.474370667383983,0.010224597023431103,23.25824340976989,28.054765405379975,1.1473946834276239,2.683669402002951,0.0,0.02391455928453702,0.022567272860528904,1.1767178723404255,0.004677236805411154,-4.532292124942685,0.0,-0.42633717698275386,1.8807239275976333,0.0,1656.1316479125085,0.0,0.7082569626611598,-0.051407026357368685,8.063365665144763,18.891368415643843,0.288582612149079,REIT—Diversified,Real Estate,GOOD
