Quarters,Year,Quarter,FillingDate,Date,NetIncome,Revenue,OperatingIncome,EPSDiluted,GrossProfit,GrossProfitRatio,TotalAssets,CommonStockEquity,CurrentAssets,CurrentLiability,TotalLiability,Inventory,RetainedEarnings,MarketCap,EnterpriseValue,bookValuePerShare,currentRatio,debtToAssets,debtToEquity,roic,shareholdersEquityPerShare,roe,priceToSalesRatio,peRatio,pbRatio,payoutRatio,inventoryTurnover,dividendYield,assetTurnover,quickRatio,returnOnAssets,priceToFreeCashFlowsRatio,grossProfitMargin,epsdilutedGrowth,fiveYNetIncomeGrowthPerShare,fiveYRevenueGrowthPerShare,fiveYShareholdersEquityGrowthPerShare,grossProfitGrowth,netIncomeGrowth,operatingIncomeGrowth,threeYNetIncomeGrowthPerShare,threeYRevenueGrowthPerShare,threeYShareholdersEquityGrowthPerShare,Industry,Sector,Symbol
2023Q3,2023,Q3,2023-05-12,2023-03-31,773498.0,0.0,-1523258.0,0.016,-393219.0,0.0,53508656.0,42552149.0,1181247.0,9078927.0,10956507.0,0.0,-72791724.0,16909809.773,21620907.773,0.8782298677725048,0.13010865711333508,0.09907935269388937,0.12459072278582217,0.01494248099857215,0.8782298677725048,0.018177648325117493,0.0,5.46536958498923,0.3973902651309103,0.0,0.0,0.0,0.0,0.06504127635347216,0.01445556771225949,-16.32175332254213,0.0,1.5673758865248228,1.22207840608092,0.0,-0.6000630304174657,-0.5070481373601103,1.5826239764509333,-0.1473677153925359,1.3078337356093515,0.0,-0.4426244724813512,Gold,Basic Materials,PZG
2023Q2,2023,Q2,2023-02-10,2022-12-31,-1327611.0,0.0,-1327611.0,-0.0282,-260920.0,0.0,54267044.0,43626806.0,1989155.0,5844219.0,10640238.0,0.0,-71143964.0,16219870.02,20165655.02,0.9279512136312421,0.340362844034421,0.0968754443304485,0.12050261025297153,-0.025170121386559524,0.9279512136312421,-0.030431084044979136,0.0,-3.0543340669819696,0.37178678677508503,0.0,0.0,0.0,0.0,0.2243856706944076,-0.02446440605830677,-14.500100142677837,0.0,0.3171912832929783,0.6524800918205012,0.0,-0.6028370777961481,-535.8724279835391,0.3153044384160744,0.2376413475651353,0.6670858104475726,0.0,-0.4307184558949273,Gold,Basic Materials,PZG
2023Q1,2023,Q1,2022-11-10,2022-09-30,-1938980.0,0.0,-1741452.0,-0.0413,-486.0,0.0,54401671.0,44837773.0,2154495.0,4849440.0,9563898.0,0.0,-69711479.0,14454029.743999999,17419590.744,0.9554452515038355,0.4442770711669801,0.07788383926662841,0.09449646395239121,-0.03739018713148485,0.9554452515038355,-0.04324434222011874,0.0,-1.8636125364882568,0.3223627931744068,0.0,0.0,0.0,0.0,0.26218491207232175,-0.035641919896173775,-11.918824302015492,0.0,-0.02992518703241912,0.3214998048513186,0.0,-0.6422818147551623,-0.1095890410958904,-0.1429255186836946,-0.16371125533257064,-0.11166711914964385,0.0,-0.45330709127074104,Gold,Basic Materials,PZG
2022Q4,2022,Q4,2022-10-13,2022-06-30,-1696506.0,0.0,-1496464.0,-0.0401,-438.0,0.0,56012713.0,46399750.0,3765051.0,758256.0,9612963.0,0.0,-67871263.0,18636130.48,20373784.48,1.0955004861073498,4.965408780148129,0.07537235341555407,0.09098777471861379,-0.03141386018615365,1.0955004861073498,-0.0365628263083314,0.0,-2.746251778655661,0.4016429071277324,0.0,0.0,0.0,0.0,3.276144204595809,-0.030287874111721746,-9.999506617195317,0.0,-0.21148036253776434,0.7660219431521508,0.0,-0.5989388250987641,0.0,-0.17583302606299364,-0.19596566660805909,0.5299123132127829,0.0,-0.3731964555306731,Gold,Basic Materials,PZG
2022Q3,2022,Q3,2022-05-10,2022-03-31,-1442812.0,0.0,-1251260.0,-0.0331,-438.0,0.0,54808336.0,48246901.0,5035405.0,695132.0,6561435.0,0.0,-65997151.0,28393348.2448,28157735.2448,1.1065402241510565,7.243811247360213,0.07675427329156645,0.08719262611291863,-0.025550663564665607,1.1065402241510565,-0.029904760100550293,0.0,-4.919793473577985,0.5885009742864107,0.0,0.0,0.0,0.0,6.390709965876985,-0.026324681705352265,-21.596514726568948,0.0,0.5216763005780347,0.6112403492692058,0.0,-0.640717861350576,0.011286681715575621,0.48540048228145305,0.5189483805461781,0.25959146198407934,0.0,-0.41412023516293917,Gold,Basic Materials,PZG
2022Q2,2022,Q2,2022-02-04,2021-12-31,-2803757.0,0.0,-2601093.0,-0.0692,-443.0,0.0,51863557.0,44883228.0,2112726.0,1168865.0,6980329.0,0.0,-64650117.0,28321863.6582,31072666.6582,1.10711016263655,1.8075021495211165,0.0808256171091389,0.09339577803985043,-0.054989671451656855,1.10711016263655,-0.06246781091591719,0.0,-2.5253493489450047,0.6310121825061246,0.0,0.0,0.0,0.0,1.2329062808793145,-0.05406025275127196,-12.384445101513409,0.0,-0.3839999999999999,0.40539079596684313,0.0,-0.6480864754771153,0.4794359576968273,-0.4650622391895267,-0.34892572098305735,-0.23176089016823814,0.0,-0.4329808436572276,Gold,Basic Materials,PZG
2022Q1,2022,Q1,2021-11-09,2021-09-30,-1913746.0,0.0,-1928270.0,-0.05,-851.0,0.0,54244906.0,47474848.0,4493633.0,1013764.0,6770058.0,0.0,-61947693.0,31782356.22,32299992.22,1.2248737976041728,4.432622385486169,0.07699714697634466,0.08797717477684183,-0.03733227681778617,1.2248737976041728,-0.04031073464416358,0.0,-4.151851423856666,0.6694567241163152,0.0,0.0,0.0,0.0,3.609387391937374,-0.03527973668163421,-24.76133048393983,0.0,-0.2588391287712859,-1.3827801128677673,0.0,-0.6372049435669144,-0.36378205128205127,-0.3264626295448118,-0.3309391746571655,-0.17450160057967037,0.0,-0.3963619512133786,Gold,Basic Materials,PZG
2021Q4,2021,Q4,2021-09-17,2021-06-30,-1442744.0,0.0,-1448804.0,-0.039719133968137345,-624.0,0.0,54002826.0,47352730.0,4265460.0,948972.0,6650096.0,0.0,-60033947.0,35233942.44,36282380.44,1.3036335113000201,4.494821765025733,0.07706081900232406,0.08788304285729671,-0.028124344355944197,1.3036335113000201,-0.030468021590307464,0.0,-6.105369774540736,0.744074152430071,0.0,0.0,0.0,0.0,3.280459275932272,-0.0267160833397867,-16.92978286847708,0.0,0.0070216507965664005,0.7775948724697898,0.0,-0.4177273408797591,0.0,-0.06517471448178509,-0.15499333138283922,0.3364853310942776,0.0,-0.3325505009629243,Gold,Basic Materials,PZG
2021Q3,2021,Q3,2021-05-07,2021-03-31,-1354467.0,0.0,-1254383.0,-0.04,-624.0,0.0,52908130.0,47853581.0,5105282.0,535992.0,5054549.0,0.0,-58591203.0,36323652.0,35898749.0,1.3174220752913282,9.5249220137614,0.07905049753223181,0.08740023029833441,-0.024106063504695165,1.3174220752913282,-0.028304402130323328,0.0,-6.704418047837267,0.7590581779031332,0.0,0.0,0.0,0.0,8.595868968193555,-0.025600356693763322,-32.17198590668582,0.0,-1.7999999999999998,0.7113796277454324,0.0,-0.6921629169606148,0.009523809523809525,0.23687657720242108,0.32148567657622573,0.48127240274038163,0.0,-0.4000593559980917,Gold,Basic Materials,PZG
2021Q2,2021,Q2,2021-02-05,2020-12-31,-1774899.0,0.0,-1848720.0,0.05,-630.0,0.0,51853116.0,46067770.0,4049672.0,623978.0,5785346.0,0.0,-57236736.0,40175718.57,41472860.57,1.3415887212095234,6.490087791556753,0.09247727754683055,0.10409088610106372,-0.03634704634537421,1.3415887212095234,-0.03852799907614369,0.0,-5.658873909163281,0.8721003549770261,0.0,0.0,0.0,0.0,5.606115920753616,-0.0342293604881913,-35.86390844891259,0.0,2.25,0.400890816182064,0.0,-0.6940094027611973,0.0,-0.3329991258032246,-0.44657842949307314,0.3638888991716557,0.0,-0.42580031246875055,Gold,Basic Materials,PZG
2021Q1,2021,Q1,2020-11-05,2020-09-30,-1331508.0,0.0,-1277995.0,-0.04,-630.0,0.0,53187629.0,46995121.0,5213419.0,599385.0,6192508.0,0.0,-55461837.0,38443803.9,39069499.9,1.3935779632878629,8.697947062405632,0.09620985361088384,0.10888734598640569,-0.024523867160331357,1.3935779632878629,-0.028332898642818686,0.0,-7.218094803035355,0.818038193794628,0.0,0.0,0.0,0.0,7.493477481084779,-0.025034167249681313,-22.440851325391083,0.0,0.17787418337799776,0.5805988046617616,0.0,-0.6871449385960383,-0.37254901960784315,0.18847748564226302,0.15923981297946707,0.3516087384120605,0.0,-0.47824516450325355,Gold,Basic Materials,PZG
2020Q4,2020,Q4,2020-09-25,2020-06-30,-1640753.0,0.0,-1520047.0,-0.04865435337422476,-459.0,0.0,53913498.0,47081212.0,5876677.0,1079491.0,6832286.0,0.0,-54130329.0,41816067.4,41673842.4,1.3961308776731118,5.443933298193315,0.09815456604206983,0.11239846586787103,-0.029023447700256933,1.3961308776731118,-0.03484942146349164,0.0,-6.3714750788205174,0.8881688814637992,0.0,0.0,0.0,0.0,5.03392895355311,-0.030433065203819644,-46.52324255886322,0.0,0.02691293251550486,0.7152072457382289,0.0,-0.6920603323651505,0.29493087557603687,-0.13911753352606132,0.11178900031437022,0.7157866320820027,0.0,-0.48887846494245824,Gold,Basic Materials,PZG
2020Q3,2020,Q3,2020-05-07,2020-03-31,-1440372.0,0.0,-1711358.0,-0.05,-651.0,0.0,49942227.0,43762819.0,2185168.0,724323.0,6179408.0,0.0,-52489576.0,16942395.59,20767119.59,1.5756520055379015,3.0168419337781627,0.10490184989147561,0.11971422590487144,-0.0349243541840899,1.5756520055379015,-0.03291314483191771,0.0,-2.9406284609114866,0.3871413217233561,0.0,0.0,0.0,0.0,1.9525929730244656,-0.02884076434957536,-28.570891137362036,0.0,0.375,0.6361877115960729,0.0,-0.027762256149549434,0.3363914373088685,0.3851178027736832,0.3239351935250412,0.39073905157151984,0.0,-0.48840212948315637,Gold,Basic Materials,PZG
2020Q2,2020,Q2,2020-02-05,2019-12-31,-2342517.0,0.0,-2531352.0,-0.08,-981.0,0.0,51337656.0,45016376.0,3191449.0,515547.0,6321280.0,0.0,-51049204.0,21358790.583,24573323.583,1.6300391664549896,6.190413289186049,0.10171551268332157,0.11599858682538106,-0.05038698431385257,1.6300391664549896,-0.052036996492121,0.0,-2.2794701791918692,0.4744671268740069,0.0,0.0,0.0,0.0,3.8935402591810253,-0.04562960568359412,-9.796334139497423,0.0,-1.0,0.33969606063682,0.0,-0.027577285553519987,-1.1142241379310345,-1.3273912840449915,-1.472989449003517,0.27071922600255777,0.0,-0.481864725357203,Gold,Basic Materials,PZG
2020Q1,2020,Q1,2019-11-06,2019-09-30,-1006499.0,0.0,-1023600.0,-0.04,-464.0,0.0,54280216.0,47327697.0,5836350.0,881758.0,6952519.0,0.0,-48706687.0,18514781.2827,19531646.2827,1.7476818086495516,6.618992966324093,0.09588119546171298,0.10996630577650968,-0.0194852108563082,1.7476818086495516,-0.021266595752588595,0.0,-4.598807669630074,0.3912039346157071,0.0,0.0,0.0,0.0,4.7491341161633915,-0.0185426491302098,-12.527678466686062,0.0,0.5305530378314471,0.7936256300354637,0.0,0.0,0.2894333843797856,0.5637987725679645,0.5561853095429697,-1.2881360845923262,0.0,-0.48235457266186904,Gold,Basic Materials,PZG
2019Q4,2019,Q4,2019-09-16,2019-06-30,-2307419.0,0.0,-2306368.0,-0.08520664361150596,-653.0,0.0,49275729.0,47329742.0,812461.0,1077597.0,1945987.0,0.0,-47700188.0,21664216.8,21200526.8,1.7477573248805376,0.7539562563741361,0.0,0.0,-0.04872978179344396,1.7477573248805376,-0.048751987703630414,0.0,-2.3472348108427643,0.4577294505429588,0.0,0.0,0.0,0.0,0.43030001011509866,-0.046826684187665696,-11.864647111882219,0.0,-1.130166090287649,0.45176546612635254,0.0,-0.043035049489145216,-0.0030721966205837174,-0.9664167688614325,-0.6574034084172024,0.5228900394948149,0.0,-0.21935782086468553,Gold,Basic Materials,PZG
2019Q3,2019,Q3,2019-05-10,2019-03-31,-1173413.0,0.0,-1391555.0,-0.04,-651.0,0.0,51049430.0,49587646.0,774307.0,757714.0,1461784.0,0.0,-45392769.0,21531862.4567,21169885.4567,1.8886814164998456,1.021898763913561,0.0,0.0,-0.028062533962592215,1.8886814164998456,-0.02366341406889934,0.0,-4.587443307833644,0.4342182820434751,0.0,0.0,0.0,0.0,0.4777224652045495,-0.022985819822082244,-23.948932409011938,0.0,0.3333333333333333,0.6901178981148561,0.0,0.0,0.013636363636363636,0.17961677187600283,0.08590089888880423,0.6540732308819224,0.0,-0.5586788858707736,Gold,Basic Materials,PZG
2019Q2,2019,Q2,2019-02-07,2018-12-31,-1430323.0,0.0,-1522324.0,-0.06,-660.0,0.0,51312858.0,49740084.0,832387.0,697334.0,1572774.0,0.0,-44219356.0,21144211.82,20844030.82,1.9525092763661123,1.193670464942194,0.0,0.0,-0.030605577586077258,1.9525092763661123,-0.028755942591492206,0.0,-3.695705763663172,0.42509401109978023,0.0,0.0,0.0,0.0,0.4304694737385528,-0.02787455339166647,-16.70482188101173,0.0,-0.4999999999999999,0.6074771475811245,0.0,0.0,-0.0015174506828528073,-0.3507719854602873,-0.3034901612575917,0.3492250350042852,0.0,-0.5546701681787155,Gold,Basic Materials,PZG
2019Q1,2019,Q1,2018-11-07,2018-09-30,-1058893.0,0.0,-1167883.0,-0.04,-659.0,0.0,52666275.0,51110293.0,2120613.0,642649.0,1555982.0,0.0,-42789033.0,28210556.640000004,26644620.640000004,2.029152734931642,3.2997997351586945,0.0,0.0,-0.02285025053564064,2.029152734931642,-0.020717803359100288,0.0,-6.660388877818629,0.55195450826314,0.0,0.0,0.0,0.0,2.4366893903203772,-0.020105712811471856,-17.172878126105246,0.0,0.33179341781420174,0.7665715086129754,0.0,0.0,0.28987068965517243,0.2977217755440553,0.3327248408349317,0.5534543838375697,0.0,-0.5444598578558876,Gold,Basic Materials,PZG
2018Q4,2018,Q4,2018-09-11,2018-06-30,-1507797.0,0.0,-1750227.0,-0.05986172699639435,-928.0,0.0,51196620.0,49196107.0,557806.0,1029555.0,2000513.0,0.0,-41730140.0,31736876.22,31439487.22,1.9531567754275976,0.5417932990466755,0.0,0.0,-0.03557653454164574,1.9531567754275976,-0.03064870559778236,0.0,-5.262126834713161,0.6451095047012562,0.0,0.0,0.0,0.0,0.2888519797388192,-0.029451104389313202,-34.53759921559068,0.0,0.14483247148008074,0.6148391181047747,0.0,0.06942911943725838,0.0,0.09100297332687063,-0.03700502023082515,0.6496061518885409,0.0,-0.5691990930919355,Gold,Basic Materials,PZG
2018Q3,2018,Q3,2018-05-10,2018-03-31,-1658748.0,0.0,-1687771.0,-0.07,-928.0,0.0,52602677.0,50670769.0,1733225.0,796184.0,1931908.0,0.0,-40222343.0,32535685.139999997,31121400.139999997,2.1959206939264106,2.1769151351948794,0.0,0.0,-0.03330857283811896,2.1959206939264106,-0.03273579684571197,0.0,-4.903650997619891,0.6420996914414303,0.0,0.0,0.0,0.0,1.796179023944214,-0.03153352822709004,-8.53346896896306,0.0,0.12499999999999993,0.5015748468042904,0.0,0.0,0.010660980810234541,0.08804380693719796,0.07327298174791912,0.49570200103489664,0.0,0.3549673237706382,Gold,Basic Materials,PZG
2018Q2,2018,Q2,2018-02-08,2017-12-31,-1818890.0,0.0,-1821217.0,-0.08,-938.0,0.0,54117733.0,52299797.0,5632556.0,697636.0,1817936.0,0.0,-38563595.0,29099592.6,23872592.6,2.3364497584065833,8.073774862535764,0.0,0.0,-0.034822639942560386,2.3364497584065833,-0.03477814646202164,0.0,-3.9996361242296126,0.5563997236930002,0.0,0.0,0.0,0.0,7.515099564816036,-0.033609870539107765,-17.22008979426143,0.0,-0.3333333333333334,0.43192312431292806,0.0,0.0,0.0,-0.679928033035349,-0.5564161400180321,0.36744760326701703,0.0,0.39384185545598643,Gold,Basic Materials,PZG
2018Q1,2018,Q1,2017-11-07,2017-09-30,-1082719.0,0.0,-1170135.0,-0.06,-938.0,0.0,49491609.0,47489262.0,929124.0,919730.0,2002347.0,0.0,-36744705.0,27914527.78,27822550.78,2.6709440305638585,1.0102138671131746,0.0,0.0,-0.024639991246863342,2.6709440305638585,-0.02279923827832911,0.0,-6.445469179907253,0.5878071505933279,0.0,0.0,0.0,0.0,0.2043164841855762,-0.021876819563494087,-15.344456459540028,0.0,0.6495112792082903,0.6618724608111194,0.0,0.0,0.13944954128440368,0.6442802970816843,0.6162505378431702,0.6618724608111194,0.0,0.0,Gold,Basic Materials,PZG
2017Q4,2017,Q4,2017-09-18,2017-06-30,-3043742.0,0.0,-3049216.0,-0.17118953176144325,-1090.0,0.0,50700189.0,48566028.0,2140582.0,1089228.0,2134161.0,0.0,-35661986.0,27381129.16,25469959.16,2.7315047046803382,1.965228583914479,0.0,0.0,-0.0627849574192067,2.7315047046803382,-0.06267224488689913,0.0,-2.248969291746804,0.5637918167818872,0.0,0.0,0.0,0.0,1.7691190457828847,-0.06003413517847044,-10.720167083631864,0.0,-0.9021059084604806,-0.10146356165834723,0.0,0.4956048115623005,0.0,-1.136766021136401,-0.7274670464672147,-0.10146356165834723,0.0,0.4956048115623005,Gold,Basic Materials,PZG
2017Q3,2017,Q3,2017-05-09,2017-03-31,-1424462.0,0.0,-1765137.0,-0.09,-1090.0,0.0,53360748.0,51541387.0,4803994.0,698455.0,1819361.0,0.0,-32618244.0,27947373.18,23482033.18,3.0798642768901545,6.878029364812336,0.0,0.0,-0.03424698291491457,3.0798642768901545,-0.027637246161031716,0.0,-4.904899741095234,0.5422316861593189,0.0,0.0,0.0,0.0,6.4147296533062255,-0.02669494063314105,-31.000624707435303,0.0,0.25,0.40981695609928265,0.0,0.0,0.26401080351114115,0.21942668388047074,0.07486172483753684,0.40981695609928265,0.0,0.0,Gold,Basic Materials,PZG
2017Q2,2017,Q2,2017-02-09,2016-12-31,-1824892.0,0.0,-1907971.0,-0.12,-1481.0,0.0,51016688.0,49360159.0,2247589.0,632716.0,1656529.0,0.0,-31193780.0,27928118.12,26114424.12,3.1459721934175207,3.552287282129739,0.0,0.0,-0.03865406916537688,3.1459721934175207,-0.03697095060005783,0.0,-3.8259960205864236,0.5658028394924741,0.0,0.0,0.0,0.0,2.890323620708185,-0.035770491412535445,-14.672992005228624,0.0,-1.923076923076923,0.18687047757187197,0.0,0.0,-0.34392014519056263,-1.9341672570611868,-0.5019609232319415,0.18687047757187197,0.0,0.0,Gold,Basic Materials,PZG
2017Q1,2017,Q1,2016-11-09,2016-09-30,1953496.0,0.0,-1270320.0,0.13,-1102.0,0.0,53105942.0,51130474.0,4278345.0,923206.0,1975468.0,0.0,-29368888.0,30440087.219999995,26723024.219999995,3.3762141349081194,4.634225730768647,0.0,0.0,0.03846035879010988,3.3762141349081194,0.03820609994736211,0.0,3.8955911888225003,0.5953413852568626,0.0,0.0,0.0,0.0,4.042567964246333,0.03678488557834075,-26.242925008728932,0.0,1.7279279201334312,1.7162392390266852,0.0,0.0,-0.17987152034261242,1.7222835372628449,-3.7083416727822627,1.7162392390266852,0.0,0.0,Gold,Basic Materials,PZG
2016Q4,2016,Q4,2016-09-16,2016-06-30,-2704611.0,0.0,-269802.0,-0.1785891108231851,-934.0,0.0,35484027.0,33906187.0,7444342.0,559900.0,1577840.0,0.0,-31322384.0,24988131.299999997,19113873.299999997,2.2388712416442282,13.295842114663333,0.0,0.0,-0.007957308794409704,2.2388712416442282,-0.07976747724537707,0.0,-2.309771285038772,0.7369785136854226,0.0,0.0,0.0,0.0,11.935068762278979,-0.07622052029213032,-35.86502503850144,0.0,-0.3737623909475776,-0.1490737550168783,0.0,0.22586887576436857,-0.6443661971830986,-1.4573946416548778,0.7390623141267986,-0.1490737550168783,0.0,0.22586887576436857,Gold,Basic Materials,PZG
2016Q3,2016,Q3,2016-05-10,2016-03-31,-1100601.0,0.0,-1033971.0,-0.13,-568.0,0.0,38063562.0,36457087.0,7627702.0,326205.0,1606475.0,0.0,-28617773.0,12267059.04,5196074.039999999,4.27960810401382,23.383154764641866,0.0,0.0,-0.028361316964243467,4.27960810401382,-0.030188945156260017,0.0,-2.7864455511125286,0.3364794076937634,0.0,0.0,0.0,0.0,22.59617418494505,-0.028914818849586382,-22.89587260347608,0.0,-0.44444444444444453,0.10419739219612242,0.0,0.0,0.337995337995338,-0.4974835604863892,-0.1995037117212433,0.10419739219612242,0.0,0.0,Gold,Basic Materials,PZG
2016Q2,2016,Q2,2016-02-05,2015-12-31,-734967.0,0.0,-861999.0,-0.09,-858.0,0.0,38718344.0,37349886.0,8285213.0,125187.0,1368458.0,0.0,-27517172.0,8859542.64,952781.6400000006,4.38441159079968,66.18269468874564,0.0,0.0,-0.02307902626530105,4.38441159079968,-0.019677891386335154,0.0,-3.0135851813754906,0.23720400753030413,0.0,0.0,0.0,0.0,63.160240280540314,-0.018982397594277275,-23.84276590362289,0.0,0.0,0.39683781102203236,0.0,0.0,0.445019404915912,0.08357429553624533,-0.0661957423860301,0.39683781102203236,0.0,0.0,Gold,Basic Materials,PZG
2016Q1,2016,Q1,2015-11-10,2015-09-30,-801993.0,0.0,-808481.0,-0.09,-1546.0,0.0,39396158.0,37946004.0,8827928.0,118659.0,1450154.0,0.0,-26782205.0,9711421.739999998,1433078.7399999984,4.45438842201904,74.39745826275293,0.0,0.0,-0.021306090622875598,4.45438842201904,-0.021135110827480017,0.0,-3.0272775884577543,0.2559273893504043,0.0,0.0,0.0,0.0,69.7723813617172,-0.020357137363496206,-9.670891035669507,0.0,0.47319517975265246,0.4772572320985112,0.0,0.0,0.0,0.44893878563462947,0.40558025112527,0.4772572320985112,0.0,0.0,Gold,Basic Materials,PZG
2015Q4,2015,Q4,2015-09-17,2015-06-30,-1455361.0,0.0,-1360118.0,-0.17084126139495617,0.0,0.0,40150026.0,38622329.0,9581981.0,233200.0,1527697.0,0.0,-25980212.0,13033750.23,3751216.2300000004,4.533780556419332,41.08911234991424,0.0,0.0,-0.035215846253083286,4.533780556419332,-0.037681854970475756,0.0,-2.238920486051227,0.33746670818323776,0.0,0.0,0.0,0.0,40.02685248713551,-0.03624807117185926,-17.34357711146862,0.0,-0.19850756880252668,-0.09922272885540764,0.0,1.4824207709142103,0.0,-0.1985066440914691,-1.7464148261226007,-0.09922272885540764,0.0,1.4824207709142103,Gold,Basic Materials,PZG
2015Q3,2015,Q3,2015-03-31,2015-03-31,-1214312.0,0.0,-495234.0,-0.142545,0.0,0.0,31735233.0,13805934.0,1125385.0,16629592.0,17929299.0,0.0,-24524851.0,9541045.920000002,8666911.920000002,1.6206447605065084,0.06767363865571686,0.0,0.0,-0.03587109716734847,1.6206447605065084,-0.0879558021934626,0.0,-1.9642904624182254,0.6910829734518505,0.0,0.0,0.0,0.0,0.053862175331782045,-0.03826384384825535,-27.285233614925737,0.0,-0.10964502568893053,0.011645586104735265,0.0,0.0,0.0,-0.10964982820381607,-0.09537659832829404,0.011645586104735265,0.0,0.0,Gold,Basic Materials,PZG
2015Q2,2015,Q2,2014-12-31,2014-12-31,-1094320.0,0.0,-452113.0,-0.12846,0.0,0.0,31872368.0,14279760.0,1251613.0,16326593.0,17592608.0,0.0,-23310539.0,9541045.920000002,8609768.920000002,1.6762660335251798,0.07666100330914111,0.0,0.0,-0.03166110634912631,1.6762660335251798,-0.07663434119340941,0.0,-2.1796745741647783,0.6681517000285719,0.0,0.0,0.0,0.0,0.05735599582840094,-0.03433444292560879,-42.619069808994595,0.0,0.2867137526652453,0.10192913880164751,0.0,0.0,0.0,0.28671713372815316,0.10785190096473936,0.10192913880164751,0.0,0.0,Gold,Basic Materials,PZG
2015Q1,2015,Q1,2014-09-30,2014-09-30,-1534202.0,0.0,-506769.0,-0.180096,0.0,0.0,,,,,,,,9541045.920000002,,,0.0,0.0,0.0,0.0,,0.0,0.0,-1.5547245278001203,0.0,0.0,0.0,0.0,0.0,0.0,0.0,-13.290974857179476,0.0,-0.15876934506050266,0.0,0.0,0.0,0.0,-0.15877071671937348,0.3636776857947547,0.0,0.0,0.0,Gold,Basic Materials,PZG
2014Q4,2014,Q4,2014-06-30,2014-06-30,-1323991.0,0.0,-796403.0,-0.15542005902011213,0.0,0.0,32242852.0,15558333.0,1242779.0,15393453.0,16684519.0,0.0,-20749005.0,9541045.920000002,9088609.920000002,1.8263545848231282,0.08073425760938757,0.0,0.0,-0.05118819606187887,1.8263545848231282,-0.0850985128033961,0.0,-1.8015692553801348,0.6132434573806848,0.0,0.0,0.0,0.0,0.06577698973713045,-0.041063085858533854,-25.730698482217026,0.0,-0.07762218076000792,0.0,0.0,0.0,0.0,-0.07762448926437791,-0.30898204183335687,0.0,0.0,0.0,Gold,Basic Materials,PZG
2014Q3,2014,Q3,2014-03-31,2014-03-31,-1228620.0,0.0,-608414.0,-0.144225,0.0,0.0,,,,,,,,9541045.920000002,,,0.0,0.0,0.0,0.0,,0.0,0.0,-1.9414151487034237,0.0,0.0,0.0,0.0,0.0,0.0,0.0,-27.116568339619107,0.0,-0.008291444990527008,0.0,0.0,0.0,0.0,-0.008286261318005486,-0.04276184991704715,0.0,0.0,0.0,Gold,Basic Materials,PZG
2014Q2,2014,Q2,2013-12-31,2013-12-31,-1218523.0,0.0,-583464.0,-0.143039,0.0,0.0,,,,,,,,9541045.920000002,,,0.0,0.0,0.0,0.0,,0.0,0.0,-1.9575022219523146,0.0,,0.0,,0.0,0.0,0.0,0.0,0.0,0.0,0.0,0.0,0.0,0.0,0.0,0.0,0.0,0.0,0.0,Gold,Basic Materials,PZG
