Quarters,Year,Quarter,FillingDate,Date,NetIncome,Revenue,OperatingIncome,EPSDiluted,GrossProfit,GrossProfitRatio,TotalAssets,CommonStockEquity,CurrentAssets,CurrentLiability,TotalLiability,Inventory,RetainedEarnings,MarketCap,EnterpriseValue,bookValuePerShare,currentRatio,debtToAssets,debtToEquity,roic,shareholdersEquityPerShare,roe,priceToSalesRatio,peRatio,pbRatio,payoutRatio,inventoryTurnover,dividendYield,assetTurnover,quickRatio,returnOnAssets,priceToFreeCashFlowsRatio,grossProfitMargin,epsdilutedGrowth,fiveYNetIncomeGrowthPerShare,fiveYRevenueGrowthPerShare,fiveYShareholdersEquityGrowthPerShare,grossProfitGrowth,netIncomeGrowth,operatingIncomeGrowth,threeYNetIncomeGrowthPerShare,threeYRevenueGrowthPerShare,threeYShareholdersEquityGrowthPerShare,Industry,Sector,Symbol
2023Q4,2023,Q4,2023-06-27,2023-03-31,-1430000.0,5392000.0,-1254000.0,0.0,1387000.0,0.2572329377,29728000.0,16347000.0,13496000.0,8103000.0,13381000.0,10707000.0,-17634000.0,0.0,10193000.0,0.0,1.66555596692583,0.3756391280947255,0.6831222854346364,-0.03904835949942007,0.0,-0.08747782467731083,0.0,0.0,0.0,0.0,0.37405435696273465,,0.1813778256189451,0.28446254473651733,-0.048102798708288486,0.0,0.25723293768545996,1.0,1.0,-1.0,-1.0,-0.213718820861678,-1.391304347826087,-2.103960396039604,-1.0,-1.0,-1.0,Packaged Foods,Consumer Defensive,CYAN
2023Q3,2023,Q3,2023-02-09,2022-12-31,-598000.0,5891000.0,-404000.0,-0.0953,1764000.0,0.2994398235,29772000.0,17733000.0,14527000.0,4670000.0,12039000.0,11574000.0,-16204000.0,6899200.000000001,16309200.0,2.827327806122449,3.110706638115632,0.33329974472658874,0.5595781875599165,-0.013165647421442188,2.827327806122449,-0.03372243839169909,1.171142420641657,-2.8842809364548496,0.3890599447358033,0.0,0.3565750820805253,0.0,0.19787048233239285,0.5715203426124197,-0.020085986833266158,-12.521234119782216,0.29943982345951453,0.4394117647058824,-2.0819018850054993,-0.39384061711584395,-0.062176405985989655,-0.01452513966480447,0.42665388302972196,0.5173237753882916,-3.2431836926499926,-0.31118282750158666,0.10798154690405039,Packaged Foods,Consumer Defensive,CYAN
2023Q2,2023,Q2,2022-11-09,2022-09-30,-1043000.0,5179000.0,-837000.0,-0.17,1790000.0,0.3456265688,30353000.0,18286000.0,14941000.0,4585000.0,12067000.0,12088000.0,-15606000.0,13452480.0,22421480.0,2.9360950545921645,3.258669574700109,0.3079761473330478,0.5112107623318386,-0.029773148776559934,2.9360950545921645,-0.057038171278573774,2.597505309905387,-3.2244678811121763,0.7356710051405447,0.0,0.2803606882859034,0.0,0.17062563832240635,0.5446019629225736,-0.03436233650709979,-9.120325423728813,0.34562656883568255,-1.2339027595269383,-3.0128070175438597,-0.4106248706807366,-0.06497647868206238,-0.2277825711820535,-1.2097457627118644,-0.9694117647058823,-5.381383874747885,-0.3549677700355707,0.14141077949962594,Packaged Foods,Consumer Defensive,CYAN
2023Q1,2023,Q1,2022-08-10,2022-06-30,-472000.0,6716000.0,-425000.0,-0.0761,2318000.0,0.3451459202,30716000.0,19034000.0,15023000.0,4073000.0,11682000.0,10699000.0,-14666000.0,18115680.0,25706680.0,3.0680206318504193,3.688436042229315,0.2711290532621435,0.4375328359777241,-0.013783588995089099,3.0680206318504193,-0.02479773037721971,2.697391304347826,-9.595169491525423,0.9517537038982872,0.0,0.4110664548088606,0.0,0.2186482614923818,0.9668548981095016,-0.015366584190649825,-10.815331343283582,0.34514592019058965,-2.6948775055679284,-1.3951071576049954,-0.3198415265314464,-0.07581605383767046,-0.1990324809951624,-2.703971119133574,-2.1675824175824174,-3.650340659299226,-0.14064289288566842,0.17562066794885803,Packaged Foods,Consumer Defensive,CYAN
2022Q4,2022,Q4,2022-06-22,2022-03-31,277000.0,8126000.0,364000.0,0.0449,2894000.0,0.3561407827,32045000.0,19487000.0,16264000.0,4821000.0,12558000.0,9466000.0,-14194000.0,20749090.0,26765090.0,3.165015429592334,3.3735739473138353,0.2685286316117959,0.4415764355724329,0.011139536538360407,3.165015429592334,0.01421460460820034,2.553419886783165,18.726615523465703,1.0647657412634064,0.0,0.552714979928164,0.0,0.2535809018567639,1.2970338104127774,0.008644094242471525,40.68449019607843,0.3561407826729018,-0.45641646489104115,1.9368680694001468,0.03447608703738019,0.08346556977373507,-0.21187363834422657,-0.4673076923076923,-0.41195476575121165,1.1807824253817374,0.28930317419287466,0.25653808624032626,Packaged Foods,Consumer Defensive,CYAN
2022Q3,2022,Q3,2022-02-10,2021-12-31,520000.0,8964000.0,619000.0,0.0826,3672000.0,0.4096385542,31301000.0,19197000.0,15841000.0,4657000.0,12104000.0,8724000.0,-14471000.0,19819080.0,25956080.0,3.1383030897498774,3.401546059695083,0.2694802083000543,0.43939157159972914,0.019789143686102423,3.1383030897498774,0.02708756576548419,2.210963855421687,9.528403846153847,1.0324050632911392,0.0,0.6066024759284732,0.0,0.2863806268170346,1.4653210221172428,0.01661288776716399,-9.767905372104485,0.40963855421686746,-0.44933333333333325,1.692989360627437,0.12738796419827034,0.035742987143253926,-0.023923444976076555,-0.4639175257731959,-0.42791127541589646,1.385707462648293,0.1864911345625248,0.07732514681954898,Packaged Foods,Consumer Defensive,CYAN
2022Q2,2022,Q2,2021-11-10,2021-09-30,970000.0,9419000.0,1082000.0,0.15,3762000.0,0.3994054571,30877000.0,18613000.0,15358000.0,4647000.0,12264000.0,9808000.0,-14857000.0,17777000.0,24690000.0,3.036378466557912,3.3049279104798797,0.29300126307607605,0.48605813141352816,0.03433684710703704,3.036378466557912,0.052114113791436094,1.887355345578087,4.581701030927835,0.955085155536453,0.0,0.5767740619902121,0.0,0.3050490656475694,1.1213686249193027,0.03141496907082942,9.191830403309204,0.39940545705488906,1.475247524752475,8.041952971806154,-0.11861530888082619,-0.007523372894314006,0.16182828906732552,1.5129533678756477,1.1299212598425197,1.8087419295544886,0.2828818697185559,0.10687595760879236,Packaged Foods,Consumer Defensive,CYAN
2022Q1,2022,Q1,2021-08-11,2021-06-30,386000.0,9459000.0,508000.0,0.0606,3238000.0,0.3423194841,31301000.0,19197000.0,15841000.0,4657000.0,12104000.0,8724000.0,-14471000.0,18796320.0,24933320.0,3.1048034934497815,3.401546059695083,0.2694802083000543,0.43939157159972914,0.016114960529490623,3.1048034934497815,0.020107308433609417,1.9871360608943862,12.17378238341969,0.979127988748242,0.0,0.7130903255387437,0.0,0.3021948180569311,1.4653210221172428,0.012331874381010192,-9.263834401182848,0.3423194840892272,1.9727126805778492,2.0140726930807133,0.14038952003345698,0.037863730430261804,0.16895306859205775,2.023872679045093,21.32,0.2650592125361655,-0.111096618836363,0.11484853182630436,Packaged Foods,Consumer Defensive,CYAN
2021Q4,2021,Q4,2021-06-22,2021-03-31,-377000.0,9438000.0,-25000.0,-0.0623,2770000.0,0.2934943844,30879000.0,17041000.0,15106000.0,5808000.0,13838000.0,8415000.0,-16348000.0,19978200.0,26762200.0,2.814833168153287,2.6008953168044076,0.34168852618284273,0.6191538055278446,-0.0015072499924037798,2.814833168153287,-0.022123114840678363,2.1167832167832166,-13.24814323607427,1.1723607769497095,0.0,0.7923945335710042,0.0,0.30564461284368016,1.0680096418732783,-0.012208944590174553,15.320705521472393,0.2934943844034753,-3.7205240174672487,0.9134723437100954,0.07145850836855808,-0.11061503050216148,-0.06890756302521009,-3.7318840579710146,-1.0932835820895523,0.6595003818812789,0.11327456667305692,-0.10068979523020022,Packaged Foods,Consumer Defensive,CYAN
2021Q3,2021,Q3,2021-02-11,2020-12-31,138000.0,7352000.0,268000.0,0.0229,2975000.0,0.4046517954,32526000.0,15989000.0,15900000.0,7345000.0,16537000.0,10094000.0,-17130000.0,18328160.0,28698160.0,2.652015259578703,2.1647379169503065,0.42104777716288505,0.8565263618737883,0.008071646116895263,2.652015259578703,0.008630933766964789,2.492948857453754,33.2031884057971,1.1462980799299518,0.0,0.4336239350108976,0.0,0.22603455696980876,0.7267528931245746,0.004242759638443091,-35.93756862745098,0.404651795429815,-0.23666666666666664,2.213136506883397,-0.10637606934755216,-0.3148981097597492,-0.09875795213571645,-0.10967741935483871,-0.04964539007092199,-0.7402673505203891,-0.21301931495783777,-0.12032751323268999,Packaged Foods,Consumer Defensive,CYAN
2021Q2,2021,Q2,2020-11-12,2020-09-30,155000.0,8571000.0,282000.0,0.03,3301000.0,0.3851359235,33253000.0,16311000.0,16843000.0,8006000.0,16942000.0,10074000.0,-16975000.0,14832300.000000002,24008300.0,2.6942517343904857,2.1037971521358982,0.40384326226205153,0.8233094230887131,0.00812311301627113,2.6942517343904857,0.009502789528539023,1.730521526076304,23.923064516129035,0.9093433878977377,0.0,0.5231288465356363,0.0,0.25775118034463057,0.7914064451661255,0.004661233572910714,13.207747105966163,0.3851359234628398,-0.7692307692307693,9.182641936854028,-0.07433753801507442,-0.31081023305525685,0.5939159826170932,-0.8125755743651754,1.6394557823129252,-0.6922800062594544,0.00342190305869141,-0.14199346507305832,Packaged Foods,Consumer Defensive,CYAN
2021Q1,2021,Q1,2020-08-11,2020-06-30,827000.0,6985000.0,-441000.0,0.13,2071000.0,0.2964924839,31113000.0,17157000.0,15023000.0,6659000.0,13956000.0,9589000.0,-16147000.0,14206010.0,22439010.0,2.814006888633754,2.2560444511187865,0.37138816571850997,0.6734860406831031,-0.013679996624140212,2.814006888633754,0.04820190009908492,2.033788117394417,4.294440749697703,0.8280008159934721,0.0,0.5124621962665554,0.0,0.2245042265291036,0.7514641838113831,0.026580529039308326,-51.28523465703971,0.2964924838940587,5.467661691542289,4.035091356404789,-0.14935753064593865,-0.2771808919543934,-0.3286871961102107,5.8347107438016526,-2.9342105263157894,-0.2955762300502017,-0.28018410917848163,-0.15233295243618278,Packaged Foods,Consumer Defensive,CYAN
2020Q4,2020,Q4,2020-06-23,2020-03-31,121000.0,8634000.0,228000.0,0.0201,3085000.0,0.357308316,31787000.0,15846000.0,14728000.0,6359000.0,15941000.0,9653000.0,-17268000.0,12419740.0,22576740.0,2.6282965665947917,2.31608743513131,0.3955705162487809,0.7935125583743532,0.008467620895637832,2.6282965665947917,0.007635996465985106,1.4384688441047024,25.660619834710744,0.7837776094913543,0.0,0.5748471977623537,0.0,0.2716204737785887,0.7188237144205064,0.0038065875987038727,12.482150753768844,0.3573083159601575,1.8933333333333333,2.084346371180073,-0.0985730489490818,-0.31916071344318686,-0.16054421768707483,1.9097744360902256,3.6530612244897958,1.417934197167901,0.12248243055755824,-0.1002669969837183,Packaged Foods,Consumer Defensive,CYAN
2020Q3,2020,Q3,2020-02-11,2019-12-31,-133000.0,8071000.0,49000.0,-0.0225,3675000.0,0.4553339115,33513000.0,15104000.0,14914000.0,8077000.0,18409000.0,11570000.0,-17788000.0,13554510.0,25832510.0,2.551782395674945,1.8464776525937847,0.39784561215050873,0.8827462923728814,0.0014747520280386183,2.551782395674945,-0.008805614406779662,1.679408995167885,-25.4784022556391,0.8974119438559323,0.0,0.37994814174589453,0.0,0.24083191597290604,0.35272997400024764,-0.0039686091964312355,19.672728592162553,0.45533391153512576,-1.5625,0.7014154360705686,0.005549476746432447,-0.32107520301235765,0.19980411361410383,-1.5833333333333333,-0.8801955990220048,0.8168255041712419,0.049032719275548156,-0.15782808560833347,Packaged Foods,Consumer Defensive,CYAN
2020Q2,2020,Q2,2019-11-12,2019-09-30,228000.0,7690000.0,409000.0,0.04,3063000.0,0.3983094928,32437000.0,15344000.0,14326000.0,7007000.0,17093000.0,11129000.0,-17560000.0,15449350.0,27414350.0,2.572338642078793,2.0445269016697587,0.4025958010913463,0.8510818561001042,0.012684547709335437,2.572338642078793,0.014859228362877997,2.0090182054616386,16.940076754385966,1.0068658759124087,0.0,0.4157606253931171,0.0,0.23707494527853995,0.3923219637505352,0.007029010081080248,60.3490234375,0.39830949284785433,0.3937282229965157,0.11680191186174663,-0.18453434223821366,-0.32986216927015366,0.06465067778936393,0.3333333333333333,0.11444141689373297,1.1841144047346897,-0.26050188323933143,-0.15920034100423341,Packaged Foods,Consumer Defensive,CYAN
2020Q1,2020,Q1,2019-08-13,2019-06-30,171000.0,7504000.0,367000.0,0.0287,2877000.0,0.3833955224,32437000.0,15546000.0,14820000.0,7059000.0,16891000.0,11206000.0,-17389000.0,17580894.099999998,28795894.099999998,2.609702870572436,2.0994475138121547,0.39535098806918023,0.8249067284188859,0.009575882271441937,2.609702870572436,0.010999614048629872,2.3428696828358206,25.7030615497076,1.1308950276598482,0.0,0.41290380153489203,0.0,0.23134075284397448,0.45190536903244083,0.005271757560810186,-19.088918675352875,0.3833955223880597,1.1148,-0.4775369313412791,-0.21172929860714448,-0.3340334847856615,0.29071332436069985,1.1160896130346232,1.2778198334595003,1.4662829552576655,-0.06098514259049373,-0.12763691412965752,Packaged Foods,Consumer Defensive,CYAN
2019Q4,2019,Q4,2019-07-01,2019-03-31,-1473000.0,6059000.0,-1321000.0,-0.25,2229000.0,0.3678824889,29626000.0,14909000.0,14592000.0,9488000.0,14717000.0,11274000.0,-17655000.0,19269304.5,26549304.5,2.5188376414934956,1.5379426644182124,0.27408357523796667,0.5446374673016299,-0.056746069669331864,2.5188376414934956,-0.0987993829230666,3.1802780161742863,-3.2704182790224032,1.2924612314709236,0.0,0.33971970906510557,0.0,0.20451630324714778,0.29742833052276557,-0.04971984068048336,-22.380144599303136,0.3678824888595478,-0.13636363636363635,-2.721366513324983,-0.22609096150653554,-0.33691269839706894,0.21405228758169934,-0.15529411764705883,-0.1319622964867181,0.6542116050650231,-0.2964573763045295,-0.20413885828287745,Packaged Foods,Consumer Defensive,CYAN
2019Q3,2019,Q3,2019-02-13,2018-12-31,-1275000.0,7145000.0,-1167000.0,-0.22,1836000.0,0.2569629111,29531000.0,16852000.0,13819000.0,6945000.0,12679000.0,9487000.0,-15334000.0,17470700.0,24081700.0,2.9130509939498705,1.9897768178545716,0.25552808912668046,0.44778067885117495,-0.04702045613026284,2.9130509939498705,-0.07565867552812723,2.4451644506648007,-3.425627450980392,1.0367137431758842,0.0,0.5596078844734901,0.0,0.2419491381937625,0.5383729301655867,-0.04317496867698351,14.157779578606158,0.256962911126662,-0.09999999999999995,-34.45145491212907,-0.023225377243341155,-0.22124807324516405,-0.19649890590809627,-0.12235915492957747,-0.16235059760956175,-10.681071737251512,-0.09490650058306958,-0.2474640803392893,Packaged Foods,Consumer Defensive,CYAN
2019Q2,2019,Q2,2018-11-13,2018-09-30,-1136000.0,6954000.0,-1004000.0,-0.2,2285000.0,0.3285878631,29104000.0,15927000.0,13684000.0,7602000.0,13177000.0,10439000.0,-16470000.0,19702661.0,26934661.0,2.7431966930761282,1.8000526177321758,0.2712685541506322,0.495699127268161,-0.041488526909646314,2.7431966930761282,-0.07132542223896528,2.8332845844118495,-4.335972931338028,1.2370604005776353,0.0,0.44726506370341984,0.0,0.2389362286970863,0.3347803209681663,-0.03903243540406817,-32.14137194127243,0.3285878631003739,-5.073319755600815,-11.106006148486602,-0.10158206167097006,-0.27786316498741215,-0.4448493683187561,-4.944444444444445,-3.0282828282828285,-78.81664288174795,-0.2168927788376547,-0.2982901094754499,Packaged Foods,Consumer Defensive,CYAN
2019Q1,2019,Q1,2018-08-13,2018-06-30,288000.0,10044000.0,495000.0,0.0491,4116000.0,0.4097968937,29683000.0,16253000.0,14209000.0,8045000.0,13430000.0,10112000.0,-16182000.0,22760400.0,29260400.0,2.7849554489376285,1.7661901802361715,0.2719738570899168,0.49670830000615274,0.01623378471969961,2.7849554489376285,0.017719805574355502,2.2660692951015533,19.757291666666667,1.4003814680366702,0.0,0.5862341772151899,0.0,0.3383755011285921,0.4295835922933499,0.009702523329852103,-21.927167630057802,0.40979689366786143,1.2727777777777778,8.024263193968471,0.2693782423621287,-0.27319035284373583,1.1572327044025157,1.272211720226843,1.5294117647058822,2.1042302947224125,0.27787468570626955,-0.28464318204807176,Packaged Foods,Consumer Defensive,CYAN
2018Q4,2018,Q4,2018-06-15,2018-03-31,-1058000.0,8101000.0,-935000.0,-0.18,1908000.0,0.2355264782,29707000.0,18107000.0,13617000.0,5707000.0,11600000.0,9034000.0,-14059000.0,29503499.999999996,35119500.0,3.129991356957649,2.386017171894165,0.23378328340121857,0.38355332191969954,-0.037146817404370876,3.129991356957649,-0.058430441265808805,3.641957782989754,-6.971526465028355,1.6293974705914838,0.0,0.6855213637369936,0.0,0.27269667081832566,0.6996670755212896,-0.035614501632611845,-93.36550632911391,0.23552647821256634,-3.0547945205479454,-1.3795265267213785,0.10939379778689493,-0.15448297946227346,-0.4704412989175687,-3.1117764471057883,-2.5080645161290325,-8.881212711146166,-0.11854722981254255,-0.1892006748838934,Packaged Foods,Consumer Defensive,CYAN
2018Q3,2018,Q3,2018-02-06,2017-12-31,501000.0,8809000.0,620000.0,0.0876,3603000.0,0.4090135089,28822000.0,17139000.0,12326000.0,5479000.0,11683000.0,7981000.0,-14583000.0,22222665.0,28152665.0,3.0147757255936676,2.2496805986493884,0.2508153493858858,0.4217865686446117,0.024896572861950097,3.0147757255936676,0.02923157710484859,2.522722783516858,11.089154191616766,1.2966138631192017,0.0,0.6522992106252349,0.0,0.30563458469224897,0.7150939952546085,0.0173825549927139,-71.91800970873787,0.4090135089113407,0.09499999999999995,-0.2100542049006098,0.29586812633004206,0.0327642588273717,-0.004696132596685083,0.05473684210526316,0.0016155088852988692,2.171038862304906,0.14266934891628652,-0.1978916380444055,Packaged Foods,Consumer Defensive,CYAN
2018Q2,2018,Q2,2017-11-06,2017-09-30,475000.0,8055000.0,619000.0,0.08,3620000.0,0.4494103042,29679000.0,17927000.0,13405000.0,5683000.0,11752000.0,9315000.0,-14107000.0,23175114.6,28158114.6,3.140129619898406,2.3587893718106634,0.2387209811651336,0.39521392313270487,0.024187978247807308,3.140129619898406,0.026496346293300607,2.877109199255121,12.197428736842106,1.2927491827968987,0.0,0.47611379495437467,0.0,0.2714040230465986,0.6410346647897237,0.016004582364634926,24.24175167364017,0.44941030415890754,-0.5789473684210527,-0.04737249602941545,0.10864606421839858,0.02921015326234732,-0.14622641509433962,-0.5709123757904245,-0.4423423423423423,1.4310020013193054,-0.10752658957117092,-0.18194299254911342,Packaged Foods,Consumer Defensive,CYAN
2018Q1,2018,Q1,2017-08-10,2017-06-30,1107000.0,9150000.0,1110000.0,0.19,4240000.0,0.4633879781,31271000.0,19085000.0,14944000.0,6130000.0,12186000.0,9702000.0,-13001000.0,20408950.0,25749950.0,3.3197077752652637,2.437846655791191,0.2271753381727479,0.37222949960702123,0.047876854357765106,3.3197077752652637,0.0580036678019387,2.230486338797814,4.609067299006323,1.0693712339533663,0.0,0.5060812203669347,0.0,0.29260337053500046,0.764926590538336,0.03540021105816891,132.52564935064936,0.4633879781420765,4.958333333333333,1.1341212176595135,0.20082841394699535,0.040909175028658415,0.5933859451334085,5.054945054945055,8.602739726027398,2.5046318123975797,-0.004046768516413233,-0.1528483017921454,Packaged Foods,Consumer Defensive,CYAN
2017Q4,2017,Q4,2017-06-22,2017-03-31,-273000.0,7253000.0,-146000.0,-0.048,2661000.0,0.3668826692,29161000.0,16607000.0,12236000.0,6032000.0,12554000.0,7972000.0,-15084000.0,21887250.0,27963250.0,2.9211961301671066,2.0285145888594163,0.25660985562909366,0.4505931233817065,-0.006105333780610532,2.9211961301671066,-0.01643885108689107,3.017682338342755,-20.04326923076923,1.3179532727163243,0.0,0.5760160561966884,0.0,0.2487226089640273,0.5872015915119363,-0.009361818867665718,-1989.75,0.3668826692403144,0.6,-1.2254381791235733,0.15965611345852124,0.041220317342890736,-0.05671747607231478,0.6049204052098408,0.7594728171334432,0.2819077883142932,-0.035450512226171606,-0.23099130031385423,Packaged Foods,Consumer Defensive,CYAN
2017Q3,2017,Q3,2017-02-07,2016-12-31,-691000.0,7322000.0,-607000.0,-0.12,2821000.0,0.3852772467,30724000.0,17068000.0,12866000.0,6895000.0,13656000.0,8388000.0,-14560000.0,24221900.0,30499900.0,3.0300017752529738,1.865989847715736,0.25491472464522846,0.4588704007499414,-0.022701966897238548,3.0300017752529738,-0.0404851183501289,3.3080988800874076,-8.7633502170767,1.4191410827279116,0.0,0.5365999046256557,0.0,0.2383153235255826,0.5511240029006527,-0.022490561124853536,-96.8876,0.3852772466539197,-6.999999999999999,-2.3617377461885027,0.17859462620482247,0.4035253350639472,-0.27387387387387385,-7.97979797979798,-3.45748987854251,-19.618577036116534,0.02798190788793271,-0.18998337981397093,Packaged Foods,Consumer Defensive,CYAN
2017Q2,2017,Q2,2016-11-10,2016-09-30,99000.0,9862000.0,247000.0,0.02,3885000.0,0.3939363212,30921000.0,17307000.0,13402000.0,6953000.0,13614000.0,7459000.0,-14462000.0,20874330.0,26584330.0,3.0593954392787697,1.9275133036099525,0.2511238317001391,0.44866239094008203,0.007802488832163369,3.0593954392787697,0.005720228809152366,2.116642668829852,52.712954545454544,1.206120644825793,0.0,0.8013138490414264,0.0,0.3189418194754374,0.7346469150007191,0.0032017075773745998,33.02900316455696,0.39393632123301564,1.3246753246753247,-0.892037273668527,0.5712937628005949,0.3027227720459729,0.35981799089954497,1.2836676217765044,2.4277456647398843,-0.09608566444645301,0.3076742722280794,-0.19462496249392905,Packaged Foods,Consumer Defensive,CYAN
2017Q1,2017,Q1,2016-08-15,2016-06-30,-349000.0,7605000.0,-173000.0,-0.0616,2857000.0,0.3756738988,29721000.0,16959000.0,12632000.0,6245000.0,12762000.0,7671000.0,-14811000.0,29138660.0,35101660.0,2.991532898218381,2.0227381905524418,0.2565526059015511,0.4496137743970753,-0.007627164463883999,2.991532898218381,-0.020579043575682528,3.8315134779750166,-20.872965616045846,1.718182675865322,0.0,0.6189545039760136,0.0,0.2558796810336126,0.6611689351481185,-0.011742538945526732,14569.33,0.37567389875082186,0.9144444444444445,-1.3000153575577014,0.08504785603359653,0.16174371303332838,0.03589557650471356,0.9139121854958067,0.7553041018387553,-12.257799729523137,-0.010553331305476258,-0.2192783654618697,Packaged Foods,Consumer Defensive,CYAN
2016Q4,2016,Q4,2016-06-23,2016-03-31,-4054000.0,8196000.0,-707000.0,-0.72,2758000.0,0.3365056125,31147000.0,17828000.0,12655000.0,6121000.0,13319000.0,7856000.0,-13869000.0,28052340.000000004,34480340.0,3.164921001242677,2.0674726351903283,0.24618743378174462,0.4301099394211353,-0.12996158526963766,3.164921001242677,-0.2273951088175903,3.422686676427526,-1.7299173655648743,1.573498990352255,0.0,0.6922097759674134,0.0,0.26313930715638745,0.6899199477209607,-0.13015699746364015,-44.527523809523814,0.3365056124938995,-37.095238095238095,-5.883917436222083,0.5043523636959201,0.5367427595809777,-0.05677154582763338,-37.60952380952381,-2.6256410256410256,-2.493495177791282,0.1526903653801114,-0.14504729565481841,Packaged Foods,Consumer Defensive,CYAN
2016Q3,2016,Q3,2016-02-11,2015-12-31,-105000.0,7594000.0,-195000.0,-0.0189,2924000.0,0.3850408217,31564000.0,21542000.0,11605000.0,4961000.0,10022000.0,5839000.0,-9579000.0,29216806.5,33500806.5,3.8709793351302784,2.3392461197339247,0.183310100114054,0.26859158852474235,-0.003421148663822143,3.8709793351302784,-0.0048741992386965,3.8473540294969713,-69.563825,1.3562717714232662,0.0,0.7997944853570816,0.0,0.24059054619186415,1.0179399314654303,-0.0033265745786338866,193.48878476821193,0.3850408217013432,-9.217391304347826,-1.2484040289402751,0.8589846327633065,1.1346057576568707,-0.0567741935483871,-8.5,-0.16071428571428573,-1.169127475055174,0.14122188406361497,0.3260718102653053,Packaged Foods,Consumer Defensive,CYAN
2016Q2,2016,Q2,2015-11-12,2015-09-30,14000.0,8516000.0,-168000.0,0.0023,3100000.0,0.364020667,34920000.0,21767000.0,13235000.0,5811000.0,13153000.0,6169000.0,-9566000.0,33089510.400000002,38922510.400000006,3.9093031609195403,2.277577009120633,0.22608820160366552,0.36270501217439244,0.0004173335367952617,3.9093031609195403,0.0006431754490742867,3.8855695631752,590.8841142857143,1.5201686222263058,0.0,0.8779380774841952,0.0,0.2438717067583047,1.082085699535364,0.0004009163802978236,-18.865171265678452,0.36402066697980273,1.051454138702461,-0.9743113828066956,1.1437887114085108,1.0464246236880586,0.005188067444876783,1.056,-1.5675675675675675,-0.9712115449628128,0.2017768779249361,0.2813147839193826,Packaged Foods,Consumer Defensive,CYAN
2016Q1,2016,Q1,2015-08-07,2015-06-30,-250000.0,7534000.0,296000.0,-0.0447,3084000.0,0.4093443058,34904000.0,21778000.0,13339000.0,5923000.0,13126000.0,7352000.0,-9815000.0,52975180.0,58735180.0,3.8930997497318556,2.252068208678035,0.22218083887233556,0.3560933051703554,-0.012104693824037992,3.8930997497318556,-0.011479474699237763,7.03148128484205,-52.97518000000001,2.4325089539902653,0.0,0.6052774755168662,0.0,0.21584918633967454,0.8531149755191626,-0.007162502865001146,-39.981267924528304,0.40934430581364484,-1.4162162162162162,-25.097247050411152,0.8530100462138058,1.0411896004039445,0.07493900313698153,-1.4271844660194175,1.6428571428571428,-1.495314814989401,0.01614415650492299,0.2206987852940927,Packaged Foods,Consumer Defensive,CYAN
2015Q4,2015,Q4,2015-07-15,2015-03-31,-103000.0,8841000.0,112000.0,-0.0185,2869000.0,0.3245108019,30915000.0,21483000.0,11794000.0,4315000.0,9432000.0,5678000.0,-9474000.0,46857300.0,49974300.0,3.860377358490566,2.733256083429896,0.17282872392042697,0.24870828096634548,-0.0035835880613335324,3.860377358490566,-0.004794488665456407,5.3,-113.73131067961164,2.1811339198435973,0.0,1.0517787953504756,0.0,0.28597768073750607,1.2709154113557357,-0.003331715995471454,-101.64273318872017,0.32451080194548126,0.7543160690571049,0.5697993941273286,1.1880786773654164,1.2235265640516384,-0.03335579514824798,0.7506053268765133,1.0992028343666962,-1.0868895095766016,0.4440367145982134,0.3759785920437058,Packaged Foods,Consumer Defensive,CYAN
2015Q3,2015,Q3,2015-02-12,2014-12-31,-413000.0,7442000.0,-1129000.0,-0.0753,2968000.0,0.3988175222,30177000.0,20627000.0,11888000.0,4336000.0,9550000.0,4818000.0,-9567000.0,38031840.0,40054840.0,3.758564139941691,2.7416974169741697,0.17947443417172018,0.26256847820817375,-0.015381546485438501,3.758564139941691,-0.020022300867794638,5.110432679387261,-23.021694915254237,1.8437892083191931,0.0,0.9286010792860108,0.0,0.2466116578851443,1.489160516605166,-0.01368591974019949,-40.58894343649947,0.39881752217145927,-3.5100000000000002,-1.9559037900874634,0.7691708544717493,1.3853650469554935,-0.3058933582787652,-3.1968085106382977,-3.1063432835820897,-1.8353935710086504,0.2295609059950512,0.7410022782678305,Packaged Foods,Consumer Defensive,CYAN
2015Q2,2015,Q2,2014-11-12,2014-09-30,188000.0,8684000.0,536000.0,0.03,4276000.0,0.4923998158,31768000.0,21085000.0,13023000.0,5520000.0,10683000.0,5312000.0,-9379000.0,25872030.0,28379030.0,3.8385217549608592,2.3592391304347826,0.1688806346008562,0.25444628883092246,0.007426421546409607,3.8385217549608592,0.0089162912022765,2.97927567941041,34.40429521276596,1.2270348589044344,0.0,0.8298192771084337,0.0,0.2733568370687484,1.2759057971014494,0.005917904809871569,-47.91116666666667,0.49239981575310915,-0.4296577946768061,-0.7001994038854125,1.1133995902138332,1.2541380691974962,-0.017688950149322306,-0.3815789473684211,-0.31545338441890164,-0.7888587552989519,0.42491442454865286,0.6344829560052629,Packaged Foods,Consumer Defensive,CYAN
2015Q1,2015,Q1,2014-08-14,2014-06-30,304000.0,8842000.0,783000.0,0.0526,4353000.0,0.4923094323,31925000.0,21682000.0,13507000.0,5133000.0,10243000.0,6540000.0,-9075000.0,24898500.0,27669500.0,3.9186697993855053,2.6314046366647186,0.1663899765074393,0.24499584909141223,0.01160257835074461,3.9186697993855053,0.014020846785351905,2.8159353087536756,20.47574013157895,1.1483488608061987,0.0,0.6863914373088685,0.0,0.2769616288175411,1.2361192285213325,0.009522317932654659,-22.210972346119537,0.4923094322551459,1.7862481315396113,-0.5233121182745749,1.1065179172896507,1.1426143517681788,0.6911421911421911,1.8283378746594006,2.1380813953488373,-0.7322450983878644,0.2925458932008363,0.5217917227655889,Packaged Foods,Consumer Defensive,CYAN
2014Q4,2014,Q4,2014-06-27,2014-03-31,-367000.0,7259000.0,-688000.0,-0.0669,2574000.0,0.3545942967,30310000.0,20847000.0,13090000.0,4192000.0,9463000.0,4876000.0,-9154000.0,28757120.0,29912120.0,3.7986516034985423,3.122614503816794,0.18036951501154735,0.2622439679570202,-0.013382845877313242,3.7986516034985423,-0.017604451479829232,3.9615814850530375,-19.58931880108992,1.3794368494267761,0.0,0.9608285479901558,0.0,0.2394919168591224,1.8270515267175573,-0.01210821511052458,21.270059171597634,0.35459429673508747,-7.6899999999999995,-2.808333458567521,1.027733960328725,1.5633813110307888,-0.09747545582047686,-11.194444444444445,-5.0,-1.4538123200762785,0.3675715830602075,0.8444537306160235,Packaged Foods,Consumer Defensive,CYAN
2014Q3,2014,Q3,2014-02-06,2013-12-31,36000.0,6909000.0,172000.0,0.01,2852000.0,0.4127949052,29023000.0,20439000.0,11974000.0,3145000.0,8584000.0,4213000.0,-8929000.0,26936973.6,29406973.6,3.740666178623719,3.8073131955484896,0.19205457740412776,0.2727139292528989,0.0014585467447271838,3.740666178623719,0.0017613386173491853,3.898823795049935,187.06231666666665,1.3179203287832084,0.0,0.9629717540944694,0.0,0.23805257898907764,2.2257551669316373,0.0012403955483581987,-30.50619886749717,0.412794905196121,-0.5,-0.8725559583560697,0.7909457615626027,1.9486574599015842,-0.04710992315402606,-0.660377358490566,-0.5222222222222223,-0.9132586223978687,0.7225620603057054,1.0627461092074737,Packaged Foods,Consumer Defensive,CYAN
2014Q2,2014,Q2,2013-11-07,2013-09-30,106000.0,7299000.0,360000.0,0.02,2993000.0,0.4100561721,29314000.0,20798000.0,12471000.0,3143000.0,8516000.0,4480000.0,-8823000.0,31974000.0,34248000.0,3.7987214611872147,3.9678650970410434,0.18943167087398513,0.26699682661794405,0.0043228130910096035,3.7987214611872147,0.005096643908068083,4.380600082203041,75.41037735849056,1.537359361477065,0.0,0.9611607142857143,0.0,0.24899365490891723,2.328030544066179,0.003616019649314321,-59.76448598130841,0.4100561720783669,1.0,-0.16124834899430177,1.1345069915732922,1.894737301867042,-0.04833068362480127,2.533333333333333,0.11801242236024845,-0.8021966421862249,0.8686363538919974,0.9885378075608894,Packaged Foods,Consumer Defensive,CYAN
2014Q1,2014,Q1,2013-08-12,2013-06-30,30000.0,7438000.0,322000.0,0.01,3145000.0,0.4228287174,29872000.0,21021000.0,12778000.0,3530000.0,8851000.0,5230000.0,-8787000.0,35384700.0,38379700.0,3.8317535545023698,3.619830028328612,0.18428628816282808,0.2618809761666904,0.0014914853325695783,3.8317535545023698,0.0014271442842871413,4.757286905082012,294.8725,1.6833024118738404,0.0,0.8208413001912046,0.0,0.24899571505088378,1.9864022662889518,0.0010042849491162292,-18.603943217665616,0.4228287173971498,-0.9791666666666666,-0.9441876102026949,1.0018588369504688,1.6837622359037956,0.16180273365349096,-0.9886061526775541,-0.46063651591289784,1.9485964272694132,0.8654129647044222,1.0090252008826117,Packaged Foods,Consumer Defensive,CYAN
2013Q4,2013,Q4,2013-06-24,2013-03-31,2633000.0,6897000.0,597000.0,0.48,2707000.0,0.3924894882,28587000.0,20227000.0,12191000.0,2885000.0,8360000.0,3688000.0,-8959000.0,24260160.000000004,25478160.000000004,3.7018667642752563,4.2256499133448875,0.19526358134816524,0.2759677658575172,0.10500887821810355,3.7018667642752563,0.130172541652247,3.517494562853415,2.3034713254842387,1.1993948682454145,0.0,1.136117136659436,0.0,0.24126351138629448,2.8180242634315427,0.09210480288242907,40.23243781094528,0.39248948818326806,4.999999999999999,12.95592446389426,0.9381305853684896,2.042041946751982,0.05167055167055167,3.337726523887974,0.15922330097087378,12.20054435144275,0.7385062142941048,1.1322265474493334,Packaged Foods,Consumer Defensive,CYAN
2013Q3,2013,Q3,2013-02-07,2012-12-31,607000.0,6506000.0,515000.0,0.08,2574000.0,0.3956347986,18884000.0,15883000.0,10877000.0,2631000.0,3001000.0,3089000.0,-12675000.0,25191830.0,21115830.0,2.919132512405808,4.134169517293804,0.030502012285532724,0.036265189195995716,0.030667806756882608,2.919132512405808,0.03821696153119688,3.8720919151552415,10.375547775947283,1.5860876408738902,0.0,1.2729038523794107,0.0,0.34452446515568735,2.8084378563283923,0.032143613641177717,-12.958760288065843,0.3956347986474024,0.0,2.5285523622755672,1.4229510769915379,1.1449866025455564,-0.08463726884779517,0.27521008403361347,-0.0703971119133574,0.41705987140058004,0.5600177728933758,0.852621480774361,Packaged Foods,Consumer Defensive,CYAN
2013Q2,2013,Q2,2012-11-09,2012-09-30,476000.0,6936000.0,554000.0,0.08,2812000.0,0.4054209919,22203000.0,16628000.0,11183000.0,3250000.0,5575000.0,3357000.0,-12199000.0,33572000.0,32339000.0,3.0510091743119268,3.440923076923077,0.10674233211728144,0.14253067115708443,0.02856094447022147,3.0510091743119268,0.02862641327880683,4.840253748558247,17.63235294117647,2.0190040894876113,0.0,1.2284778075662794,0.0,0.31239021753817053,2.2833846153846156,0.021438544340854838,-110.07213114754099,0.40542099192618225,-0.2727272727272727,2.2288566637072114,1.5580281571048071,1.3553070823523048,-0.01849912739965096,-0.034482758620689655,-0.12480252764612954,-0.2349414161216707,0.7013120785367848,0.7916782470749502,Packaged Foods,Consumer Defensive,CYAN
2013Q1,2013,Q1,2012-08-10,2012-06-30,493000.0,7242000.0,633000.0,0.11,2865000.0,0.3956089478,22583000.0,17426000.0,11755000.0,2855000.0,5157000.0,3488000.0,-11593000.0,37810880.0,36551880.0,3.189238653001464,4.117338003502627,0.10406057653987513,0.13485596235510158,0.031387975045877314,3.189238653001464,0.028291059336623438,5.221054957194145,19.173874239350912,2.169796855273729,0.0,1.254873853211009,0.0,0.3206837001284152,2.7499124343257444,0.021830580525173802,-107.72330484330485,0.3956089478044739,-0.47619047619047616,1.754337510887561,1.5145713409099217,1.7016788977106778,0.3955187530443254,-0.5746333045729077,1.0353697749196142,-0.2171880861052962,0.7471216557966192,0.743782676000488,Packaged Foods,Consumer Defensive,CYAN
2012Q4,2012,Q4,2012-06-21,2012-03-31,1159000.0,5986000.0,311000.0,0.21,2053000.0,0.3429669228,19038000.0,15265000.0,11419000.0,3361000.0,3773000.0,3548000.0,-13168000.0,55117330.00000001,50690330.00000001,2.805550450284874,3.3975007438262423,0.03330181741779599,0.04153291844087782,0.07582332537689315,2.805550450284874,0.07592531935800852,9.20770631473438,11.888984037963763,3.6106996396986575,0.0,1.108511837655017,0.0,0.3144237840109255,2.211841713775662,0.06087824351297405,60.1717576419214,0.34296692281991314,1.3595505617977528,1.208160278383128,1.4713586952663493,0.9552930834608563,-0.02423954372623574,1.3847736625514404,-0.39728682170542634,4.76011648859272,0.6865773655464157,0.8932232650108631,Packaged Foods,Consumer Defensive,CYAN
2012Q3,2012,Q3,2012-02-09,2011-12-31,486000.0,5950000.0,516000.0,0.089,2104000.0,0.3536134454,14307000.0,11647000.0,8844000.0,2129000.0,2660000.0,2809000.0,-16314000.0,37495250.0,35134250.0,2.1588507877664505,4.154062940347581,0.05228209967148948,0.06422254657851807,0.04030284670113415,2.1588507877664505,0.04172748347213875,6.30172268907563,19.287680041152264,3.219305400532326,0.0,1.3691705233179068,0.0,0.41588033829593907,2.757632691404415,0.03396938561543301,506.69256756756755,0.35361344537815126,-0.44375000000000003,2.3582605304837174,1.3609785990240704,-0.2262035129414216,-0.24587813620071686,-0.44457142857142856,-0.4348302300109529,0.7424990338874659,0.5620806339693777,0.7017587713491329,Packaged Foods,Consumer Defensive,CYAN
2012Q2,2012,Q2,2011-11-14,2011-09-30,875000.0,5989000.0,913000.0,0.16,2790000.0,0.4658540658,15726000.0,12677000.0,10045000.0,2556000.0,3049000.0,3188000.0,-15439000.0,20282985.0,16908985.0,2.3484623934790663,3.929968701095462,0.04559328500572301,0.05655912282085667,0.06605121117519935,2.3484623934790663,0.06902263942573164,3.386706461846719,5.795138571428572,1.5999830401514554,0.0,1.0034504391468004,0.0,0.3808342871677477,2.5880281690140845,0.055640340836830726,20.102066402378593,0.46585406578727667,-0.20000000000000004,2.4832448951567145,1.346280590267252,-0.12345060490127409,-0.013088079235939158,-0.2138364779874214,-0.21496130696474636,6.022420302591408,0.776395950173179,0.7895973058027717,Packaged Foods,Consumer Defensive,CYAN
2012Q1,2012,Q1,2011-08-11,2011-06-30,1113000.0,6706000.0,1163000.0,0.2,2827000.0,0.4215627796,17234000.0,13967000.0,10992000.0,2810000.0,3267000.0,3556000.0,-14327000.0,19743360.0,16244360.0,2.575036873156342,3.911743772241993,0.04009516072879192,0.04947375957614377,0.07685641681691566,2.575036873156342,0.07968783561251522,2.944133611691023,4.434716981132076,1.4135719911219302,0.0,1.0908323959505062,0.0,0.3891145410235581,2.50711743772242,0.06458164094232331,18.731840607210625,0.4215627796003579,0.3333333333333335,1.9048122730763208,1.6586245615821098,0.0506503737215697,0.5723025583982202,0.4,4.078602620087336,1.0943084776695016,0.8254794444347581,0.8035572011452831,Packaged Foods,Consumer Defensive,CYAN
2011Q4,2011,Q4,2011-06-23,2011-03-31,795000.0,5218000.0,229000.0,0.15,1798000.0,0.3445764661,13860000.0,11111000.0,8481000.0,2196000.0,2749000.0,3627000.0,-16800000.0,18450900.0,17145900.0,2.0594995366079702,3.862021857923497,0.05461760461760462,0.06813068130681307,0.07069119764413152,2.0594995366079702,0.07155071550715507,3.5360099655040247,5.802169811320755,1.6605976059760599,0.0,0.9429280397022333,0.0,0.37647907647907647,2.1416211293260474,0.05735930735930736,13.3605358435916,0.3445764660789575,1.0,2.9741264821379096,0.5560724875089345,-0.2727744094261389,0.08378541289933696,0.9924812030075187,-0.4662004662004662,3.267702343585989,0.4850672664973807,0.6924120662954978,Packaged Foods,Consumer Defensive,CYAN
2011Q3,2011,Q3,2011-02-11,2010-12-31,399000.0,3856000.0,429000.0,0.075,1659000.0,0.4302385892,12365000.0,9526000.0,7376000.0,2133000.0,2839000.0,4177000.0,-18131000.0,17755140.0,17941140.0,1.8134399390824292,3.4580403187998123,0.08524059846340477,0.11064455175309679,0.03955680552410092,1.8134399390824292,0.04188536636573588,4.604548755186722,11.124774436090226,1.8638610119672474,0.0,0.5259755805602107,0.0,0.3118479579458148,1.4327238631036099,0.032268499797816416,122.44924137931035,0.4302385892116183,-0.25000000000000006,1.5934461353549605,0.2659994568652526,-0.37801784244195324,0.00423728813559322,-0.2414448669201521,-0.22563176895306858,2.0407246719152257,0.4874382199534377,0.3325206571890263,Packaged Foods,Consumer Defensive,CYAN
2011Q2,2011,Q2,2010-11-10,2010-09-30,526000.0,3834000.0,554000.0,0.1,1652000.0,0.4308815858,12653000.0,10266000.0,7681000.0,1731000.0,2387000.0,4613000.0,-17605000.0,12951340.0,13174340.0,1.9103088946780797,4.437319468515309,0.07950683632340157,0.0979933761932593,0.04823138565511689,1.9103088946780797,0.05123709331774791,3.378022952529995,6.155579847908746,1.2615760763685955,0.0,0.47301105571211793,0.0,0.30301114360230774,1.682842287694974,0.041571168892752704,-58.33936936936937,0.43088158581116326,54.555555555555564,2.592891584843141,0.4807249667648896,-0.3304177626275974,0.3409090909090909,51.6,31.58823529411765,2.3771424341012684,0.43399350688328686,0.47471338565561505,Packaged Foods,Consumer Defensive,CYAN
2011Q1,2011,Q1,2010-08-12,2010-06-30,10000.0,3919000.0,17000.0,0.0018,1232000.0,0.3143659097,12858000.0,10284000.0,7913000.0,1969000.0,2574000.0,4356000.0,-17595000.0,10244800.0,10322800.0,1.9072700296735905,4.018791264601321,0.06276248250116659,0.07847141190198366,0.015327743215219547,1.9072700296735905,0.0009723842862699338,2.6141362592498085,256.12,0.9961882535978218,0.0,0.6168503213957759,0.0,0.3047907917249961,1.7211782630777044,0.0007777259293824856,-144.29295774647886,0.3143659096708344,1.041860465116279,1.032969604755849,0.6282519084964661,-0.3175637153358649,-0.11239193083573487,1.0442477876106195,1.0829268292682928,1.0155052792488368,0.3789277502306335,0.6156931957900714,Packaged Foods,Consumer Defensive,CYAN
2010Q4,2010,Q4,2010-06-24,2010-03-31,-226000.0,3814000.0,-205000.0,-0.043,1388000.0,0.3639223912,12148000.0,9120000.0,7214000.0,2272000.0,3028000.0,3933000.0,-18530000.0,17597550.0,17962550.0,1.7361507709880069,3.175176056338028,0.09729996707276918,0.12960526315789472,-0.019468333387960644,1.7361507709880069,-0.024780701754385966,4.613935500786575,-19.466316371681415,1.9295559210526316,0.0,0.6168319349097381,0.0,0.3139611458676325,1.2680457746478873,-0.018603885413236747,-197.7252808988764,0.36392239119035136,-1.5512820512820513,-2.0371936756859657,0.4816188368551304,-0.3985642156736507,-0.19907674552798615,-1.5472154963680387,-1.471264367816092,0.957956952512075,0.6309891997133867,0.2099884334688719,Packaged Foods,Consumer Defensive,CYAN
2010Q3,2010,Q3,2010-02-11,2009-12-31,413000.0,4021000.0,435000.0,0.078,1733000.0,0.4309873166,11467000.0,8266000.0,6448000.0,2411000.0,3201000.0,3098000.0,-19506000.0,27725110.0,28148110.0,1.5756767060617614,2.6744089589382,0.1199965117293102,0.16646503750302444,0.0440485700121072,1.5756767060617614,0.0499637067505444,6.895078338721711,16.782754237288135,3.3541144447132836,0.0,0.7385409941897999,0.0,0.3506584110927008,1.3459145582745748,0.036016394872242084,-181.20986928104574,0.43098731658791345,-0.2909090909090909,2.611672104156897,0.46785286194797776,-0.44056516374055404,-0.016458569807037457,-0.3105175292153589,-0.3192488262910798,2.187025437797537,0.6408629940479942,-0.4352304907778903,Packaged Foods,Consumer Defensive,CYAN
2010Q2,2010,Q2,2009-11-12,2009-09-30,599000.0,3925000.0,639000.0,0.11,1762000.0,0.4489171975,11684000.0,8935000.0,6645000.0,1997000.0,2749000.0,3521000.0,-18907000.0,13852080.0,13975080.0,1.7028778349533067,3.327491236855283,0.1046730571722013,0.13687744823726916,0.061670612505715754,1.7028778349533067,0.06703973139339675,3.529192356687898,5.781335559265442,1.5503167319529938,0.0,0.614314115308151,0.0,0.3359294762067785,1.4672008012018027,0.05126668948990072,46.1736,0.4489171974522293,0.0,3.8947481992858575,0.2944847419402784,-0.39982811088738074,0.006857142857142857,-0.009917355371900827,0.011075949367088608,2.0446082410061828,0.5819294527127574,-0.36441113968868233,Packaged Foods,Consumer Defensive,CYAN
2010Q1,2010,Q1,2009-08-13,2009-06-30,605000.0,3982000.0,632000.0,0.11,1750000.0,0.4394776494,12364000.0,9600000.0,7222000.0,2051000.0,2764000.0,3844000.0,-18302000.0,10351028.0,10627028.0,1.8289197942465232,3.521209166260361,0.08629893238434164,0.11114583333333333,0.058570473594268806,1.8289197942465232,0.06302083333333333,2.5994545454545452,4.277284297520661,1.0782320833333332,0.0,0.5806451612903226,0.0,0.3220640569395018,1.5490004875670405,0.04893238434163701,80.24052713178294,0.4394776494224008,1.9729729729729732,0.8359405589378985,0.23878225981348938,-0.3716340305958956,0.38449367088607594,2.118556701030928,1.4784313725490197,1.508231760115418,0.6313149916414019,-0.25377563119065305,Packaged Foods,Consumer Defensive,CYAN
2009Q4,2009,Q4,2009-06-25,2009-03-31,194000.0,3422000.0,255000.0,0.037,1264000.0,0.3693746347,10787000.0,7774000.0,5996000.0,2104000.0,3013000.0,3124000.0,-19921000.0,10544459.999999998,11096459.999999998,1.4818909645444147,2.849809885931559,0.14174469268564013,0.19668124517622845,0.023739461924724745,1.4818909645444147,0.024954978132235656,3.0813734658094676,13.588221649484536,1.3563750964754309,0.0,0.6907810499359796,0.0,0.3172337072401965,1.3127376425855513,0.01798461110596088,12.390669800235015,0.36937463471654003,-0.2843326885880078,-0.5652897834696212,0.027828874105267114,-0.4679970387674345,-0.03067484662576687,-0.28413284132841327,-0.1267123287671233,-0.002668699961875718,0.04946731510776802,-0.47673256890758064,Packaged Foods,Consumer Defensive,CYAN
2009Q3,2009,Q3,2009-02-12,2008-12-31,271000.0,3701000.0,292000.0,0.0517,1304000.0,0.3523372062,10121000.0,6650000.0,5408000.0,2119000.0,3471000.0,1724000.0,-20792000.0,7653320.0,8488320.0,1.2685997710797405,2.5521472392638036,0.19108783717024008,0.29082706766917293,0.03545594666284322,1.2685997710797405,0.04075187969924812,2.067905971359092,7.0602583025830254,1.1508751879699248,0.0,1.390371229698376,0.0,0.3656753285248493,1.6484190655969797,0.02677601027566446,-13.426877192982456,0.3523372061604972,1.2380952380952384,2.678987704330273,0.3315814613874628,-0.5209668094568399,-0.05370101596516691,1.2396694214876034,0.424390243902439,0.7651597329762377,0.21765978600099822,-0.5648896852392775,Packaged Foods,Consumer Defensive,CYAN
2009Q2,2009,Q2,2008-11-13,2008-09-30,121000.0,3274000.0,205000.0,0.0231,1378000.0,0.4208918754,10455000.0,6879000.0,5752000.0,2371000.0,3576000.0,2613000.0,-20629000.0,9959800.0,10763800.0,1.3122853872567721,2.425980598903416,0.17149689143950264,0.2606483500508795,0.017548191202770923,1.3122853872567721,0.01758976595435383,3.0420891875381795,20.578099173553717,1.4478557929931677,0.0,0.7256027554535017,0.0,0.31315160210425635,1.2825811893715733,0.011573409851745577,321.28387096774196,0.42089187538179595,-0.7642857142857143,6.285093952689814,0.007065394081390326,-0.5050421827200747,-0.12005108556832694,-0.7645914396887159,-0.6312949640287769,1.375652678283835,0.2962883297809918,-0.5400309404838045,Packaged Foods,Consumer Defensive,CYAN
2009Q1,2009,Q1,2008-08-14,2008-06-30,514000.0,3553000.0,556000.0,0.098,1566000.0,0.4407542921,10714000.0,7490000.0,5951000.0,2179000.0,3224000.0,3100000.0,-20115000.0,8918200.0,10292200.0,1.4277544796035075,2.7310692978430473,0.1540041067761807,0.22029372496662217,0.060478522362222724,1.4277544796035075,0.06862483311081442,2.510047846889952,4.337645914396886,1.1906809078771694,0.0,0.6409677419354839,0.0,0.3316221765913758,1.2033042680128498,0.047974612656337505,60.668027210884354,0.440754292147481,1.8405797101449275,3.2196317333958246,0.0513597567156232,-0.5039055169593808,0.30066445182724255,1.839779005524862,0.7877813504823151,2.741800685199738,0.5172709303224354,-0.4891381674780768,Packaged Foods,Consumer Defensive,CYAN
2008Q4,2008,Q4,2008-06-26,2008-03-31,181000.0,3414000.0,311000.0,0.0345,1204000.0,0.352665495,9780000.0,6379000.0,4888000.0,1796000.0,3401000.0,1601000.0,-21059000.0,8229415.800000001,9211415.8,1.2169019458222052,2.7216035634743876,0.2118609406952965,0.32481580184981973,0.033304342681339485,1.2169019458222052,0.02837435334691958,2.41049086115993,11.366596408839781,1.2900792914249883,0.0,1.3803872579637726,0.0,0.349079754601227,1.6837416481069043,0.01850715746421268,-14.908361956521741,0.3526654950205038,1.4726027397260275,1.5019556633539846,0.2288279414767762,-0.5459546781221923,0.613941018766756,1.4738219895287958,1.9120234604105573,3.437547047238005,0.3290144505913773,-0.5784419253995225,Packaged Foods,Consumer Defensive,CYAN
2008Q3,2008,Q3,2008-02-14,2007-12-31,-382000.0,2583000.0,-341000.0,-0.073,746000.0,0.2888114595,9192000.0,7123000.0,4169000.0,1179000.0,2069000.0,1692000.0,-20302000.0,7327600.0,7889600.0,1.3609094382881162,3.536047497879559,0.14088337684943428,0.1818054190650007,-0.04159737071355033,1.3609094382881162,-0.0536290888670504,2.836856368563686,-4.795549738219895,1.0287238523094202,0.0,1.0856973995271868,0.0,0.28100522193211486,2.0474978795589482,-0.04155787641427328,55.512121212121215,0.28881145954316684,-0.02672292545710266,0.7692973247615968,0.04790671100376405,-0.5475780877684222,-0.028645833333333332,-0.026881720430107527,-0.08598726114649681,-4.348237020705327,-0.05492249745525933,-0.516817031156387,Packaged Foods,Consumer Defensive,CYAN
2008Q2,2008,Q2,2007-11-07,2007-09-30,-372000.0,2604000.0,-314000.0,-0.0711,768000.0,0.2949308756,9340000.0,6780000.0,4440000.0,1768000.0,2560000.0,1994000.0,-20646000.0,4553580.0,4992580.0,1.295376385173863,2.51131221719457,0.12815845824411135,0.1765486725663717,-0.04256714799233844,1.295376385173863,-0.05486725663716814,1.7486866359447004,-3.060201612903226,0.6716194690265487,0.0,0.9207622868605817,0.0,0.27880085653104925,1.2279411764705883,-0.039828693790149895,37.0209756097561,0.29493087557603687,0.40750000000000003,0.5078086859878808,0.08243064994340193,-0.5428542706289008,1.1756373937677054,0.40669856459330145,0.44028520499108736,-4.047360393106737,-0.13905461875870379,-0.5434502251167118,Packaged Foods,Consumer Defensive,CYAN
2008Q1,2008,Q1,2007-09-21,2007-06-30,-627000.0,2763000.0,-561000.0,-0.12,353000.0,0.1277596815,9181000.0,6188000.0,4270000.0,2220000.0,2993000.0,1850000.0,-21240000.0,7863000.0,8170000.0,1.1804654711942006,1.9234234234234233,0.11948589478270341,0.177278603749192,-0.08128574696865705,1.1804654711942006,-0.1013251454427925,2.8458197611292073,-3.1351674641148324,1.2706851971557855,0.0,1.3027027027027027,0.0,0.30094760919289837,0.9378378378378378,-0.06829321424681407,-12.76461038961039,0.12775968150560985,0.8823529411764706,-1.4408086131247617,-0.02614254249536656,-0.5701841907894941,0.9831460674157303,0.8829350261389096,0.893910741301059,-2.9052428415604967,-0.13929532333186956,-0.5944248990641997,Packaged Foods,Consumer Defensive,CYAN
2007Q4,2007,Q4,2007-08-16,2007-03-31,-5356000.0,2330000.0,-5288000.0,-1.02,178000.0,0.0763948498,9906000.0,7510000.0,4765000.0,1404000.0,2396000.0,1593000.0,-19920000.0,8583760.0,8529760.0,1.434849063813527,3.3938746438746437,0.14031899858671512,0.18508655126498003,-0.5982903772991036,1.434849063813527,-0.7131824234354195,3.6840171673819744,-0.4006609410007468,1.1429773635153129,0.0,1.3509102322661646,0.0,0.2352109832424793,2.158831908831909,-0.5406824146981627,-18.30226012793177,0.07639484978540773,-14.384615384615385,-4.3977054766044485,-0.0653134056101459,-0.5306637102502149,-0.6220806794055201,-14.435158501440922,-16.0032154340836,-13.029103272948461,-0.2985587571559815,-0.4848852114397975,Packaged Foods,Consumer Defensive,CYAN
2007Q3,2007,Q3,2007-03-14,2006-12-31,-347000.0,2444000.0,-311000.0,-0.0663,471000.0,0.1927168576,17220000.0,14597000.0,6917000.0,1323000.0,2623000.0,2215000.0,-12842000.0,,,,,,,,,,,,,,,,,,,,,,,,,,,,,,,Packaged Foods,Consumer Defensive,CYAN
2007Q2,2007,Q2,2007-02-21,2006-09-30,-572000.0,2475000.0,-542000.0,-0.11,404000.0,0.1632323232,16417000.0,14023000.0,6264000.0,1184000.0,2394000.0,2177000.0,-13414000.0,,,,,,,,,,,,,,,,,,,,,,,,,,,,,,,Packaged Foods,Consumer Defensive,CYAN
2007Q1,2007,Q1,2007-02-20,2006-06-30,-1187000.0,2434000.0,-1163000.0,-0.23,78000.0,0.0320460148,15460000.0,12828000.0,5568000.0,1513000.0,2632000.0,1797000.0,-14601000.0,,,,,,,,,,,,,,,,,,,,,,,,,,,,,,,Packaged Foods,Consumer Defensive,CYAN
