Quarters,Year,Quarter,FillingDate,Date,NetIncome,Revenue,OperatingIncome,EPSDiluted,GrossProfit,GrossProfitRatio,TotalAssets,CommonStockEquity,CurrentAssets,CurrentLiability,TotalLiability,Inventory,RetainedEarnings,MarketCap,EnterpriseValue,bookValuePerShare,currentRatio,debtToAssets,debtToEquity,roic,shareholdersEquityPerShare,roe,priceToSalesRatio,peRatio,pbRatio,payoutRatio,inventoryTurnover,dividendYield,assetTurnover,quickRatio,returnOnAssets,priceToFreeCashFlowsRatio,grossProfitMargin,epsdilutedGrowth,fiveYNetIncomeGrowthPerShare,fiveYRevenueGrowthPerShare,fiveYShareholdersEquityGrowthPerShare,grossProfitGrowth,netIncomeGrowth,operatingIncomeGrowth,threeYNetIncomeGrowthPerShare,threeYRevenueGrowthPerShare,threeYShareholdersEquityGrowthPerShare,Industry,Sector,Symbol
2023Q1,2023,Q1,2023-05-11,2023-03-31,553000.0,9367000.0,761000.0,0.2,3196000.0,0.3411978221,20395000.0,14746000.0,15567000.0,5590000.0,5649000.0,8466000.0,765000.0,28793165.5,27725165.5,5.5054557999189075,2.78479427549195,0.0028928658985045356,0.00400108504001085,0.03937723350964367,5.5054557999189075,0.03750169537501696,3.0738940429166224,13.016801763110307,1.9526085379085856,0.0,0.7289156626506024,0.0,0.4592792351066438,1.185509838998211,0.02711448884530522,143.24957960199006,0.3411978221415608,1.8169014084507045,2.960632031501213,2.0143128671586377,0.0,0.03330100226317491,1.9105263157894736,0.2683333333333333,2.960632031501213,2.0143128671586377,0.0,Electronic Components,Technology,MPTI
2022Q4,2022,Q4,2023-03-30,2022-12-31,190000.0,8673000.0,600000.0,0.071,3093000.0,0.3566240055,19273000.0,14341000.0,14314000.0,4856000.0,4932000.0,7518000.0,212000.0,23419480.0,22569480.0,5.3580929209359045,2.947693574958814,0.003943340424427956,0.005299490969946308,0.01321994332819031,5.3580929209359045,0.01324872742486577,2.700274414850686,30.815105263157893,1.6330437208005022,0.0,0.7422186751795691,0.0,0.45000778290873245,1.2609143327841845,0.00985835106106989,41.52390070921986,0.35662400553441714,-0.6263157894736843,0.0,0.0,0.0,0.13338219127885673,-0.6222664015904572,-0.047619047619047616,0.0,0.0,0.0,Electronic Components,Technology,MPTI
2022Q3,2022,Q3,2022-11-14,2022-09-30,503000.0,8417000.0,630000.0,0.19,2729000.0,0.3242247832,23781000.0,18964000.0,13582000.0,4726000.0,4817000.0,7298000.0,0.0,35061743.9,34346743.9,7.0854547540061175,2.8738891239949216,0.003826584247929019,0.004798565703438094,0.026956413447021703,7.0854547540061175,0.026523940097025946,4.165586776761316,17.426314065606363,1.8488580415524152,0.0,0.7793916141408606,0.0,0.3539380177452588,1.2996191282268303,0.021151339304486774,-1298.5831074074074,0.3242247831769039,0.05555555555555561,0.0,0.0,0.0,0.029034690799396683,0.03497942386831276,0.04477611940298507,0.0,0.0,0.0,Electronic Components,Technology,MPTI
2022Q2,2022,Q2,2022-06-30,2022-06-30,486000.0,7064000.0,603000.0,0.18,2652000.0,0.3754246886,21650000.0,18303000.0,11773000.0,3235000.0,3347000.0,6128000.0,0.0,35405828.5,34414828.5,6.772029074252563,3.639258114374034,0.005173210161662818,0.006119215429164618,0.02671940440467455,6.772029074252563,0.02655302409441075,5.012150127406569,18.212874742798352,1.9344276074960387,0.0,0.7199738903394256,0.0,0.32628175519630487,1.6791344667697063,0.022448036951501153,37.82673985042735,0.3754246885617214,0.6363636363636362,0.5216683394542385,1.19896913820767,0.0,-0.0766016713091922,-0.2148626817447496,-0.2592137592137592,0.5216683394542385,1.19896913820767,0.0,Electronic Components,Technology,MPTI
2022Q1,2022,Q1,2022-03-31,2022-03-31,619000.0,7691000.0,814000.0,0.11,2872000.0,0.373423482,20806000.0,17708000.0,12327000.0,2968000.0,3098000.0,5652000.0,0.0,70615157.0,69185157.0,3.285056776125273,4.153301886792453,0.00624819763529751,0.00734131466004066,0.035317895121694094,3.285056776125273,0.03495595211203976,9.181531270315954,28.519853392568656,3.9877545177320983,0.0,0.852618542108988,0.0,0.3696529847159473,2.1765498652291106,0.02975103335576276,-192.4118719346049,0.37342348199193864,0.0,1.2028469750889679,0.22977294531499837,0.0,0.0,0.0,0.0,1.2028469750889679,0.22977294531499837,0.0,Electronic Components,Technology,MPTI
2021Q2,2021,Q2,2021-06-30,2021-06-30,637000.0,6407000.0,793000.0,0.118172,2462000.0,0.3842672077415327,,,,,,,,70615157.0,,,0.0,0.0,0.0,0.0,,0.0,11.021563446230685,27.71395486656201,0.0,0.0,0.0,0.0,0.0,0.0,0.0,-267.4816553030303,0.3842672077415327,1.266914769130426,0.0,0.0,0.0,0.2328492739108663,1.2669039145907472,1.6258278145695364,0.0,0.0,0.0,Electronic Components,Technology,MPTI
2021Q1,2021,Q1,2021-03-31,2021-03-31,281000.0,6254000.0,302000.0,0.052129,1997000.0,0.31931563799168533,,,,,,,,70615157.0,,,0.0,0.0,0.0,0.0,,0.0,11.29119875279821,62.824872775800706,0.0,0.0,0.0,0.0,0.0,0.0,0.0,93.65405437665783,0.31931563799168533,0.0,0.0,0.0,0.0,0.0,0.0,0.0,0.0,0.0,0.0,Electronic Components,Technology,MPTI
