Quarters,Year,Quarter,FillingDate,Date,NetIncome,Revenue,OperatingIncome,EPSDiluted,GrossProfit,GrossProfitRatio,TotalAssets,CommonStockEquity,CurrentAssets,CurrentLiability,TotalLiability,Inventory,RetainedEarnings,MarketCap,EnterpriseValue,bookValuePerShare,currentRatio,debtToAssets,debtToEquity,roic,shareholdersEquityPerShare,roe,priceToSalesRatio,peRatio,pbRatio,payoutRatio,inventoryTurnover,dividendYield,assetTurnover,quickRatio,returnOnAssets,priceToFreeCashFlowsRatio,grossProfitMargin,epsdilutedGrowth,fiveYNetIncomeGrowthPerShare,fiveYRevenueGrowthPerShare,fiveYShareholdersEquityGrowthPerShare,grossProfitGrowth,netIncomeGrowth,operatingIncomeGrowth,threeYNetIncomeGrowthPerShare,threeYRevenueGrowthPerShare,threeYShareholdersEquityGrowthPerShare,Industry,Sector,Symbol
2023Q2,2023,Q2,2023-07-07,2023-05-31,12090000.0,178251000.0,34989000.0,0.27,144473000.0,0.8105031669,1601885000.0,418815000.0,281082000.0,323494000.0,1183070000.0,0.0,71278000.0,2600580000.0,3288826000.0,9.662805989433126,0.8688940134902038,0.5080121232173346,1.9430464524909565,0.02297476091261367,9.662805989433126,0.02886716091830522,14.58942726829022,53.775434243176186,6.20937645499803,0.6491315136476427,0.0,0.0030177883395242603,0.11127577822378011,0.7594329415692409,0.007547358268539877,56.086872128884764,0.8105031668826542,-0.49056603773584906,-0.17546478915682068,0.948443289692702,0.42317878320899677,0.046837525088943475,-0.48931317056686663,-0.016831516241429697,-0.2620675506365934,0.8390467398450326,0.2758925231413709,Software—Application,Technology,PRGS
2023Q1,2023,Q1,2023-04-07,2023-02-28,23674000.0,164226000.0,35588000.0,0.53,138009000.0,0.8403602353,1643607000.0,413443000.0,292701000.0,337157000.0,1230164000.0,0.0,74640000.0,2487152000.0,3217888000.0,9.548337182448037,0.8681445142767316,0.5102904769814195,2.0286157946802823,0.022016358081465043,9.548337182448037,0.05726061391775892,15.144690852849122,26.26459406944327,6.015707122868206,0.3388949902847005,0.0,0.0032257779178755464,0.09991804610226167,0.7411028096702723,0.014403686526036942,53.62321590272089,0.8403602352855212,-0.018518518518518535,0.9702164840841254,0.8764318283097163,0.27792902316720375,0.03303242612054253,-0.0014341150666441708,0.1690043688204185,0.1624905099161915,0.5525014722776886,0.3071582386726599,Software—Application,Technology,PRGS
2022Q4,2022,Q4,2023-01-27,2022-11-30,23708000.0,157127000.0,30443000.0,0.54,133596000.0,0.8502421608,1406963000.0,393988000.0,421537000.0,318004000.0,1012975000.0,0.0,61905000.0,2299904880.0,2684218880.0,9.134047387211945,1.3255713764606734,0.4553005302911306,1.6259150024873854,0.02549906709001408,9.134047387211945,0.06017442155598648,14.637235357386064,24.252413531297453,5.8374998223296135,0.32529104099881895,0.0,0.003353182154211525,0.11167813226076308,1.1910353328888945,0.01685047865508901,61.93695311448038,0.8502421607998625,0.08000000000000007,0.5887555455808876,0.49028884638390435,0.15337737412734403,0.0484613996123088,0.08767261549754553,-0.04928015989506886,6.204380539967785,0.39693562933586035,0.2412251192400631,Software—Application,Technology,PRGS
2022Q3,2022,Q3,2022-10-06,2022-08-31,21797000.0,151217000.0,32021000.0,0.5,127421000.0,0.8426367406,1346292000.0,366973000.0,364434000.0,279683000.0,979319000.0,0.0,47984000.0,2079745430.0,2498856430.0,8.49258290713013,1.303025210684954,0.4777759951035882,1.752788352276598,0.024377319321039734,8.49258290713013,0.05939674035964499,13.753383746536434,23.85357423039868,5.667298220850035,0.35683809698582375,0.0,0.0037398807987764154,0.11232110121726936,1.1976737949750254,0.016190395545691426,53.931110909420944,0.8426367405781096,-0.24242424242424246,1.1704742450518597,0.7287491713670604,0.04250476996709027,0.02108342014584502,-0.25121951219512195,0.3094916779127305,0.6638024468234814,0.4663569771587153,0.14056782141338955,Software—Application,Technology,PRGS
2022Q2,2022,Q2,2022-07-07,2022-05-31,29110000.0,148747000.0,24453000.0,0.66,124790000.0,0.8389412896,1354582000.0,372146000.0,355869000.0,284229000.0,982436000.0,0.0,61798000.0,2105108250.0,2527191250.0,8.54035570854848,1.2520502833982459,0.4775982554027737,1.7384198674713687,0.018471647381913293,8.54035570854848,0.07822198814443794,14.152273659300691,18.078909738921332,5.656673053049072,0.2675712813466163,0.0,0.0037000472541020156,0.10981025881046699,1.1377480834116154,0.021490024228876508,31.36709157825724,0.8389412895722267,0.43478260869565216,2.1151465602418242,0.7659180532235135,0.04833694626234927,0.025306055377536767,0.42319350738241907,-0.1691696113074205,2.6428423386738498,0.5229108941390845,0.2081732457072883,Software—Application,Technology,PRGS
2022Q1,2022,Q1,2022-04-07,2022-02-28,20454000.0,144922000.0,29432000.0,0.46,121710000.0,0.8398310815,1353116000.0,368323000.0,342622000.0,283730000.0,984793000.0,15255000.0,64645000.0,1938682480.0,2417489480.0,8.374593574498078,1.2075635287068691,0.48072227362620795,1.7660395902509483,0.022132173115332065,8.374593574498078,0.05553277965264184,13.377420129448945,23.69563997262149,5.263539013311686,0.3805612594113621,1.5215994755817766,0.004015097923616662,0.10710242137407289,1.0114052091777395,0.015116220634446714,44.81259488696778,0.8398310815473151,0.3939393939393939,44.16949773765944,0.7652010284143479,0.05679405433137107,0.022360728445668974,0.3703604448613158,0.44572158365261816,1.2237223833398962,0.6542309471540333,0.2275375730681105,Software—Application,Technology,PRGS
2021Q4,2021,Q4,2022-01-27,2021-11-30,14926000.0,140128000.0,20358000.0,0.33,119048000.0,0.849566111,1363537000.0,412489000.0,337808000.0,322929000.0,951048000.0,0.0,90256000.0,2130540300.0000002,2566484300.0,9.380292900350208,1.0460751434525855,0.43368826808513444,1.433613987282085,0.020678760316887163,9.380292900350208,0.03618520736310544,15.204243976935375,35.68505125284738,5.165083917389312,0.5486399571218009,0.0,0.003843625957227845,0.10276802169651429,0.8763660123432705,0.010946530970556721,50.70903962870404,0.849566110984243,-0.5285714285714285,1.2236894484332013,0.31636746989581865,0.12184085256322341,-0.06518307956874415,-0.5181430785123967,-0.5578769057029926,-0.17021587091331353,0.2895792415685458,0.36295914185692363,Software—Application,Technology,PRGS
2021Q3,2021,Q3,2021-10-07,2021-08-31,30976000.0,147417000.0,46046000.0,0.7,127349000.0,0.8638691603,1275487000.0,396773000.0,508897000.0,271608000.0,878714000.0,0.0,83455000.0,2037558720.0,2251486720.0,9.066610301174535,1.8736451061824393,0.465565701571243,1.4966315752331938,0.03533014485490861,9.066610301174535,0.07806982834013403,13.821735078043917,16.444656508264462,5.135326042850698,0.25035511363636365,0.0,0.0038060252810775434,0.11557703057734026,1.8010772878560277,0.02428562580410463,58.89068238966444,0.8638691602732385,1.3333333333333333,3.5417451708041394,0.605122405954954,-0.10886432025946238,0.23426505650429355,1.2848712842074206,1.0665110851808635,0.907578506811212,0.5888428980672336,0.33948814585954434,Software—Application,Technology,PRGS
2021Q2,2021,Q2,2021-07-07,2021-05-31,13557000.0,122488000.0,22282000.0,0.3,103178000.0,0.8423519039,1239994000.0,365721000.0,470968000.0,266077000.0,874273000.0,0.0,60301000.0,1992842639.9999998,2234169640.0,8.346364507736547,1.7700440098167072,0.48281443297306276,1.6370047112416295,0.01773256261591231,8.346364507736547,0.03706924130689788,16.269696949905295,36.74932949767647,5.449079052064278,0.5726193110570185,0.0,0.0038954405351342746,0.09878112313446678,1.6907211070479597,0.010933117418310089,37.08304131001116,0.8423519038599699,-0.2857142857142857,1.1210140256816739,0.4504466521497871,-0.15291881186247377,-0.0010746546098810135,-0.28500606508095566,-0.18726291216807703,-0.08543849288105648,0.3243895805592222,0.22928773456995674,Software—Application,Technology,PRGS
2021Q1,2021,Q1,2021-04-05,2021-02-28,18961000.0,121280000.0,27416000.0,0.42,103289000.0,0.8516573219,1027057000.0,352553000.0,239309000.0,265740000.0,674504000.0,0.0,71118000.0,1923549880.0,2214229880.0,7.992949124875306,0.9005381199668849,0.3878830483605097,1.1299804568391136,0.026726291920346656,7.992949124875306,0.05378198455267719,15.86040468337731,25.361925531353833,5.456058748613684,0.4142186593534096,0.0,0.00408307581813267,0.11808497483586597,0.8129863776623768,0.018461487531850715,44.19718487201875,0.8516573218997362,0.07692307692307684,5.791677057827757,0.5613137641641126,-0.2229357621080172,-0.008305009889202526,0.0736085159390748,0.4808253213784163,0.5490808092679802,0.3603497921673525,0.06975921275103583,Software—Application,Technology,PRGS
2020Q4,2020,Q4,2021-01-27,2020-11-30,17661000.0,122385000.0,18514000.0,0.39,104154000.0,0.8510356661,1041782000.0,346013000.0,238935000.0,262543000.0,695769000.0,0.0,72547000.0,1793392300.0,2111885300.0,7.736802092882857,0.9100794917404006,0.3997794164230136,1.2036628681581327,0.024690416383740865,7.736802092882857,0.051041434859383894,14.653693671610084,25.38633571145462,5.183020002138648,0.4270426363173093,0.0,0.004205437929001925,0.11747659299162397,0.8187306460275079,0.016952682998938356,45.21461022589754,0.8510356661355558,-0.2641509433962264,3.1029093449488254,0.22443578843497847,-0.25314353992897715,0.09680816335127052,-0.26341910998039786,-0.442231795860573,0.14147461378058432,0.11953230621458842,-0.023056033787893157,Software—Application,Technology,PRGS
2020Q3,2020,Q3,2020-10-08,2020-08-31,23977000.0,109699000.0,33193000.0,0.53,94961000.0,0.8656505529,919468000.0,368166000.0,320206000.0,227691000.0,551302000.0,0.0,90425000.0,1706414040.0,1799174040.0,8.174926725286438,1.4063182119627038,0.34077858065751065,0.8510698978178322,0.03722528115315223,8.174926725286438,0.06512551403443012,15.55542019526158,17.792197105559495,4.634903929205847,0.3107978479376069,0.0,0.004367052676148867,0.119307034067526,1.3375539656815596,0.026077035851166108,57.942751782682514,0.8656505528765075,0.4324324324324325,7.467208631974154,0.29000964031594395,-0.22655306267700825,0.10260786772560494,0.41307166430928804,0.31150973961831757,1.290800464215492,0.20328510915562206,0.0035109693291770286,Software—Application,Technology,PRGS
2020Q2,2020,Q2,2020-07-08,2020-05-31,16968000.0,100383000.0,25309000.0,0.37,86124000.0,0.857954036,895602000.0,339961000.0,291398000.0,225172000.0,555641000.0,0.0,73923000.0,1862893500.0,1987427500.0,7.573369867896367,1.2941129447711084,0.35479599196964723,0.9346836843049644,0.027941805923095527,7.573369867896367,0.04991160750792003,18.557858402319116,27.447157885431402,5.4797270863422565,0.4383545497406884,0.0,0.003992713485768242,0.11208438569811144,1.2022453946316594,0.01894591570809355,49.879337581664345,0.8579540360419593,-0.19565217391304351,2.2985316169090435,0.26751937198078835,-0.27101469431176944,-0.0914902370328175,-0.19643871945444213,-0.17592471997916123,0.7626431566041351,0.15685776717332464,-0.0703615035286209,Software—Application,Technology,PRGS
2020Q1,2020,Q1,2020-04-07,2020-02-29,21116000.0,109683000.0,30712000.0,0.46,94797000.0,0.8642816116,890182000.0,327957000.0,274738000.0,230722000.0,562225000.0,0.0,64475000.0,1674209130.0,1833746130.0,7.304652872129541,1.1907750452926031,0.3601858945698745,0.9776617056504359,0.035109041739259605,7.304652872129541,0.06438648969224624,15.264071278137907,19.821570491570373,5.104965376558512,0.3536654669444971,0.0,0.004460613591325954,0.12321412924548014,1.0841922313433483,0.02372099188705231,52.535745261704534,0.8642816115532945,5.1818181818181825,25.5419384572818,0.521012340867757,-0.31214869491876607,-0.015321173342197108,5.454852320675106,0.4832415724910654,44.65743083905277,0.3087206364928807,-0.07822228558909713,Software—Application,Technology,PRGS
2019Q4,2019,Q4,2020-01-27,2019-11-30,-4740000.0,117038000.0,20706000.0,-0.11,96272000.0,0.8225704472,881271000.0,330282000.0,284665000.0,240885000.0,550989000.0,0.0,64303000.0,1885492820.0,2025952820.0,7.358896662359075,1.1817464765344459,0.3344249385262876,0.8923253462192914,0.016396998302758235,7.358896662359075,-0.014351372463531164,16.110090910644406,-99.44582383966244,5.708736231462811,-1.4643459915611814,0.0,0.003681265675676241,0.13280591327752758,1.0684974157793137,-0.005378595233475288,54.75830801847065,0.8225704472051812,-1.3666666666666667,-1.3682340280294483,0.34339834042313583,-0.3168388545203492,0.12086248850286992,-1.349634874972339,0.29736842105263156,0.9304008118562581,0.07721621074923266,-0.11990904832861358,Software—Application,Technology,PRGS
2019Q3,2019,Q3,2019-10-07,2019-08-31,13557000.0,106716000.0,15960000.0,0.3,85891000.0,0.8048558792,859925000.0,332952000.0,236294000.0,215332000.0,526973000.0,0.0,76486000.0,1689370480.0,1861808480.0,7.44592539583147,1.0973473519959875,0.3447486699421461,0.8903926091448617,0.02808086419953207,7.44592539583147,0.04071758091256397,15.830526631432962,31.15310319392196,5.07391599990389,0.5113963266209338,0.0,0.004103895552857061,0.12409919469721196,1.0049133431166757,0.01576532837166032,64.93832327503364,0.8048558791558904,0.6666666666666666,0.376757228968676,0.5167703905969303,-0.28444684924538566,0.04256894542629637,0.6571323799046571,0.08269452547317006,0.9453387502334338,0.13716724279335965,-0.26815760592996546,Software—Application,Technology,PRGS
2019Q2,2019,Q2,2019-07-09,2019-05-31,8181000.0,99995000.0,14741000.0,0.18,82384000.0,0.8238811941,829905000.0,315347000.0,204306000.0,204199000.0,514558000.0,0.0,61744000.0,1827266560.0,2022213560.0,7.068817107888189,1.0005239986483774,0.3593134153909182,0.9456122937589385,0.015820743542421488,7.068817107888189,0.02594285025701846,18.273579278963947,55.83872876176507,5.794463115234963,0.8426842684268426,0.0,0.003772848554728654,0.1204896946035992,0.9096665507666541,0.009857754803260614,45.86512449799197,0.823881194059703,-0.14285714285714285,-0.2685651747905025,0.41568654891505774,-0.30407338389862,0.12071826962318052,-0.12986598596043394,-0.043351288208190016,0.25717845466896305,0.1630465402856021,-0.2825784221469799,Software—Application,Technology,PRGS
2019Q1,2019,Q1,2019-04-05,2019-02-28,9402000.0,89549000.0,15409000.0,0.21,73510000.0,0.8208913556,615891000.0,306702000.0,215684000.0,182028000.0,309189000.0,0.0,60462000.0,1653481680.0,1661600680.0,6.82227066464988,1.1848946315951392,0.18612871433419226,0.37376671818247026,0.025648731325914567,6.82227066464988,0.030655163644188823,18.464546561100626,43.96622208040842,5.391166930766673,0.7436715592427143,0.0,0.004228652838778353,0.1453974810477828,1.0446250027468302,0.015265688246783928,68.33133647408877,0.8208913555706931,-0.4878048780487805,-0.0297889107187087,0.3761062614370178,-0.33042993248096747,-0.22295511722796557,-0.4898534997287032,-0.3648130590708603,2.3041955284968525,0.131075105500155,-0.3367476169439908,Software—Application,Technology,PRGS
2018Q4,2018,Q4,2019-01-28,2018-11-30,18430000.0,111333000.0,24259000.0,0.41,94602000.0,0.8497211069,640609000.0,310082000.0,228819000.0,196018000.0,330527000.0,0.0,71242000.0,1584133799.9999998,1595096799.9999998,6.882299411829986,1.1673366731626686,0.1812166235566469,0.37438161518566054,0.04753268261155002,6.882299411829986,0.05943589115137286,14.228789307752416,21.488521432447097,5.108757683451474,0.3427563754747694,0.0,0.003987668213379451,0.17379243813308898,1.0099225581324165,0.02876949902358537,68.74088956389672,0.849721106949422,0.10810810810810806,0.40734604795197393,0.4050308466199162,-0.3068714915616796,0.1976907592388621,0.10056132807834707,0.09358517783888563,3.178304204526897,0.10565508759145784,-0.33563121892485354,Software—Application,Technology,PRGS
2018Q3,2018,Q3,2018-10-05,2018-08-31,16746000.0,95683000.0,22183000.0,0.37,78987000.0,0.8255071434,625432000.0,305472000.0,197394000.0,188217000.0,319960000.0,0.0,68329000.0,1847170900.0,1866017900.0,6.768712608021272,1.0487575511245,0.18794049552949002,0.38479467839932957,0.043426063766683454,6.768712608021272,0.054820081709616594,19.305110625711986,27.576300310521916,6.046940145086947,0.3804490624626777,0.0,0.003449058232781818,0.15298705534734391,0.9759904790746851,0.026775093055679915,89.97861074577428,0.8255071433797018,0.12121212121212115,1.757309508603254,0.46300004746514833,-0.3023216810609415,-0.005940170402345864,0.08719080698565214,0.01812924545621443,5.507415481682207,0.12284432319334196,-0.35959792518994876,Software—Application,Technology,PRGS
2018Q2,2018,Q2,2018-07-06,2018-05-31,15403000.0,96102000.0,21788000.0,0.33,79459000.0,0.826819421,636973000.0,309137000.0,200621000.0,194863000.0,327836000.0,0.0,74655000.0,1724714280.0,1746592280.0,6.789593903055062,1.0295489651704017,0.1868195355219138,0.3849393634537438,0.03822982778412869,6.789593903055062,0.049825805387255485,17.94670537553849,27.993155229500747,5.57912601856135,0.42082711160163605,0.0,0.0037583036652308575,0.15087295693852015,0.9585041798596963,0.02418155871598953,42.776712716089186,0.8268194210318204,0.2222222222222222,1.28186343530143,0.4187282726455569,-0.31233571317045106,0.0300088146842269,0.19292131350681538,0.22624943719045476,1.9520795271789495,0.1963537153289841,-0.34645814567982364,Software—Application,Technology,PRGS
2018Q1,2018,Q1,2018-04-06,2018-02-28,12912000.0,94047000.0,17768000.0,0.27,77144000.0,0.8202707157,683140000.0,347652000.0,237652000.0,203032000.0,335488000.0,0.0,107800000.0,2180814230.0,2184157230.0,7.471727309849771,1.1705149927105087,0.17632403314108383,0.3464786625706166,0.03028508667992309,7.471727309849771,0.03714058886472679,23.18855710442651,42.22456300340768,6.272980538009273,0.5126239157372986,0.0,0.003035104920422314,0.1376687062681149,1.0901729776586941,0.01890095734402904,72.19087788407428,0.8202707157059768,-0.2058823529411765,0.7612385720003949,0.3110118657119188,-0.2739025421143246,-0.2137790460660416,-0.21407267636496438,-0.3832482904647853,15.48052576049766,0.25843841642616155,-0.29641593224772206,Software—Application,Technology,PRGS
2017Q4,2017,Q4,2018-01-26,2017-11-30,16429000.0,116079000.0,28809000.0,0.34,98120000.0,0.8452863998,718718000.0,376084000.0,263407000.0,208018000.0,342634000.0,0.0,145247000.0,1963195260.0000002,1951640260.0000002,7.919391859167386,1.2662702266150045,0.16962007351979497,0.32415364652577616,0.03384570037908026,7.919391859167386,0.04368438965762968,16.912579019460885,29.87393115831761,5.220097797300603,0.36374703268610387,0.0,0.0030440171295034605,0.16150840802651387,1.1769125748733282,0.02285875684204375,65.433298670133,0.8452863997794605,0.4782608695652174,0.22535132153862844,0.6834308917238608,-0.22022895888714936,0.23834164195115795,0.4705513784461153,0.4192324745061333,0.2062459923182955,0.25924649485319534,-0.2648054372492528,Software—Application,Technology,PRGS
2017Q3,2017,Q3,2017-10-10,2017-08-31,11172000.0,97310000.0,20299000.0,0.23,79235000.0,0.8142534169,725816000.0,391602000.0,261627000.0,206105000.0,334214000.0,0.0,162139000.0,1614224180.0,1592413180.0,8.146325227268,1.269386962955775,0.16939003824660795,0.31395651707601085,0.023320660742789066,8.146325227268,0.028528965633474804,16.588471688418455,36.122094969566774,4.1221040239835345,0.5401897601145721,0.0,0.003738638086811462,0.1340697917929613,1.179864632104995,0.015392330838669855,123.22321984732824,0.8142534169150139,0.09523809523809533,0.8493720119397948,0.19881062640937297,-0.23902615101542934,0.04468264641510429,0.08035973310124746,0.0007394991126010649,0.05536937444068503,0.2865526600604317,-0.21713845176224858,Software—Application,Technology,PRGS
2017Q2,2017,Q2,2017-07-07,2017-05-31,10341000.0,93213000.0,20284000.0,0.21,75846000.0,0.8136847865,737064000.0,392836000.0,311308000.0,210242000.0,344228000.0,0.0,173617000.0,1408053200.0,1336774200.0,8.146575143609631,1.4807127025047326,0.17177205778602672,0.3222897086825036,0.02155728645931946,8.146575143609631,0.026323962162327283,15.105759926190553,34.0405473358476,3.584328320215051,0.5844695870805532,0.0,0.004292451449987827,0.12646527302920776,1.374492251786037,0.014029989254664452,63.17256045583023,0.8136847864568247,20.444444444444443,8.086632869183667,0.06356195442283512,-0.22120478788415812,0.008429505929904803,20.697142857142858,0.1017925040738729,-0.14466247487026,0.22087458367244153,-0.19796786563040608,Software—Application,Technology,PRGS
2017Q1,2017,Q1,2017-04-07,2017-02-28,-525000.0,90970000.0,18410000.0,-0.0108,75212000.0,0.8267780587,741131000.0,386186000.0,336938000.0,221169000.0,354945000.0,0.0,173689000.0,1397662440.0,1301023440.0,7.924527527548068,1.5234413502796504,0.17576919599908788,0.33731932281335936,0.14971710936501606,7.924527527548068,-0.0013594485558772198,15.363992964713642,-665.5535428571428,3.619143210784441,-11.565714285714286,0.0,0.0043443966341400716,0.12274483188532122,1.415645953998978,-0.0007083767916872995,37.85958880732454,0.8267780587006706,0.9928947368421053,-1.0893960887160798,-0.06766905332650754,-0.2463312624160588,-0.25669559029905326,0.9928855040450991,-0.4227030417058639,-1.0499769566213248,0.28959678110226655,-0.22224920521398014,Software—Application,Technology,PRGS
2016Q4,2016,Q4,2017-01-30,2016-11-30,-73793000.0,117724000.0,31890000.0,-1.52,101186000.0,0.8595188747,754827000.0,406629000.0,336053000.0,203738000.0,348198000.0,0.0,195694000.0,1438018670.0,1365982670.0,8.361518373054224,1.6494370220577408,0.17884892829747742,0.33199796374582236,0.0684637786756883,8.361518373054224,-0.1814750054718183,12.21516997383711,-4.871799052755681,3.536439039025746,0.0,0.0,0.0,0.15596156470290543,1.5482236990644849,-0.09776147382115372,45.084608414848255,0.859518874655975,-11.133333333333333,-9.073564442729607,0.10340440311018616,-0.1649902630669215,0.1928232090440769,-10.740364308342134,1.3438189034249597,-6.220601252777231,0.3764383084519116,-0.15789674186034158,Software—Application,Technology,PRGS
2016Q3,2016,Q3,2016-10-07,2016-08-31,7576000.0,102018000.0,13606000.0,0.15,84829000.0,0.8315101257,832779000.0,494579000.0,308963000.0,195987000.0,338200000.0,0.0,281303000.0,1410205110.0,1358996110.0,10.174219826788175,1.5764463969549,0.16435933182753168,0.27675052923799837,0.01325221625303578,10.174219826788175,0.015318078608270874,13.823100923366464,46.535279501055975,2.851324277820126,0.0,0.0,0.0,0.12250308905483928,1.471740472582365,0.009097251491692274,76.15320822983044,0.8315101256640985,0.07142857142857129,0.1933965654236509,0.0770325770816551,-0.001406361564500985,0.06191555149406006,0.0413745704467354,0.10223590408295528,0.15809763811704117,0.44816197609807734,0.04869758790735538,Software—Application,Technology,PRGS
2016Q2,2016,Q2,2016-07-08,2016-05-31,7275000.0,96118000.0,12344000.0,0.14,79883000.0,0.8310930315,834230000.0,491403000.0,299373000.0,195424000.0,342827000.0,0.0,282918000.0,1313156090.0,1272173090.0,9.853086840575061,1.53191522023907,0.16632103856250674,0.2823548085787022,0.01297543477616599,9.853086840575061,0.014804549422775197,13.66191649847063,45.12563883161511,2.6722590012677983,0.0,0.0,0.0,0.11521762583460197,1.4194929998362535,0.008720616616520623,51.381464569393906,0.8310930314821365,1.3333333333333337,-0.4566648340236316,-0.042740095287964186,-0.08059589331915716,0.08343844515875276,1.2621268656716418,0.841014168530947,-0.016081724514681435,0.2954278181494403,-0.002058733992191935,Software—Application,Technology,PRGS
2016Q1,2016,Q1,2016-04-08,2016-02-29,3216000.0,89481000.0,6705000.0,0.06,73731000.0,0.8239849801,876868000.0,522636000.0,330895000.0,203407000.0,354232000.0,0.0,316082000.0,1281428200.0,1218349200.0,10.286085416256642,1.6267630907490893,0.16037191458691616,0.2690687208688265,0.0066620906672226875,10.286085416256642,0.006153422267122816,14.320673662565238,99.6135105721393,2.4518559762435044,0.0,0.0,0.0,0.1020461460561909,1.5256112129867703,0.003667598771993048,60.765753034901365,0.8239849800516311,1.3157894736842106,-0.793389508940592,-0.12119313390496506,-0.03585580916287821,-0.24363722161241677,1.339562876148242,-0.6661189124589184,-0.5982876027234176,0.1422654177425683,-0.00040510545759798837,Software—Application,Technology,PRGS
2015Q4,2015,Q4,2016-01-29,2015-11-30,-9471000.0,112718000.0,20082000.0,-0.19,97481000.0,0.864821945,877123000.0,522464000.0,323409000.0,199916000.0,354659000.0,0.0,319162000.0,1209935650.0,1141931650.0,10.359155348468326,1.617724444266592,0.16460063183840806,0.27633482881117166,-0.015059197640915631,10.359155348468326,-0.01812756477001286,10.734183094093224,-31.937906504065037,2.315825875084216,0.0,0.0,0.0,0.12850877242986444,1.5393365213389623,-0.01079780144859957,46.09805501581133,0.8648219450309622,-1.3086269744835968,-1.5912319224327596,0.031189547479154887,0.008115822266724887,0.22609898748506382,-1.295443528841493,1.3367465673725856,-1.665129683245034,0.5392030242544453,0.019998693684311057,Software—Application,Technology,PRGS
2015Q3,2015,Q3,2015-10-07,2015-08-31,-4126000.0,94637000.0,8594000.0,-0.0823,79505000.0,0.8401048216,886634000.0,529742000.0,330367000.0,197391000.0,356892000.0,0.0,328632000.0,1357750800.0,1313012800.0,10.569473264166001,1.6736679990475756,0.16283494655066238,0.27253832997949945,-0.007080418615654947,10.569473264166001,-0.0077886971393621805,14.346934074410642,-82.26798351914688,2.563041631586697,0.0,0.0,0.0,0.10673739107681411,1.411609445212801,-0.00465355490540629,78.46002889338341,0.8401048215814111,-1.748181818181818,-1.5773968870211277,-0.04903894494997969,0.08235861463925213,0.08805134731973012,-1.7152019414109898,3.1218225419664267,-1.655080499879527,0.11821720580524345,-0.012672275267200935,Software—Application,Technology,PRGS
2015Q2,2015,Q2,2015-07-08,2015-05-31,5769000.0,88817000.0,2085000.0,0.11,73071000.0,0.82271412,877018000.0,522999000.0,312579000.0,196391000.0,354019000.0,0.0,332757000.0,1328525380.0,1308755380.0,10.388919788645664,1.5916157054040154,0.16675826493868998,0.2796372459603173,-0.004780034403758318,10.388919788645664,0.011030613825265441,14.958007813819426,57.57173600277344,2.5402063483868993,0.0,0.0,0.0,0.10127158165510856,1.3012867188414947,0.006577972173889247,75.29615620040808,0.8227141200445861,6.729166666666668,-0.616336161692954,-0.11817477324250457,0.05376731437733029,0.1461578278669239,6.94129763130793,1.284214830970556,4.786898650963261,-0.02929301512659864,-0.006841421354909287,Software—Application,Technology,PRGS
2015Q1,2015,Q1,2015-04-07,2015-02-28,-971000.0,81381000.0,-7336000.0,-0.0192,63753000.0,0.7833892432,889592000.0,538070000.0,312298000.0,193815000.0,351522000.0,0.0,342136000.0,1385263120.0,1346353120.0,10.619523170442884,1.6113200732657431,0.16650891644709034,0.27528946047911984,-0.0010124650629401773,10.619523170442884,-0.0018045979147694538,17.021947629053464,-356.65888774459324,2.574503540431542,0.0,0.0,0.0,0.09148126332071331,1.3972654335319763,-0.0010915116143130784,40.15371807878489,0.7833892431894423,-1.0685714285714285,-0.17381217353650258,-0.22405643820430207,0.15396256525469318,-0.2651374560544061,-1.0671321902654867,-1.2714322714322714,-1.1590258881627213,-0.19779694275430684,0.009978524749664179,Software—Application,Technology,PRGS
2014Q4,2014,Q4,2015-01-29,2014-11-30,14464000.0,97894000.0,27027000.0,0.28,86755000.0,0.8862136597,703061000.0,543245000.0,385673000.0,153303000.0,159816000.0,0.0,347193000.0,1314257920.0,1051175920.0,10.771831376903553,2.5157563778921483,0.0,0.0,0.02697956446410098,10.771831376903553,0.026625187530488086,13.425316362596277,22.716017699115042,2.4192729247392983,0.0,0.0,0.0,0.13923969612878542,2.2933602082151032,0.02057289481282563,34.93972936328592,0.8862136596727073,0.2727272727272728,0.0597451975117286,-0.12565177735872393,0.1949621059924739,0.21483483399381065,0.3036502929247409,0.3909217230199166,0.5259685087963286,-0.11522511657414018,0.07571181249826651,Software—Application,Technology,PRGS
2014Q3,2014,Q3,2014-10-09,2014-08-31,11095000.0,79274000.0,19431000.0,0.22,71413000.0,0.9008376012,676644000.0,524277000.0,352682000.0,148176000.0,152367000.0,0.0,332729000.0,1166870280.0,924490280.0,10.405831331996904,2.380156030666235,0.0,0.0,0.02422576247714696,10.405831331996904,0.021162477087493824,14.719457577515957,26.292705723298784,2.225675129750113,0.0,0.0,0.0,0.11715761907295416,2.1537360976136486,0.016397100986634036,49.07971735015773,0.9008376012311728,-0.12,1.400187907845609,-0.20723929538348687,0.19356893651385224,-0.027719914498495556,-0.133135401203219,-0.04186390532544379,0.6862526916624148,-0.19251709179491477,0.02132617022933192,Software—Application,Technology,PRGS
2014Q2,2014,Q2,2014-07-08,2014-05-31,12799000.0,80827000.0,20280000.0,0.25,73449000.0,0.9087186213,673349000.0,518526000.0,321107000.0,150159000.0,154823000.0,0.0,318523000.0,1108784280.0,906813280.0,10.1574173832984,2.1384465799585772,0.0,0.0,0.02484144467431524,10.1574173832984,0.024683429567659097,13.71799373971569,21.657634971482146,2.1383388296826,0.0,0.0,0.0,0.12003730606268072,1.895317629978889,0.01900797357685242,71.0895864589344,0.9087186212527992,0.19047619047619052,1.1778001382167609,-0.18842696151426117,0.19968528330573138,0.10189477474233764,0.15306306306306305,0.44836451935437793,-0.06612422489750783,-0.213570390152616,-0.052198422019501305,Software—Application,Technology,PRGS
2014Q1,2014,Q1,2014-04-09,2014-02-28,11100000.0,74538000.0,14002000.0,0.21,66657000.0,0.8942686952,690434000.0,524674000.0,347691000.0,162134000.0,165760000.0,0.0,315903000.0,1284260360.0,1064904360.0,10.189031731852255,2.144466922422194,0.0,0.0,0.021146932331233752,10.189031731852255,0.021155994007707644,17.229605838632644,28.924782882882884,2.4477301333780597,0.0,0.0,0.0,0.1079581828241367,1.89355101335932,0.01607684441959695,67.92871892520893,0.8942686951621992,-0.27586206896551724,2.5362729123664427,-0.28245571440049455,0.2528274491592947,-0.1957893466851662,-0.26177174780526735,-0.41414225941422594,-0.2963578047693222,-0.27767455418398596,-0.04495292844889345,Software—Application,Technology,PRGS
2013Q4,2013,Q4,2014-01-29,2013-11-30,15036000.0,90980000.0,23900000.0,0.29,82885000.0,0.911024401,682187000.0,513654000.0,337811000.0,164579000.0,168533000.0,0.0,320006000.0,1362594540.0,1163776540.0,9.92932670932323,2.052576574168029,0.0,0.0,0.028813285415777663,9.92932670932323,0.029272623205504094,14.976857990767202,22.655535714285712,2.6527478419325075,0.0,0.0,0.0,0.1333651916556604,1.8120416335012366,0.02204087735474291,86.31664386164957,0.9110244009672456,1.2307692307692306,1.6989651555162746,-0.24430611190599721,0.23559743680703088,0.2002056212803545,1.0871737923375902,0.05888086482654734,-0.08488535256841863,-0.18853029299371157,-0.03371355835450649,Software—Application,Technology,PRGS
2013Q3,2013,Q3,2013-10-09,2013-08-31,7204000.0,77578000.0,22571000.0,0.13,69059000.0,0.8901879399,686590000.0,519355000.0,335637000.0,163770000.0,167235000.0,0.0,304440000.0,1309392720.0,1094050720.0,9.701767167301801,2.0494412896134824,0.0,0.0,0.03182389769282547,9.701767167301801,0.01387105159284112,16.87840263992369,45.439780677401444,2.5211901685744817,0.0,0.0,0.0,0.1129902853231186,1.804982597545338,0.010492433621229555,-531.4093831168831,0.8901879398798629,-0.13333333333333328,-0.3474511321851587,-0.3042243397569296,0.22427042693402174,-0.05677720716783217,-0.1152051093097519,0.22508684324793748,-0.056120591644242775,-0.27014272891450253,-0.0064981472298621555,Software—Application,Technology,PRGS
2013Q2,2013,Q2,2013-07-10,2013-05-31,8142000.0,81705000.0,18424000.0,0.15,73216000.0,0.8961018298,711093000.0,542238000.0,357848000.0,165387000.0,168855000.0,0.0,309400000.0,1291145690.0,1072758690.0,9.873413572716181,2.1637008954754604,0.0,0.0,0.01962866695115371,9.873413572716181,0.015015546678764676,15.80252971054403,39.64461096782117,2.38114202619514,0.0,0.0,0.0,0.11490058262421371,1.8536886212338333,0.011449979116655627,106.24090265777997,0.896101829753381,-0.06250000000000006,-0.3625129757282752,-0.2764404270017278,0.20572163121433681,-0.05997149716897557,-0.107530417625781,0.17537480063795854,-0.5036485773586578,-0.2563939785770946,0.0014785671585352254,Software—Application,Technology,PRGS
2013Q1,2013,Q1,2013-04-09,2013-02-28,9123000.0,89269000.0,15675000.0,0.16,77887000.0,0.8724977316,780374000.0,595816000.0,432841000.0,181136000.0,184558000.0,0.0,331006000.0,1303930520.0,1024713520.0,10.290254054334122,2.389591246356329,0.0,0.0,0.016941629074050165,10.290254054334122,0.015311774104757174,14.606756208762281,35.73195549709526,2.1884785235710353,0.0,0.0,0.0,0.11439258611896347,2.1276885875806024,0.01169054837808538,-50.234253573217245,0.8724977315753509,-0.4285714285714286,-0.22229210653020967,-0.19648588386550916,0.29861829237143367,2.664925654056089,-0.4859412858511298,-0.2949669410335987,10.65083191289389,-0.2551728838762286,0.11818278232229569,Software—Application,Technology,PRGS
2012Q4,2012,Q4,2013-01-29,2012-11-30,17747000.0,91271000.0,22233000.0,0.28,21252000.0,-10.8817204301,884977000.0,638399000.0,526818000.0,240154000.0,246578000.0,0.0,348830000.0,1264094490.0,962302490.0,10.156047662228161,2.19366739675375,0.0,0.0,0.025101951854156306,10.156047662228161,0.02779922900881737,13.849902926449804,17.807157406885672,1.9801009870002928,0.0,0.0,0.0,0.10313375375857226,1.7739034119773145,0.020053628512379417,46.3513673364623,0.23284504388031246,1.3333333333333337,0.47782555244578645,-0.327651424251622,0.24249665311598886,-0.755533060323011,1.225050150451354,0.5884118025291134,0.04322195186597763,-0.34596665651377845,0.12665076887832974,Software—Application,Technology,PRGS
2012Q3,2012,Q3,2012-10-10,2012-08-31,7976000.0,107173000.0,13997000.0,0.12,86932000.0,0.8111371334,906326000.0,679444000.0,471755000.0,217466000.0,226882000.0,0.0,326671000.0,1220508870.0,926110870.0,10.705131639067892,2.1693276190301014,0.0,0.0,0.011447047848334667,10.705131639067892,0.01173901013181366,11.388212236290856,38.25566919508526,1.79633475312167,0.0,0.0,0.0,0.11824994538389057,1.9683812641976217,0.00880036543142313,56.609873376623376,0.8111371334197979,4.96039603960396,-0.39735008442897596,-0.13260991350697776,0.3481337356002204,-0.02120137364183978,5.180293501048218,1.9629551227773074,0.3696999816636028,-0.14921642263832477,0.22789925936951147,Software—Application,Technology,PRGS
2012Q2,2012,Q2,2012-07-10,2012-05-31,-1908000.0,114596000.0,4724000.0,-0.0303,88815000.0,0.7750270516,899311000.0,659544000.0,450951000.0,230409000.0,239767000.0,0.0,317457000.0,1211840220.0,970027220.0,10.46048436979588,1.9571761519732302,7.894932898630173e-05,0.00010765013403199786,0.003878690200692918,10.46048436979588,-0.0028929078272260833,10.574891095675241,-158.7840959119497,1.8373910156107853,0.0,0.0,0.0,0.12742644090865118,1.7969567161004996,-0.002121624221209348,93.49897538770156,0.775027051555028,-1.2525,-1.2227558809713757,-0.06168140322217111,0.3714281973942786,-0.10309621909840039,-1.254773668046468,-0.6028249537581974,-1.2628546186651979,-0.06838629253267199,0.23548030775305578,Software—Application,Technology,PRGS
2012Q1,2012,Q1,2012-04-09,2012-02-29,7489000.0,124426000.0,11894000.0,0.12,99024000.0,0.7958465273,908880000.0,653430000.0,451716000.0,246085000.0,255450000.0,0.0,324025000.0,1443006900.0,1211485900.0,10.514602944726043,1.8356096470731658,0.0001914444151043042,0.0002662871309857215,0.011203678862587838,10.514602944726043,0.011461059333057863,11.597310047739219,48.17088062491654,2.208357283871264,0.0,0.0,0.0,0.13690036088372504,1.69782392262836,0.008239811636299622,41.72107728337237,0.7958465272531464,-0.368421052631579,-0.15040688331052487,0.07040601727864694,0.45882620853812695,-0.10094241978536798,-0.3588184931506849,-0.3800688001667883,0.9769562682300528,-0.00749534882541235,0.29285917767666353,Software—Application,Technology,PRGS
2011Q4,2011,Q4,2012-01-30,2011-11-30,11680000.0,136340000.0,19186000.0,0.19,110142000.0,0.807848027,865310000.0,622300000.0,407777000.0,231508000.0,243010000.0,0.0,313079000.0,1265893650.0,1105155650.0,10.013677689275083,1.7613948546054563,0.0004125689059412234,0.0005736782902137233,0.018675582504154447,10.013677689275083,0.018769082436124056,9.284829470441544,27.095326412671234,2.0342176602924633,0.0,0.0,0.0,0.15756202979279102,1.6083375088549856,0.013498052720990165,249.4371724137931,0.8078480269913452,0.4615384615384615,0.6770316347024914,0.1060445063891016,0.3876013206900639,0.08495045213656692,0.35798163004301825,0.41992303137951453,0.7452292567973317,-0.05731206608962007,0.24609400497038977,Software—Application,Technology,PRGS
2011Q3,2011,Q3,2011-10-11,2011-08-31,8601000.0,128334000.0,13512000.0,0.13,101518000.0,0.7910452413,910760000.0,671028000.0,468422000.0,228438000.0,239732000.0,0.0,330910000.0,1371226020.0,1113833020.0,10.18854860995126,2.050543254624887,0.0004128420220475207,0.0005603342930548353,0.013588872236019905,10.18854860995126,0.012817646953629356,10.684822572350274,39.856587024764565,2.0434706450401476,0.0,0.0,0.0,0.14090869164214503,1.8842311699454557,0.009443761254337038,58.04622698217838,0.7910452413234217,-0.5,-0.09150846919634842,0.07969294616247505,0.4572697495024466,-0.06458300699365135,-0.5211024498886414,-0.5034178610804851,-0.3667525745693418,-0.06447040089655658,0.2856975993593269,Software—Application,Technology,PRGS
2011Q2,2011,Q2,2011-07-08,2011-05-31,17960000.0,134684000.0,27210000.0,0.26,108527000.0,0.8057898488,960229000.0,716923000.0,518757000.0,231096000.0,243306000.0,0.0,350719000.0,1810901790.0,1500936790.0,10.716818392454071,2.244768407934365,0.0004967565028758765,0.0006653434190282638,0.024844021145162213,10.716818392454071,0.02505150483385245,13.44555990318078,25.20743026169265,2.5259362441991677,0.0,0.0,0.0,0.14026237491265103,2.0801571641222694,0.01870387168060952,53.78223961272312,0.8057898488313385,-0.10344827586206887,1.1425268519240632,0.1315809994040353,0.5946489068245584,-0.014403385612961232,-0.12479898640417134,-0.03905918915101003,0.15441659742116454,-0.020831025788907276,0.30871655060457653,Software—Application,Technology,PRGS
2011Q1,2011,Q1,2011-04-11,2011-02-28,20521000.0,134237000.0,28316000.0,0.29,110113000.0,0.8202879981,965832000.0,714648000.0,517153000.0,239042000.0,251184000.0,0.0,352209000.0,1966708960.0,1655138960.0,10.66861732302272,2.163439897591218,0.0005984477631720631,0.0008087897818226595,0.028731202201287415,10.66861732302272,0.028714835835264355,14.651019912542742,23.959711515033383,2.751996731257906,0.0,0.0,0.0,0.1389858691780765,1.9880188418771596,0.021246966346114025,41.95377277187593,0.8202879980929252,-0.09375000000000008,2.2203074711998014,0.17144103823956527,0.6369118264532765,-0.08085209392398934,-0.035485993607821016,-0.13762753159738084,0.512096025060217,0.044400565060173494,0.3463673041340259,Software—Application,Technology,PRGS
2010Q4,2010,Q4,2011-01-31,2010-11-30,21276000.0,145180000.0,32835000.0,0.32,119799000.0,0.825175644,936823000.0,688332000.0,483858000.0,237676000.0,248491000.0,0.0,340728000.0,1719979426.2,1434084426.2,10.275759113844684,2.0357882158905403,0.0007087784992469229,0.0009646507789845597,0.03204802568083309,10.275759113844684,0.03090950297240285,11.847220183220829,20.210324146926112,2.4987642971705517,0.0,0.0,0.0,0.15497057608534376,1.8582818627038489,0.022710800225869774,74.48055368293423,0.8251756440281031,1.2857142857142856,0.3749628689253315,0.2195721498440893,0.6355881887428143,0.15160341446533626,1.301601038511467,0.9937458254903151,0.6625381754508924,0.0035797624936575053,0.25714222026179656,Software—Application,Technology,PRGS
2010Q3,2010,Q3,2010-10-12,2010-08-31,9244000.0,128737000.0,16469000.0,0.14,104028000.0,0.8080660572,860320000.0,633138000.0,394377000.0,213505000.0,227182000.0,0.0,318575000.0,1154515201.2,900223201.2,9.76522302424579,1.8471558043137164,0.0008799051515715083,0.0011956319159488137,0.01628348147991603,9.76522302424579,0.014600292511269266,8.968013867031235,31.223366540458677,1.8234811387090963,0.0,0.0,0.0,0.14963850660219452,1.658879183157303,0.010744839129626186,69.54073010480666,0.8080660571552856,-0.5172413793103448,-0.37640867221924834,0.1659548682238439,0.6021737504997617,0.01565047595801806,-0.5149543498793158,-0.27592877555506706,-0.31626890130743734,0.01994767683769938,0.22976783831422692,Software—Application,Technology,PRGS
2010Q2,2010,Q2,2010-07-09,2010-05-31,19058000.0,127656000.0,22745000.0,0.29,102425000.0,0.8023516325,862046000.0,629048000.0,392022000.0,219323000.0,232998000.0,0.0,312419000.0,1345019940.0,1118140940.0,9.858836620667498,1.7874185561933769,0.0009848662368365493,0.0013496585316223881,0.02580883631110576,9.858836620667498,0.03029657514211952,10.536284545967288,17.643770857382723,2.138183318284137,0.0,0.0,0.0,0.14808490498186871,1.5840107968612502,0.022107868953628925,95.41855419977298,0.8023516325123771,18.791411042944784,0.3714316080407037,0.12104302473307882,0.7508579145148803,-0.010826106271608753,19.944333996023857,0.043013711193653416,1.1986798361474436,0.03289448780912317,0.2925488014806491,Software—Application,Technology,PRGS
2010Q1,2010,Q1,2010-04-09,2010-02-28,-1006000.0,127547000.0,21807000.0,-0.0163,103546000.0,0.8118262288,830848000.0,567054000.0,349772000.0,247428000.0,263794000.0,0.0,298981000.0,1167873916.05,989678916.05,9.202658292558242,1.4136314402573678,0.0011662783084270528,0.001708831963093462,0.02379630152371762,9.202658292558242,-0.0017740814807760813,9.156420112193937,-290.2271163146123,2.0595462090911973,0.0,0.0,0.0,0.15351424087197657,1.2390149861777973,-0.0012108111230935141,35.66462823092897,0.8118262287627306,-1.0603703703703704,-1.0961617747977948,0.16203343599310913,0.8084208526786697,-0.0844172495203063,-1.0603262173183017,-0.15411171450737005,-1.1151012938905056,0.1066307162442876,0.2768032398349857,Software—Application,Technology,PRGS
2009Q4,2009,Q4,2010-01-29,2009-11-30,16676000.0,136797000.0,25780000.0,0.27,113093000.0,0.8267213462,798850000.0,555452000.0,357619000.0,226924000.0,243398000.0,0.0,308187000.0,989180266.05,814329266.05,9.014370684128954,1.5759417249828136,0.0012793390498842085,0.0018399429653687448,0.03060112154646463,9.014370684128954,0.030022396174646953,7.231008472773525,14.829399527014873,1.7808564305286507,0.0,0.0,0.0,0.1712424109657633,1.4233531931395533,0.020875007823746634,38.44761606226679,0.8267213462283529,2.114186851211073,0.3676115972094891,0.2661037997592745,0.8523019445271607,0.16702611782430576,2.0204673066473466,1.8354597448306202,1.414823363974629,0.11923416078781932,0.24912674989368916,Software—Application,Technology,PRGS
2009Q3,2009,Q3,2009-10-13,2009-08-31,5521000.0,119433000.0,9092000.0,0.0867,96907000.0,0.8113921613,764050000.0,524625000.0,308770000.0,220255000.0,239425000.0,0.0,289340000.0,893804754.1500001,782793754.1500001,8.718249121320138,1.401875099316701,0.0014501668738956875,0.002111984751012628,0.010722054541100043,8.718249121320138,0.010523707410054801,7.483733592474443,40.47295572133672,1.7037021761258044,0.0,0.0,0.0,0.15631568614619462,1.227377358062246,0.0072259668869838365,59.65857389867842,0.8113921612954543,-0.21181818181818182,-0.4149430404330245,0.20729964745635476,0.884713688479628,0.0259703135918013,-0.20066599102359925,-0.21226823774042627,-0.36173901878156334,0.09974371214265615,0.24697257671393688,Software—Application,Technology,PRGS
2009Q2,2009,Q2,2009-07-10,2009-05-31,6907000.0,117047000.0,11542000.0,0.11,94454000.0,0.8069749759,758173000.0,507966000.0,280122000.0,228935000.0,250207000.0,0.0,282008000.0,939931499.85,807221499.85,8.466735005125384,1.2235874811627754,0.0015735195001668485,0.0023485823854352455,0.014128594322217707,8.466735005125384,0.01359736675289291,8.030376685006878,34.02097509229767,1.8503827024840245,0.0,0.0,0.0,0.15438033272089616,1.037914691943128,0.009110057994679314,76.1448071816267,0.8069749758643964,0.8333333333333334,-0.2300915394876013,0.16202138659744028,0.8618270423177246,-0.02101946477063079,0.8912924424972618,0.11982148054720093,-0.08124997817438011,0.0965233708754681,0.25983936891223935,Software—Application,Technology,PRGS
2009Q1,2009,Q1,2009-04-09,2009-02-28,3652000.0,120860000.0,10307000.0,0.06,96482000.0,0.7982955486,742209000.0,487250000.0,256478000.0,233830000.0,254959000.0,0.0,267675000.0,636661537.05,522983537.04999995,8.132829256486652,1.096856690758243,0.0017138029854124647,0.0026105695228322216,0.012954121277446544,8.132829256486652,0.007495125705489995,5.2677605249875885,43.5830734563253,1.3066424567470496,0.0,0.0,0.0,0.1628382302020051,0.944104691442501,0.004920446936105599,272.6601871734475,0.7982955485685918,-0.4545454545454546,-0.29760681487953355,0.24871126735378957,0.859526635964554,-0.16525786664128808,-0.4339739615623063,0.2091740966682309,-0.3592281267577758,0.17924661540103204,0.24783971431232626,Software—Application,Technology,PRGS
2008Q4,2008,Q4,2009-01-29,2008-11-30,6452000.0,139431000.0,8524000.0,0.11,115583000.0,0.8289619955,752370000.0,481452000.0,246252000.0,241385000.0,270918000.0,0.0,265191000.0,760474642.95,665341642.95,8.036053178438197,1.0201628104480394,0.0017969881840052102,0.002808171946528418,0.01110355147872697,8.036053178438197,0.013401128253699227,5.454128873421262,29.466624416847488,1.5795440520550337,0.0,0.0,0.0,0.18532238127517045,0.8837500258922468,0.008575567872190545,30.968995070451214,0.8289619955390122,-0.45,-0.3469581424139678,0.5175746598630622,0.9350283021531007,0.11260528468980122,-0.4853633245593045,-0.5292428342629922,-0.5338032955125592,0.3095856281213005,0.2790951517201291,Software—Application,Technology,PRGS
2008Q3,2008,Q3,2008-10-10,2008-08-31,12537000.0,126620000.0,18107000.0,0.2,103885000.0,0.8204470068,713924000.0,481748000.0,354475000.0,213892000.0,232176000.0,0.0,274542000.0,1183820853.6,972982853.5999999,7.924529543360968,1.6572616086623155,0.002004415035774116,0.002970432674344263,0.022645231764248097,7.924529543360968,0.026023979341896594,9.34939862265045,23.60654170854271,2.4573446150269436,0.0,0.0,0.0,0.1773578139970081,1.503670076487199,0.017560692734800903,102.78899484240686,0.820447006791976,-0.09090909090909087,0.46056212719891143,0.39149089537888804,1.0172066758423746,-0.012931607852079889,-0.13364660355193145,-0.12119006018248883,-0.09800622979781347,0.22306755892181396,0.3001723757777063,Software—Application,Technology,PRGS
2008Q2,2008,Q2,2008-07-10,2008-05-31,14471000.0,127942000.0,20604000.0,0.22,105246000.0,0.8226071189,755002000.0,509544000.0,383575000.0,223651000.0,245458000.0,0.0,279078000.0,1291780620.0,1076674620.0,8.1888002314201,1.7150605183969667,0.0019960212025928407,0.002957546355172468,0.02560121482629692,8.1888002314201,0.028399902658062897,10.09661112066405,22.316713081335084,2.5351699166313413,0.0,0.0,0.0,0.1694591537505861,1.551824047287962,0.01916683664414134,50.33238340151958,0.8226071188507292,0.15789473684210525,0.7647531088337841,0.3459931915279069,1.117536420561804,0.06355285629111634,0.12737612963540043,0.20153953813855843,0.06780531020841268,0.15210187878704914,0.45427155832027993,Software—Application,Technology,PRGS
2008Q1,2008,Q1,2008-04-09,2008-02-29,12836000.0,121567000.0,17148000.0,0.19,98957000.0,0.8140120263,747442000.0,502041000.0,351099000.0,224344000.0,245401000.0,0.0,267308000.0,1205474631.9,1040121631.9000001,7.924002083431981,1.56500285276183,0.002124579566039907,0.0031630882736668918,0.021621219817611566,7.924002083431981,0.02556763292241072,9.916133752580881,23.478393422795268,2.401147778567886,0.0,0.0,0.0,0.162644058000487,1.4109403416182291,0.017173238860005192,69.95964435610237,0.8140120262900293,0.0,1.3958238535978986,0.338888259614535,1.2396862615858986,-0.12626922601493934,0.06047587574355585,0.08731215522160929,0.1933029519329725,0.07716093045623143,0.557151221830714,Software—Application,Technology,PRGS
2007Q4,2007,Q4,2008-01-29,2007-11-30,12104000.0,136825000.0,15771000.0,0.19,113258000.0,0.8277580851,761828000.0,517874000.0,464423000.0,228470000.0,243954000.0,0.0,272394000.0,1335990051.9,1283768051.9,8.17390343608441,2.032752658992428,0.0021750316344371695,0.0031996199847839435,0.01973211691207717,8.17390343608441,0.023372480564770582,9.764224753517267,27.593978269580305,2.57975888324187,0.0,0.0,0.0,0.17960090729140962,1.897505142907165,0.015888100726148158,50.38809881194841,0.8277580851452585,-0.050000000000000044,0.39204370927832316,0.5010606857016607,1.3684107673578993,0.1293725818674963,-0.07227715183567103,-0.11413806661798573,-0.03457993572095222,0.23161427156360806,0.6796000252899965,Software—Application,Technology,PRGS
2007Q3,2007,Q3,2007-10-10,2007-08-31,13047000.0,121804000.0,17803000.0,0.2,100284000.0,0.8233227152,720575000.0,496834000.0,417118000.0,209482000.0,223741000.0,0.0,270956000.0,1273052325.6,1224296325.6,7.940704513489323,1.9911877870175003,0.002400860423966971,0.003482048330025723,0.023209760209831076,7.940704513489323,0.026260280093552375,10.451646297330136,24.39358330650724,2.5623293204571347,0.0,0.0,0.0,0.16903722721437742,1.828787198900144,0.018106373382368247,45.768553859428366,0.8233227151817675,0.5384615384615385,1.0503956980987699,0.5223071809562484,1.2263969955983791,0.019167056240980508,0.5548802288165892,0.5770218797059085,0.3297147914336809,0.18418544205793133,0.7166238638612235,Software—Application,Technology,PRGS
2007Q2,2007,Q2,2007-07-10,2007-05-31,8391000.0,119642000.0,11289000.0,0.13,98398000.0,0.8224369369,697745000.0,471124000.0,395079000.0,212834000.0,226621000.0,0.0,257493000.0,1353111138.9,1306504138.9,7.627438599899623,1.8562776624035633,0.0025797390164028406,0.0038206501897589595,0.0155149934889963,7.627438599899623,0.017810597634593014,11.309666663044752,40.3143588040758,2.8720912942240258,0.0,0.0,0.0,0.17146951966692703,1.668868695791086,0.012025883381464575,58.200831816422216,0.8224369368616372,0.0,0.2642679130498859,0.5433141663083556,1.1224997859997168,0.037909792835745325,-0.039711604486152435,-0.0861329231765563,-0.09149875678882156,0.15371799710870424,0.677266554381887,Software—Application,Technology,PRGS
2007Q1,2007,Q1,2007-04-09,2007-02-28,8738000.0,115229000.0,12353000.0,0.13,94804000.0,0.8227442744,669283000.0,444012000.0,361114000.0,210731000.0,225271000.0,0.0,247733000.0,1151985450.0,1097410450.0,7.20757749153863,1.7136254276779401,0.0027940348103866375,0.004211597884741854,0.01800811861848072,7.20757749153863,0.019679648297793752,9.997357002143557,32.95907101167315,2.594491702926948,0.0,0.0,0.0,0.17216782736151973,1.5445425684877878,0.013055762659443016,187.40612493899462,0.8227442744448012,0.18181818181818185,2.087886097755485,0.5597788442833035,1.0670822492381409,-0.06725698543880362,0.2656431054461182,0.30319653971937965,0.6344301558101126,0.1578333088724813,0.6479729136825099,Software—Application,Technology,PRGS
