Quarters,Year,Quarter,FillingDate,Date,NetIncome,Revenue,OperatingIncome,EPSDiluted,GrossProfit,GrossProfitRatio,TotalAssets,CommonStockEquity,CurrentAssets,CurrentLiability,TotalLiability,Inventory,RetainedEarnings,MarketCap,EnterpriseValue,bookValuePerShare,currentRatio,debtToAssets,debtToEquity,roic,shareholdersEquityPerShare,roe,priceToSalesRatio,peRatio,pbRatio,payoutRatio,inventoryTurnover,dividendYield,assetTurnover,quickRatio,returnOnAssets,priceToFreeCashFlowsRatio,grossProfitMargin,epsdilutedGrowth,fiveYNetIncomeGrowthPerShare,fiveYRevenueGrowthPerShare,fiveYShareholdersEquityGrowthPerShare,grossProfitGrowth,netIncomeGrowth,operatingIncomeGrowth,threeYNetIncomeGrowthPerShare,threeYRevenueGrowthPerShare,threeYShareholdersEquityGrowthPerShare,Industry,Sector,Symbol
2023Q1,2023,Q1,2023-03-02,2023-03-31,-19799000.0,149377000.0,-16797000.0,-0.29,65395000.0,0.4377849334,1237095000.0,944463000.0,665037000.0,202147000.0,292632000.0,201997000.0,-2099076000.0,1117146990.0,924611990.0,13.974860541852241,3.2898682641839847,0.01342176631544061,0.01758036047997645,-0.02122810897296579,13.974860541852241,-0.020963235192908564,7.478708167924111,-14.106103717359462,1.1828382795302728,0.0,0.4157586498809388,0.0,0.12074820446287472,2.1375830460011773,-0.016004429732558938,-50.87190300546448,0.43778493342348557,-16.591397849462368,-0.20537250799470505,-0.22905544643974432,-0.33549230248259904,-0.04738666822048712,-16.877305533279873,-0.22409269785745517,0.2637369544069966,-0.09292040876928769,-0.3309257966450045,Computer Hardware,Technology,SSYS
2022Q4,2022,Q4,2022-12-31,2022-12-31,1247000.0,159259000.0,-13722000.0,0.0186,68648000.0,0.4310462831,1259790000.0,959432000.0,700220000.0,210654000.0,300358000.0,194054000.0,-2076852000.0,793528880.0,660897880.0,14.339570753870987,3.3240289764257978,0.014160296557362735,0.018593292698179758,-0.004403436517760067,14.339570753870987,0.001299727338675383,4.982631311260274,159.08758620689653,0.8270819401479208,0.0,0.46693703814402177,0.0,0.1264171012629089,2.243375392824252,0.0009898475142682511,-39.42608833904705,0.4310462830986004,-0.9335714285714286,1.0996416998521463,-0.2918507984152185,-0.32440715843535894,-0.02969653281318464,-0.9334897861219265,0.12184820171509024,1.3643604131538454,-0.189361931400891,-0.32408341936433616,Computer Hardware,Technology,SSYS
2022Q3,2022,Q3,2022-09-30,2022-09-30,18749000.0,162192000.0,-15626000.0,0.28,70749000.0,0.4362052382,1267391000.0,948726000.0,694404000.0,213683000.0,318665000.0,170434000.0,-2074462000.0,962184520.0,830227520.0,14.208440663751272,3.249692301212544,0.014766555861608611,0.019726454213334514,-0.013664493169826517,14.208440663751272,0.019762291747037607,5.932379648811286,12.829811189930128,1.0141858871792278,0.0,0.536530269781851,0.0,0.12797313536233096,2.2883710917574165,0.01479338262619823,-34.82390589938473,0.4362052382361645,1.777777777777778,2.4655224011592844,-0.17385732375178634,-0.3356080282026626,0.04979745670915377,1.7720085646051222,0.3363346782756424,3.2004559391752445,-0.1608959944139271,-0.3307291309402854,Computer Hardware,Technology,SSYS
2022Q2,2022,Q2,2022-06-30,2022-06-30,-24286000.0,166603000.0,-23545000.0,-0.36,67393000.0,0.4045125238,1229842000.0,923709000.0,782200000.0,199500000.0,306133000.0,153702000.0,-2093211000.0,1247484320.0,1003874320.0,13.876171734166567,3.9208020050125314,0.009981770015985793,0.013289899741152246,-0.024398671588730502,13.876171734166567,-0.026291830002738957,7.487766246706242,-12.841599275302643,1.3505165804382115,0.0,0.6454698052074794,0.0,0.13546699494731843,2.860441102756892,-0.01974725208604032,-45.9444725987036,0.40451252378408553,-0.12499999999999993,-2.216134126042872,-0.22295375996406436,-0.35236048547027565,-0.032779826915624956,-0.16351267187275428,-0.20225694444444445,-18.174559832927734,-0.16815341259712174,-0.34918880293875076,Computer Hardware,Technology,SSYS
2022Q1,2022,Q1,2022-03-31,2022-03-31,-20873000.0,163429000.0,-19584000.0,-0.32,69677000.0,0.4263441617,1256384000.0,942701000.0,787871000.0,201044000.0,313683000.0,143116000.0,-2068826000.0,1668656190.0,1389385190.0,14.343984418983277,3.9188983506098167,0.011443953440986195,0.015251919749740373,-0.02008915142659703,14.343984418983277,-0.02214169710226254,10.21028207967986,-19.985821276289947,1.7700800041582645,0.0,0.6550770004751391,0.0,0.13007886123987572,3.044572332424743,-0.01661355127094901,-82.41091416436191,0.4263441616848907,-3.5649072753209703,-0.20764612383007136,-0.19696562033421017,-0.32978692584565017,-0.046082444587434795,-3.5814310798946445,-6.165751920965971,-6.5504890483848195,-0.13588064329343671,-0.32503987992050365,Computer Hardware,Technology,SSYS
2021Q4,2021,Q4,2021-12-31,2021-12-31,-4556000.0,167016000.0,-2733000.0,-0.0701,73043000.0,0.4373413326,1277222000.0,956014000.0,800702000.0,210468000.0,321208000.0,129147000.0,-2047878000.0,1592290820.0,1364080820.0,14.703835860838536,3.8043883155634113,0.011719967241403608,0.01565772049363294,-0.0051483732673499065,14.703835860838536,-0.0047656205871462135,9.533762154524117,-87.37328906935909,1.6655517806224596,0.0,0.7276436928461366,0.0,0.13076505102480226,3.0007459566299866,-0.0035671167580890403,-324.2294481775606,0.4373413325669397,0.7496428571428572,0.7502041765470339,-0.2289439174984284,-0.31883236065725673,0.07120021118085293,0.7479530869661429,0.8753136548200192,-1.5210861795296269,-0.2189527879709429,-0.3066719406980921,Computer Hardware,Technology,SSYS
2021Q3,2021,Q3,2021-09-30,2021-09-30,-18076000.0,159009000.0,-21919000.0,-0.28,68188000.0,0.4288310724550183,1228012000.0,950453000.0,797595000.0,172768000.0,277559000.0,119925000.0,-2043042000.0,1399187360.0,1082183360.0,14.618305699960011,4.616566725319504,0.012920883509281668,0.016694144792009705,-0.021624853495359846,14.618305699960011,-0.01901829969498755,8.799422422630165,-19.35145164859482,1.4721268279441486,0.0,0.7573149885345007,0.0,0.12948489102712352,3.7143394610112983,-0.014719725865871017,-564.1884516129032,0.4288310724550183,0.09677419354838701,0.300096067741614,-0.18417259092201257,-0.3312687381851926,0.07773036194088825,0.10332853812193066,0.0354251012145749,-21.015619555857896,-0.1885276910992573,-0.3040818805613746,Computer Hardware,Technology,SSYS
2021Q2,2021,Q2,2021-06-30,2021-06-30,-20159000.0,147005000.0,-22724000.0,-0.31,63270000.0,0.4303935240297949,1223024000.0,961345000.0,785406000.0,158596000.0,261679000.0,124227000.0,-2024966000.0,1678520880.0,1352588880.0,14.810886177358723,4.952243436152236,0.014554906526772982,0.018516765573233333,-0.018482781933937074,14.810886177358723,-0.020969579079310758,11.418121016291963,-20.816023612282354,1.7460130130182192,0.0,0.6740483147785908,0.0,0.1201979683146038,3.989394436177457,-0.01648291448082785,-840.5212218327491,0.4303935240297949,0.03125000000000003,0.12371302138071331,-0.31335278882152806,-0.333380105008151,0.1384205696601112,-0.06599333721114695,-0.23782547118422487,-2.719320986326379,-0.28528212277667725,-0.29241851463720503,Computer Hardware,Technology,SSYS
2021Q1,2021,Q1,2021-03-31,2021-03-31,-18911000.0,134189000.0,-18358000.0,-0.32,55577000.0,0.41416956680502875,1215930000.0,971788000.0,784467000.0,146636000.0,244142000.0,124199000.0,-2004807000.0,1518154400.0,1116198400.0,16.578886310904874,5.349757221964593,0.0,0.0,-0.017589213042901862,16.578886310904874,-0.019460005680251247,11.313553271877725,-20.06972661413992,1.5622279756490096,0.0,0.6329519561349125,0.0,0.11035914896416735,4.3180255871682265,-0.015552704514240128,82.23576187638807,0.41416956680502875,-2.6,0.2736645432599283,-0.2896774963519488,-0.2651660033269224,-0.15816658840636785,-2.714505893019039,-6.261867088607595,-0.32743666322987774,-0.20149504459135967,-0.21167030348039675,Computer Hardware,Technology,SSYS
2020Q4,2020,Q4,2020-12-31,2020-12-31,11030000.0,142395000.0,-2528000.0,0.2,66019000.0,0.4636328522771165,990002000.0,759368000.0,560492000.0,132154000.0,230634000.0,131672000.0,-1985896000.0,1142044960.0,891801960.0,13.777132697122537,4.241203444466304,0.0,0.0,0.01705199063069417,13.777132697122537,0.014525236775845177,8.0202602619474,25.884971894832276,1.5039413828341461,0.0,0.5800473904854487,0.0,0.14383304276152978,3.065817152715771,0.011141391633552256,70.51836739734486,0.4636328522771165,1.0272108843537415,1.044871803041864,-0.22363055961231826,-0.3961381543484198,0.3265084691273684,1.0272303992968979,0.993747062751985,2.0698792992203794,-0.23140045488152775,-0.350905798560985,Computer Hardware,Technology,SSYS
2020Q3,2020,Q3,2020-09-30,2020-09-30,-405062000.0,127892000.0,-404290000.0,-7.35,49769000.0,0.38914865667907295,909108000.0,716774000.0,591361000.0,134439000.0,192334000.0,152685000.0,-1996926000.0,686922420.0,453291420.0,13.01190865192608,4.39873102299184,0.0,0.0,-0.5488046877646048,13.01190865192608,-0.5651181543973415,5.371113283082601,-0.4239612824703379,0.9583528699422692,0.0,0.5116612633854013,0.0,0.14067855524316142,3.0638356429309948,-0.44555982347531864,-132.815626450116,0.38914865667907295,-13.411764705882353,0.5762260945896099,-0.2804014794048969,-0.5231637083931091,0.13794128406804462,-13.473736868434218,-12.808661793838377,-37.37858882794957,-0.2103727016771596,-0.39155831025460525,Computer Hardware,Technology,SSYS
2020Q2,2020,Q2,2020-06-30,2020-06-30,-27986000.0,117623000.0,-29278000.0,-0.51,43736000.0,0.37183203965210887,1314060000.0,1117755000.0,606867000.0,141175000.0,196305000.0,164588000.0,-1591864000.0,870983620.0,604401620.0,20.35353351421236,4.298686027979458,0.0,0.0,-0.023891853618161846,20.35353351421236,-0.025037687149688438,7.404875066951192,-7.780529729150288,0.7792258768692601,0.0,0.4489209419884803,0.0,0.08951113343378536,2.9414131397202055,-0.021297353241100103,-51.831922161390146,0.37183203965210887,-0.27499999999999997,-0.05924814278950913,-0.396118486825473,-0.5464373246542764,-0.2694838817437782,-0.28949914758328343,-0.4712562814070352,-3.492392523756922,-0.335010171878213,-0.05004400229119168,Computer Hardware,Technology,SSYS
2020Q1,2020,Q1,2020-05-14,2020-03-31,-21703000.0,132907000.0,-19900000.0,-0.4,59870000.0,0.4504653629981867,1359444000.0,1139253000.0,645832000.0,165146000.0,220191000.0,172511000.0,-1563878000.0,869976800.0,593110800.0,20.88686198298621,3.9106729802720017,0.0,0.0,-0.017344589609390046,20.88686198298621,-0.01905020219389372,6.545756054985818,-10.02138874809934,0.7636379276596156,0.0,0.4233759006672038,0.0,0.09776570421436999,2.667760648153755,-0.015964614945521847,190.3669146608315,0.4504653629981867,-6.819928315412186,0.9062576814754909,-0.2811704650746889,-0.5412806773938367,-0.23886649970124207,-6.778853046594982,-5.065224017067967,-0.5129750564968037,-0.21311720498717437,-0.024075349626805263,Computer Hardware,Technology,SSYS
2019Q4,2019,Q4,2020-02-06,2019-12-31,-2790000.0,160157000.0,-3281000.0,-0.051151364036374304,78659000.0,0.49113682199341896,1381519000.0,1157151000.0,659072000.0,159919000.0,224368000.0,168504000.0,-1542175000.0,1103152400.0,831405400.0,21.21500073335289,4.121286401240628,0.0,0.0,-0.0035858872051731756,21.21500073335289,-0.002411094144152319,6.887943705239234,-98.84878136200717,0.9533348715941135,0.0,0.48365617433414043,0.0,0.11592819208422034,2.8410757946210268,-0.002019516199198129,-103.93371019408329,0.49113682199341896,0.606527968950967,0.9716951259067899,-0.3114535065279571,-0.5732136395893493,0.016147993127414124,0.5980406281515632,0.4487567204301075,0.8176556618390343,-0.11862559053705463,-0.017197137878792925,Computer Hardware,Technology,SSYS
2019Q3,2019,Q3,2019-11-13,2019-09-30,-6941000.0,157460000.0,-5952000.0,-0.13,77409000.0,0.49161056776324147,1391053000.0,1154770000.0,682978000.0,173958000.0,236283000.0,164742000.0,-1539385000.0,1158864170.0,834101170.0,21.229731220355188,3.9261086009266606,0.0,0.0,-0.0055797865331516355,21.229731220355188,-0.006010720749586498,7.359736885558237,-41.73981306728137,1.0035454419494791,0.0,0.48591737383302375,0.0,0.11319482435248693,2.7640292484392783,-0.004989745178652431,-74.79438298696269,0.49161056776324147,-7.5,0.794342880782869,-0.28216353350536977,-0.5904404064245863,-0.04629960451907795,-7.025173611111111,-8.393788819875777,0.6787517618688435,-0.03432843802014619,-0.02882144905369084,Computer Hardware,Technology,SSYS
2019Q2,2019,Q2,2019-07-31,2019-06-30,1152000.0,163163000.0,805000.0,0.02,81167000.0,0.4974595956191048,1397363000.0,1156278000.0,683475000.0,177580000.0,241085000.0,147799000.0,-1532444000.0,1535821920.0,1193302920.0,21.32134756873375,3.8488286969253296,0.0,0.0,0.00034107683677291317,21.32134756873375,0.0009963001977033204,9.412807560537622,333.2946875,1.3282462521988658,0.0,0.5547804788936326,0.0,0.11676493509560508,2.8036546908435636,0.0008244099779370143,-179.29277609152464,0.4974595956191048,1.5,7.062451535995185,-0.16764128813777016,-0.5822906884052347,0.06160325411669304,1.507488986784141,1.2461021094466525,1.0599349941433456,-0.08783406223301503,-0.04035219046638421,Computer Hardware,Technology,SSYS
2019Q1,2019,Q1,2019-05-02,2019-03-31,-2270000.0,155300000.0,-3271000.0,-0.04,76457000.0,0.4923180940115905,1385142000.0,1146864000.0,658960000.0,171816000.0,238278000.0,131731000.0,-1533596000.0,1315691080.0,975768080.0,21.251602861060668,3.8352656330027473,0.0,0.0,-0.004131175670279674,21.251602861060668,-0.0019793105372563793,8.471932260141662,-144.8998986784141,1.1472075852062669,0.0,0.5985151558858584,0.0,0.11211846872017454,2.9011035060762675,-0.0016388211461351976,-722.9071868131869,0.4923180940115905,-1.3333333333333335,-1.5071191323001847,-0.06059469368389686,-0.583070620417665,-0.1211738065954781,-1.3134493233913285,0.139889560872995,0.9053011822357753,-0.10709333958080734,-0.058054927620172635,Computer Hardware,Technology,SSYS
2018Q4,2018,Q4,2019-03-07,2018-12-31,7242000.0,177119000.0,-3803000.0,0.12,86999000.0,0.49118953923633263,1388254000.0,1142115000.0,684171000.0,175781000.0,246139000.0,123524000.0,-1531326000.0,969910540.0000001,603886540.0000001,21.207616890110298,3.8921783355425217,0.01955189756341419,0.023765557759069796,-0.007111629074576933,21.207616890110298,0.006340867600898334,5.476038934275826,33.482136840651755,0.8492231868069329,0.0,0.7295748194682815,0.0,0.12758400119862792,3.0377060091818797,0.00521662462344787,69.89842461804555,0.49118953923633263,13.0,4.3048235389659055,0.038184273974832296,-0.5846770605434184,0.1022577539022907,11.665684830633284,-2.1352238805970147,1.03015310314019,-0.011641894296063842,-0.0704545743536054,Computer Hardware,Technology,SSYS
2018Q3,2018,Q3,2018-10-04,2018-09-30,-679000.0,162049000.0,3350000.0,-0.01,78928000.0,0.487062555153071,1365809000.0,1129460000.0,647730000.0,163828000.0,236349000.0,118075000.0,-1537633000.0,1204963290.0,884505290.0,21.0057840019342,3.953719754864858,0.02081476985435006,0.025170435429320206,0.0026275568804076024,21.0057840019342,-0.0006011722416021816,7.435795901239748,-443.6536413843888,1.0668490163440938,0.0,0.7039678170654246,0.0,0.11864689718694195,2.941212735307762,-0.0004971412547435256,-592.1195528255528,0.487062555153071,0.8750000000000001,0.9200004702007021,0.007014943369930389,-0.6464517258566904,-0.05641565148779992,0.8486402139991084,2.7366511145671333,0.999272234002681,-0.06588033169371726,-0.23021899294574283,Computer Hardware,Technology,SSYS
2018Q2,2018,Q2,2018-07-25,2018-06-30,-4486000.0,170236000.0,-1929000.0,-0.08,83647000.0,0.49135905448906225,1368378000.0,1124493000.0,623328000.0,170271000.0,243885000.0,117039000.0,-1536954000.0,1028239080.0,711256080.0,20.93170395741037,3.660799548954314,0.021714760102837082,0.026424353019538584,-0.001841561557464701,20.93170395741037,-0.003989353424165379,6.040080124063065,-57.302668301382084,0.9144023840077262,0.0,0.7398303129725988,0.0,0.12440714480940208,2.7892066176859243,-0.003278333910659189,130.37138075313808,0.49135905448906225,0.6666666666666666,-0.15655973610173005,0.15406375601125585,-0.48322258625886627,0.10571050892267018,0.6560079748485546,0.7016241299303945,0.8264315509510982,-0.1065597352961925,-0.5335532456888428,Computer Hardware,Technology,SSYS
2018Q1,2018,Q1,2018-05-02,2018-03-31,-13041000.0,153833000.0,-6465000.0,-0.24,75650000.0,0.49176704608244004,1375655000.0,1128428000.0,619976000.0,169743000.0,247244000.0,120065000.0,-1533403000.0,1082798260.0,767267260.0,21.03039677954414,3.652439275846427,0.02253471982437457,0.027471845789009134,-0.006095026701307685,21.03039677954414,-0.011556785191434455,7.038790506588313,-20.75757725634537,0.9595634457847555,0.0,0.6511722816807562,0.0,0.11182527595945205,2.7827657105153083,-0.009479847781602218,56.47221550015646,0.49176704608244004,-0.26315789473684204,0.39780334750921126,0.135320877254446,-0.48299692584697534,-0.13311026058258657,-0.3067134268537074,-0.0818273092369478,0.9427405184040354,-0.15423800882503763,-0.5381283520372991,Computer Hardware,Technology,SSYS
2017Q4,2017,Q4,2018-02-28,2017-12-31,-9980000.0,179343000.0,-5976000.0,-0.19,87266000.0,0.4865871542240288,1379750000.0,1132490000.0,614911000.0,163297000.0,247243000.0,115717000.0,-1523906000.0,1064985760.0,768510760.0,21.225166804108255,3.7655988781177854,0.023399891284653015,0.02850886100539519,-0.009061902099838166,21.225166804108255,-0.008812439844943443,5.9382622126316615,-26.678,0.9403930807336047,0.0,0.7957084957266435,0.0,0.12998224315999274,2.869862887866893,-0.007233194419278855,74.47973704454857,0.4865871542240288,0.0,-0.18197671066291943,-0.05187945228042943,-0.6318419554822321,0.15985060939140605,0.017426405434675593,0.13051069402007856,0.8964973938203299,-0.21180169608361657,-0.5730091267358316,Computer Hardware,Technology,SSYS
2017Q3,2017,Q3,2017-11-14,2017-09-30,-10157000.0,155867000.0,-6873000.0,-0.19,75239000.0,0.48271282567830265,1363326000.0,1133695000.0,582656000.0,162862000.0,229571000.0,124056000.0,-1513926000.0,1225637440.0,946056440.0,21.385629668754245,3.577605580184451,0.017027475453413196,0.020476406793714357,-0.008068703572670581,21.385629668754245,-0.008959199784774564,7.8633542699865915,-30.167309244855765,1.081099801974958,0.0,0.6499322886438382,0.0,0.11432848783049689,2.651312153848043,-0.007450162323611521,-2436.6549502982107,0.48271282567830265,-0.7272727272727273,-1.789169826902888,0.5321384504134069,6.557173198201261,-0.09776717191097467,-0.6965091030566227,-0.36233894945490586,0.6912094765272565,-0.2709014172626705,-0.587432845730453,Computer Hardware,Technology,SSYS
2017Q2,2017,Q2,2017-07-18,2017-06-30,-5987000.0,169990000.0,-5045000.0,-0.11,83392000.0,0.4905700335313842,1371221000.0,1130809000.0,576352000.0,173851000.0,240359000.0,116486000.0,-1503769000.0,1230255180.0,949053180.0,21.425764523096746,3.3152066999902217,0.017606935716416246,0.02135020149291348,-0.005605914697477566,21.425764523096746,-0.005294439644537672,7.237220895346785,-51.37193836646066,1.0879425084165406,0.0,0.7434198101059355,0.0,0.12396980501319627,2.5056398870296976,-0.004366181673121984,214.59186813186813,0.4905700335313842,0.576923076923077,-1.8011700795188879,0.389407354360516,1.3534786745189293,0.08470343392299688,0.5679439994226745,0.6005226066988677,-31.37425199280572,-0.10894008839727382,-0.5802450421821156,Computer Hardware,Technology,SSYS
2017Q1,2017,Q1,2017-05-16,2017-03-31,-13857000.0,163162000.0,-12629000.0,-0.26,76880000.0,0.47118814429830475,1368102000.0,1127678000.0,564989000.0,174886000.0,240333000.0,116018000.0,-1497782000.0,1079618100.0,807443100.0,21.402125640539,3.2306130850954338,0.01832538801931435,0.02223241031571069,-0.012129644199955096,21.402125640539,-0.012288082236241197,6.616847672865005,-19.477846936566355,0.9573815397657841,0.0,0.7436949438880174,0.0,0.11926157552580144,2.4197991834680876,-0.010128630759987194,58.26325418240691,0.47118814429830475,0.13333333333333328,-2.236685991465699,0.46455626243665216,1.4026200590290243,-0.07288601611113792,0.061242463247747445,0.5669809703411623,-4.1706286958593655,0.01086370588323256,-0.580117555207892,Computer Hardware,Technology,SSYS
2016Q4,2016,Q4,2017-03-09,2016-12-31,-14761000.0,175303000.0,-29165000.0,-0.3,82924000.0,0.4730324067471749,1366049000.0,1135867000.0,553039000.0,164611000.0,230051000.0,117521000.0,-1483925000.0,870334800.0,616006800.0,21.586221968833144,3.359672196876272,0.019032992227950827,0.022890003847281414,-0.011952779632959343,21.586221968833144,-0.012995359491912346,4.964745611883425,-14.740444414335073,0.7662294969393423,0.0,0.7860637673266906,0.0,0.12832848602063324,2.5056405708002503,-0.010805615318337776,74.74534524218481,0.4730324067471749,0.25000000000000006,-2.028169494364831,0.5939635753158007,1.4972913450027994,0.12544618015499245,0.2912565419887646,-0.5066900862736995,-5.894021878086271,0.05163677605617074,-0.5772625841784814,Computer Hardware,Technology,SSYS
2016Q3,2016,Q3,2016-11-15,2016-09-30,-20827000.0,157176000.0,-19357000.0,-0.4,73681000.0,0.46878022089886495,1368744000.0,1146151000.0,514882000.0,162674000.0,222465000.0,127044000.0,-1469164000.0,1263086880.0,1023741880.0,21.85976121452548,3.1651155070877954,0.0,0.0,-0.018237830704739187,21.85976121452548,-0.018171253176937418,8.036130706978165,-15.161651702117444,1.102024846638881,0.0,0.6572132489531186,0.0,0.11483228419631429,2.2172443045600403,-0.015216139760247351,-94.09169249106078,0.46878022089886495,-0.11111111111111122,-2.4353871001182448,0.5983404836262586,1.627992466444882,-0.07356787205150128,-0.1263926446727961,-0.12993987508026386,-1.516401368150417,0.0016392341089300224,-0.6320784384972867,Computer Hardware,Technology,SSYS
2016Q2,2016,Q2,2016-06-30,2016-06-30,-18490000.0,172073000.0,-17131000.0,-0.36,79532000.0,0.4621991829049299,1399577000.0,1159085000.0,533806000.0,174482000.0,240316000.0,125686000.0,-1448337000.0,1194148410.0,940266410.0,22.21788801778834,3.0593757522265905,0.0,0.0,-0.017018760018582994,22.21788801778834,-0.015952238187880958,6.939777943082296,-16.145868171984855,1.0302509393185142,0.0,0.7362872555415878,0.0,0.12294643310085833,2.174883369058126,-0.013211134507068921,-167.52923821548822,0.4621991829049299,0.18181818181818185,-2.876599529211079,0.857164432957569,1.7707707429939552,-0.020167798050980054,0.20098526424960028,0.1865622032288699,-3.908913407798283,0.20124276986592368,-0.4514683213567064,Computer Hardware,Technology,SSYS
2016Q1,2016,Q1,2016-04-08,2016-03-31,-23141000.0,167906000.0,-21060000.0,-0.44,81169000.0,0.4834192941288578,1412801000.0,1175404000.0,554225000.0,182479000.0,237146000.0,124479000.0,-1429847000.0,1350380160.0,1137204160.0,22.56140350877193,3.0371988009579183,0.0,0.0,-0.01988316357609809,22.56140350877193,-0.019687698867793542,8.042477100282301,-14.588610690981376,1.148864696734059,0.0,0.6968002634982607,0.0,0.11884617861963574,2.2037659127899647,-0.016379518417668163,56.84853750947209,0.4834192941288578,0.9013393129984548,-2.87037145168299,0.9730259581053017,1.8769135614454693,0.5294128730780826,0.9004015614845293,0.8878647988115586,-0.10056298033188592,0.27626443173443305,-0.44535925339327986,Computer Hardware,Technology,SSYS
2015Q4,2015,Q4,2016-03-03,2015-12-31,-232343000.0,173362000.0,-187809000.0,-4.459729740105186,53072000.0,0.30613398553316185,1414356000.0,1188618000.0,547073000.0,172727000.0,225555000.0,123658000.0,-1406706000.0,1223261040.0,965669040.0,22.81504088448693,3.1672697377943226,0.0,0.0,-0.1946457174003148,22.81504088448693,-0.19547323025564142,7.056108259018701,-1.3162232561342497,1.0291456464566413,0.0,0.9727635899011791,0.0,0.1225731004075353,2.275741488012876,-0.16427476533489446,-670.2800219178082,0.30613398553316185,0.742955058207194,-22.326926413800788,1.0282670977247437,2.084309383015327,1.6642635426053871,0.7422057467604155,0.7983440956735177,-27.181894400789865,-0.06136823039962995,-0.6042650257994743,Computer Hardware,Technology,SSYS
2015Q3,2015,Q3,2015-10-13,2015-09-30,-901273000.0,167580000.0,-931334000.0,-17.35,-79896000.0,-0.47676333691371287,1650888000.0,1417366000.0,588288000.0,172038000.0,233249000.0,140783000.0,-1174363000.0,1375917090.0,1143698090.0,27.28799984597909,3.4195235936246644,0.0,0.0,-0.6336099740006093,27.28799984597909,-0.635878806179914,8.210508950948801,-0.38165935571131054,0.9707563819084132,0.0,1.7578542863840094,0.0,0.10150900606219199,2.347318615654681,-0.5459322497952617,-27.96011156269051,-0.47676333691371287,-30.545454545454543,-113.48995142685739,1.1950805140610248,2.933554345851205,-1.9636705746128238,-35.443047187740085,-26.80184483118899,-72.47024372064485,0.6812407344250376,8.642930522165264,Computer Hardware,Technology,SSYS
2015Q2,2015,Q2,2015-07-30,2015-06-30,-24731000.0,182322000.0,-33499000.0,-0.55,82908000.0,0.45473393227366965,2764233000.0,2306789000.0,858978000.0,372731000.0,457095000.0,137394000.0,-273090000.0,1795576650.0,1618308650.0,44.87479817138411,2.304552076430455,0.0633087008222534,0.07586302865151516,-0.009131714689493795,44.87479817138411,-0.010720963209032121,9.848381709283576,-18.151072035097652,0.7783879019710949,0.0,0.7235687147910389,0.0,0.06595753686465648,1.7430774472743078,-0.008946785600200851,-38.17046087455624,0.45473393227366965,0.8702830188679246,-5.234639709452456,1.422086120894333,5.687896252156411,0.798906439854192,0.8856570868471667,0.84835356855076,-4.39785394006927,0.5300050384226932,3.929200094859862,Computer Hardware,Technology,SSYS
2015Q1,2015,Q1,2015-04-29,2015-03-31,-216288000.0,172731000.0,-220902000.0,-4.24,46088000.0,0.26681950547382927,2659198000.0,2320179000.0,762254000.0,239942000.0,338547000.0,130958000.0,-250159000.0,2689457680.0,2316425680.0,45.532989245623675,3.1768260662993555,0.01880266155434834,0.021550061439225162,-0.08923297790546095,45.532989245623675,-0.09322039377134264,15.570208474448709,-3.1086533695812992,1.1591595648439195,0.0,0.9670505047419783,0.0,0.06495605065888287,2.4007551825024382,-0.08133580124533787,-247.19280147058822,0.26681950547382927,-1.3425414364640884,-194.8128165489437,2.0118585364299153,5.914022631888837,-0.5618386652089177,-1.350803208486403,-1.4206581412932706,-20.959769368382158,0.6032092022476958,4.111570464845339,Computer Hardware,Technology,SSYS
2014Q4,2014,Q4,2014-12-31,2014-12-31,-92006000.0,217113000.0,-91257000.0,-1.81,105185000.0,0.4844712200559156,2899107000.0,2530770000.0,796628000.0,250566000.0,367868000.0,123385000.0,-33871000.0,4231296320.0,3839155320.0,49.708713073538654,3.1793140330292218,0.017246690101469175,0.019756832900658692,-0.03411094211612378,49.708713073538654,-0.03635494335716007,19.488912778138573,-11.497337999695672,1.6719402869482412,0.0,0.9071443044130162,0.0,0.07488961256000555,2.401411205031808,-0.03173597938951546,-1995.8944905660378,0.4844712200559156,-1.9193548387096773,-16.284377724901343,2.2884198242268776,6.760069419871876,0.19736587475952508,-1.9368615934627171,-0.7587642376703221,-7.623625505270264,1.040354163762002,4.750758011708053,Computer Hardware,Technology,SSYS
2014Q3,2014,Q3,2014-11-05,2014-09-30,-31328000.0,203610000.0,-51887000.0,-0.62,87847000.0,0.43144737488335544,2997881000.0,2617175000.0,795433000.0,248797000.0,380211000.0,119262000.0,58135000.0,6098182200.0,5764681200.0,51.83551198257081,3.1971165247169377,0.016678447209879245,0.019104568857642307,-0.011449366318518613,51.83551198257081,-0.011970158663444364,29.95030794165316,-48.6639922752809,2.3300628349269727,0.0,0.9706612332511613,0.0,0.06791797272807026,2.439860609251719,-0.01045004788382194,-192.919398924391,0.43144737488335544,-175.9406392694064,-8.950277000319595,2.3530843962603596,7.350375013658781,-0.04132745487482812,-180.08670520231215,-7.824319727891156,-3.242157133701432,1.150172112230732,5.231693642380281,Computer Hardware,Technology,SSYS
2014Q2,2014,Q2,2014-07-11,2014-06-30,-173000.0,178465000.0,-5880000.0,-0.003504,91634000.0,0.5134564200263357,2791168000.0,2520171000.0,868255000.0,152555000.0,270997000.0,114346000.0,89463000.0,5610253990.0,5107939990.0,51.043505559718874,5.691422765559962,0.0,0.0,-7.281964222597761e-05,51.043505559718874,-6.864613552016907e-05,31.43615829434343,-8107.303453757225,2.226140206359013,0.0,0.7593706819652634,0.0,0.06393918244978446,4.576513388613942,-6.198122076492708e-05,-674.3093737980769,0.5134564200263357,-1.0437999999999998,-1.0834075710391868,1.9656885513163258,7.360050274834815,0.17890592836558256,-1.0423293369219477,-8.04191616766467,-1.0185525576781715,1.0352308595246922,5.365584870690011,Computer Hardware,Technology,SSYS
2014Q1,2014,Q1,2014-04-02,2014-03-31,4087000.0,150941000.0,835000.0,0.08,77728000.0,0.514956174929277,2791578000.0,2511529000.0,871508000.0,158718000.0,280049000.0,99783000.0,89636000.0,5227372570.0,4820204570.0,50.971708643679094,5.490921004548948,0.0,0.0,-0.0027121592729634682,50.971708643679094,0.001627295563778081,34.63189305755229,319.7560906532909,2.081350671244489,0.0,0.7337221771243598,0.0,0.05407013524250442,4.540052167996069,0.001464046499864951,-677.2962645763151,0.514956174929277,2.142857142857143,3.3828330145171543,1.676526823783403,7.436226759950962,-0.0009511323616359477,3.051706827309237,1.240080506037953,-0.6507290812497087,0.8753651989478693,5.499648826813153,Computer Hardware,Technology,SSYS
2013Q4,2013,Q4,2014-04-02,2013-12-31,-1992000.0,155085000.0,-3478000.0,-0.07,77802000.0,0.5016732759454493,2782221000.0,2499787000.0,852129000.0,137725000.0,282434000.0,88406000.0,85549000.0,6594238499.999999,6180150499.999999,51.06295577571239,6.187177346160828,0.0,0.0,-0.0006710550421066418,51.06295577571239,-0.0007968678931444959,42.52015668826772,-827.590173192771,2.6379201507968477,0.0,0.8741827477773002,0.0,0.0557414382250727,5.230379379197677,-0.0007159747554202201,-16865.060102301788,0.5016732759454493,0.5625,-1.4170881153105295,1.0446026401348834,7.58934847996194,0.2840308951676789,0.6993661334138244,0.43132766514061477,-1.194586187200724,0.9309233214386418,5.903075669288601,Computer Hardware,Technology,SSYS
2013Q3,2013,Q3,2013-09-30,2013-09-30,-6626000.0,125626000.0,-6116000.0,-0.16,60592000.0,0.48232053874198016,2762293000.0,2493970000.0,832478000.0,123016000.0,267737000.0,79784000.0,87540000.0,4250489760.0,3835599760.0,59.414189060415474,6.767233530597646,0.0,0.0,-0.0024821848373795257,59.414189060415474,-0.002656808221430089,33.834475029054495,-160.3716329610625,1.704306691740478,0.0,0.8151258397673719,0.0,0.045478882942540856,5.936983806984458,-0.0023987317782726164,590.2638189140397,0.48232053874198016,-1.2857142857142856,-1.8772809253998433,1.0183788834627865,9.18960050429812,0.20210296597559765,-1.3664285714285713,-1.3550250288794763,-2.0233355357703675,1.0361841650914039,7.5645317686506655,Computer Hardware,Technology,SSYS
2013Q2,2013,Q2,2013-06-30,2013-06-30,-2800000.0,106485000.0,-2597000.0,-0.07,50405000.0,0.47335305442081044,1726150000.0,1570797000.0,335655000.0,90333000.0,155196000.0,64603000.0,94167000.0,3301038720.0,3152977720.0,40.50429333952193,3.715751718641028,0.0,0.0,-0.001872485904905777,40.50429333952193,-0.0017825345986782505,31.000034934497815,-294.73560000000003,2.101505617848774,0.0,0.8680711422070182,0.0,0.06168930857689077,2.8477522057276965,-0.0016221070011296817,683.4448695652173,0.47335305442081044,0.825,-1.3680129105706968,0.8330027182280199,5.4815075176994315,0.3486648472199925,0.819773429454171,0.8448626045400239,-1.6355053039697942,0.8751037399065025,5.036539943579592,Computer Hardware,Technology,SSYS
2013Q1,2013,Q1,2013-03-31,2013-03-31,-15536000.0,97207000.0,-16740000.0,-0.4,37374000.0,0.38447848405978996,1715089000.0,1565840000.0,317197000.0,83649000.0,148638000.0,66395000.0,96966000.0,2854330100.0,2788825100.0,40.67750818309347,3.791999904362276,0.0,0.0,-0.010201210581525077,40.67750818309347,-0.009921831093853778,29.363421358544137,-45.93090402935119,1.8228746870689214,0.0,0.9011672565705249,0.0,0.05667752518965488,2.8608949300051405,-0.009058422041071922,-162.63989173789173,0.38447848405978996,-1.5,-3.2290116666436193,0.7252163101361512,5.859057613507985,0.029927248677248677,-2.6012980992118684,-7.0346070656092285,-17.618735788488532,1.2436964949226188,5.176735084744806,Computer Hardware,Technology,SSYS
2012Q4,2012,Q4,2013-01-14,2012-12-31,-4314000.0,96645000.0,2774000.0,-0.16,36288000.0,0.3754772621449635,1731513000.0,1571660000.0,323278000.0,94427000.0,159357000.0,67995000.0,112503000.0,2184969150.0,2051143150.0,57.652323832581345,3.4235758840162243,0.0,0.0,-0.0017298283301982068,57.652323832581345,-0.00274486848300523,22.608196492317244,-126.62083623087622,1.3902301706475957,0.0,0.8876682108978602,0.0,0.05581534761795031,2.57382951909941,-0.0024914626687758045,-83.50732467036117,0.3754772621449635,-1.6666666666666667,-1.771326209769199,1.4572379269678957,8.748768309658992,0.421999294643207,-1.8277052954719877,-0.5429230515735706,-2.338412943411149,1.7337525109594625,8.00015324267007,Computer Hardware,Technology,SSYS
2012Q3,2012,Q3,2012-11-09,2012-09-30,5212000.0,41197000.0,6069000.0,0.24,25519000.0,0.619438308614705,147823000.0,60750000.0,126722000.0,41970000.0,86507000.0,24447000.0,59876000.0,1173419343.96,1134737343.96,2.829845116404689,3.0193471527281392,0.0,0.0,0.08941108043056474,2.829845116404689,0.08579423868312758,28.483126051896985,56.28450421910974,19.315544756543208,0.0,0.6413056816787336,0.0,0.278691407967637,2.3905646890636167,0.03525838333682851,143.36334139326493,0.619438308614705,0.7142857142857141,0.5705458318085963,0.5184704116551484,-0.5022329855786897,-0.02447367298372749,0.7271855425423827,0.047744268222532665,2.110826229021677,0.5956319616235968,-0.544129747179974,Computer Hardware,Technology,SSYS
2012Q2,2012,Q2,2012-08-09,2012-06-30,3017626.0,49405427.0,5792444.0,0.14,26159212.0,0.5294805366220193,239797163.0,194025971.0,117006716.0,36354789.0,45771192.0,22524798.0,111551819.0,1054967314.5,1027999242.5,9.10387026450382,3.2184677512500484,0.0,0.0,0.015395784189005427,9.10387026450382,0.015552691139476375,21.35326782015263,87.40043617896983,5.437247957388138,0.0,1.0320276790051568,0.0,0.20603007300799467,2.458842630059,0.012584077151905255,1543.9683330333112,0.5294805366220193,-0.33333333333333326,-0.19171104294694796,0.7037164972550499,0.6588562983125147,0.13958949930740408,-0.332728336136089,-0.19860940612682002,2.3703926194448246,0.9019664535987859,0.4910577216876567,Computer Hardware,Technology,SSYS
2012Q1,2012,Q1,2012-03-31,2012-03-31,4522335.0,44964101.0,7227991.0,0.21,22954943.0,0.5105171123069935,228738502.0,189431834.0,101255294.0,29890567.0,39306668.0,21619711.0,108534193.0,776625993.44,752198313.44,8.907827752502943,3.3875333980783973,0.0,0.0,0.02293483450872139,8.907827752502943,0.023873152175679195,17.27213435091252,42.93279873339768,4.099764949960839,0.0,1.0180135155368173,0.0,0.19657425665924838,2.4772215930196304,0.019770764259005248,209.00730328781222,0.5105171123069935,-0.2222222222222223,0.3734458821791686,0.5767900223982628,0.721965309683756,0.0039642142616718185,-0.21840720353263451,-0.1871414570181392,7.109132621705382,0.8473881088624935,0.47431696637892057,Computer Hardware,Technology,SSYS
2011Q4,2011,Q4,2011-12-31,2011-12-31,5786050.0,44324319.0,8892065.0,0.27,22864304.0,0.5158410668418842,221770365.0,183311363.0,93223408.0,29136807.0,38459002.0,22771460.0,104011848.0,644908914.53,624816714.53,8.64385407494733,3.1995066583651393,0.0,0.0,0.03224039896577881,8.64385407494733,0.03156405530627144,14.549776038973096,27.864817731008202,3.518106591842864,0.0,0.9424083919081165,0.0,0.19986583419294998,2.2040828289798537,0.026090275858093124,116.91680992297991,0.5158410668418842,0.0,0.5095639463758754,0.4207064839753989,0.786694744073681,0.060794343643618666,-0.012142214096946836,0.13176286050335587,1.796634803697317,0.34895135753737916,0.4539909359296359,Computer Hardware,Technology,SSYS
2011Q3,2011,Q3,2011-09-30,2011-09-30,5857169.0,39696024.0,7856827.0,0.27,21553946.0,0.5429749337112453,211340910.0,176054771.0,75426927.0,27766639.0,35286139.0,21983920.0,98225797.0,392406555.705401,377174777.705401,8.318045616050458,2.716458661057249,0.0,0.0,0.030148352972193797,8.318045616050458,0.03326901603819643,9.885286136097687,16.748985546831626,2.2288890751242465,0.0,0.8252430867652357,0.0,0.18782934170199228,1.6190829577897419,0.02771431711919855,136.8028602983051,0.5429749337112453,0.5000000000000001,1.185403634295316,0.507449855825438,0.8125612266732725,0.09214606479339721,0.4666208772979298,0.28837467554200413,0.5379760071318539,0.26486659111991545,0.4265542144805944,Computer Hardware,Technology,SSYS
2011Q2,2011,Q2,2011-06-30,2011-06-30,3993649.0,37554930.0,6098247.0,0.18,19735406.0,0.5255077296109991,204815013.0,169558387.0,70889237.0,27737126.0,35256626.0,21218648.0,92368628.0,712601955.745458,700158707.745458,8.018667034783546,2.5557527841925656,0.0,0.0,0.02265745016595497,8.018667034783546,0.023553237741050226,18.97492435068999,44.60844929946635,4.202693646439665,0.0,0.8398048735244583,0.0,0.1833602402964474,1.5178017362000662,0.01949880988460548,-253.46592384641772,0.5255077296109991,-0.21739130434782614,0.3073268869079127,0.35186519838455993,0.7520790096174421,0.08136532728066133,-0.19958853551311306,-0.011008691353796094,-0.03733136301977333,0.18561459790044382,0.28314917710626053,Computer Hardware,Technology,SSYS
2011Q1,2011,Q1,2011-03-31,2011-03-31,4989495.0,34319089.0,6166128.0,0.23,18250452.0,0.5317871928360336,191622898.0,164764136.0,96043158.0,26651762.0,26858762.0,18821007.0,88374979.0,987463937.0,951379154.0,7.84222501889707,3.603632585342763,0.0,0.0,0.02444898901321992,7.84222501889707,0.030282652045102824,28.77302299603582,49.47714833865952,5.993197069294255,0.0,0.8537607472331316,0.0,0.17909701480456683,2.6425720370758228,0.026038093839912596,-4312.107254211827,0.5317871928360336,0.09988572425433313,1.3859623342699872,0.48819043694861913,0.7814913550931853,0.06138744270757941,0.15901669199417043,0.002044511888834196,0.3115938659288486,0.11596717956478964,0.3223591027403504,Computer Hardware,Technology,SSYS
2010Q4,2010,Q4,2010-12-31,2010-12-31,4304938.0,33774921.0,6153547.0,0.20911263318371404,17194901.0,0.5091026267685422,178459631.0,152282482.0,84212759.0,25970149.0,26177149.0,17880714.0,83385484.0,671949704.2133051,644395293.2133051,7.3971311082230535,3.242675234554873,0.0,0.0,0.02695716911874877,7.3971311082230535,0.028269423662269966,19.894930448935916,39.022031456277944,4.412521357599787,0.0,0.9272571553909984,0.0,0.18925804570334454,2.291117043648845,0.02412275524653528,451.6589317959459,0.5091026267685422,0.3940842212247603,0.3899001108745167,0.4605635574029606,0.7950106651948687,0.16900639255399488,0.3556511470453937,0.5145988392799785,0.019248314103556083,0.13714884312146347,0.25082412184544195,Computer Hardware,Technology,SSYS
2010Q3,2010,Q3,2010-09-30,2010-09-30,3175550.0,30258546.0,4062823.0,0.15,14708988.0,0.48611020503100183,167213154.0,142814788.0,83608857.0,24398366.0,24398366.0,18719342.0,79080546.0,570663164.813305,547931236.813305,6.937237278737554,3.426821984718157,0.0,0.0,0.01982774301094682,6.937237278737554,0.022235442452920213,18.859569948050545,44.92632495263065,3.9958268524216485,0.0,0.8306679796757813,0.0,0.18095792870458027,2.466078097197165,0.01899102985641907,53.9468404332763,0.48611020503100183,0.3636363636363636,0.49072055779226764,0.5633728018315927,0.5784118634719387,-0.0035913823082557085,0.3616376270016358,0.012388154019278824,-0.002157153149913995,0.16301625099425304,0.22025331653366154,Computer Hardware,Technology,SSYS
2010Q2,2010,Q2,2010-06-30,2010-06-30,2332155.0,30059496.0,4013108.0,0.11,14762004.0,0.49109286463086405,158023746.0,137736976.0,79383683.0,20286770.0,20286770.0,17333073.0,75904995.0,504157123.232429,491912516.232429,6.709852617243413,3.9130765025679297,0.0,0.0,0.01829545618941563,6.709852617243413,0.016931945710787204,16.77197525974584,54.04412691613862,3.6602888917238103,0.0,0.8825608707700013,0.0,0.19022138609472022,2.8311767718567324,0.014758256648339421,-679.4716910774747,0.49109286463086405,6.5,-0.1786091697339521,0.4726436908408434,0.5612828193702607,0.5670792429996576,6.263258263917256,6.2655577759029475,-0.3514329421446076,0.07621888518216309,0.22263179850680712,Computer Hardware,Technology,SSYS
2010Q1,2010,Q1,2010-03-31,2010-03-31,-443101.0,23006319.0,-762143.0,-0.02,9420075.0,0.40945598467968736,156609299.0,134617684.0,112216602.0,21991615.0,21991615.0,16854971.0,73572839.0,499378931.31,448815090.31,6.585600260493297,5.102699460680809,0.0,0.0,-0.0028251672770026734,6.585600260493297,-0.0032915512051150723,21.706163915661605,-281.75231567407883,3.7096086968039055,0.0,0.8060674800330418,0.0,0.1469026369883694,4.146175076273389,-0.002829340293516032,324.99567628830687,0.40945598467968736,-1.1691538027368165,-1.189113395302891,0.2472060672423844,0.5852477259792069,-0.29541844630682534,-1.1852560591680847,-1.2130429374282827,-1.1399993296220132,-0.16067629228107708,0.27305730500091613,Computer Hardware,Technology,SSYS
2009Q4,2009,Q4,2009-12-31,2009-12-31,2391830.0,26233757.0,3577415.0,0.11823559196666508,13369744.0,0.5096389358184571,153136512.0,129583287.0,106390959.0,23553225.0,23553225.0,14608014.0,74015940.0,348754114.67999995,300438188.67999995,6.405704689476783,4.517044226427591,0.0,0.0,0.019807603863827773,6.405704689476783,0.01845785868975526,13.29409716953618,36.45264448978397,2.6913510434412733,0.0,0.8806134085030313,0.0,0.17130961556705693,3.7047297344631147,0.015618940047426443,35.38157676707205,0.5096389358184571,0.4779448995833135,0.0676387540892095,0.38377109633575823,0.5657791501858705,0.1265131332713304,0.514967063592602,0.48840472922455913,-0.34581659541417675,-0.11849929601236764,0.3240666491522231,Computer Hardware,Technology,SSYS
2009Q3,2009,Q3,2009-09-30,2009-09-30,1578800.0,24329396.0,2403523.0,0.08,11868254.0,0.4878153982943103,144816400.0,125575088.0,92411560.0,18621312.0,19241312.0,15388102.0,71624111.0,347135766.12,312142626.12,6.207566953314433,4.962677173337733,0.0,0.0,0.011538151701180862,6.207566953314433,0.012572557384948837,14.268162108093437,54.96829334304535,2.7643680896325553,0.0,0.8097907071320427,0.0,0.1680016627950978,3.8747694577052356,0.010902080151143103,41.61166259403465,0.4878153982943103,1.0,-0.3609704603351468,0.4081908548790249,0.5712581377946363,0.025492730156971857,0.8583496847232309,0.6571483531750273,-0.3836669655088369,-0.033344748436085515,0.3526729343543219,Computer Hardware,Technology,SSYS
2009Q2,2009,Q2,2009-06-30,2009-06-30,849571.0,24648277.0,1450397.0,0.04,11573221.0,0.4695346859336253,143550742.0,123475323.0,90118191.0,19455419.0,20075419.0,18387423.0,70045311.0,220634446.49,185881220.49,6.105645765476863,4.632035475565959,0.0,0.0,0.007673137898152851,6.105645765476863,0.006880492225964859,8.95131316846204,64.92525241857362,1.7868707781392075,0.0,0.7110869206631076,0.0,0.17170428140315708,3.4889020380388622,0.005918262686514014,145.87198887817095,0.4695346859336253,2.3333333333333335,-0.6370895223325869,0.4544945164896777,0.5960547770793202,0.2090258486106654,2.2068987071139277,1.9022030744885132,-0.7092079631213762,-0.07227015849370566,0.33408379964493684,Computer Hardware,Technology,SSYS
2009Q1,2009,Q1,2009-03-31,2009-03-31,-703929.0,23144801.0,-1607617.0,-0.03,9572352.0,0.4135854095267443,143434247.0,122182155.0,85454214.0,20632092.0,21252092.0,20229662.0,69195740.0,167236990.29,136572219.29,6.042003148333507,4.141810437836357,0.0,0.0,-0.008648479160781125,6.042003148333507,-0.0057613077785377085,7.225682791137413,-59.394125788964516,1.3687513556296333,0.0,0.6709182288858806,0.0,0.16136174926201552,2.9873864463186766,-0.0049076773136334725,92.55587560518818,0.4135854095267443,-1.3075082633287194,-1.3753456519689815,0.48371799476116684,0.6268302038212538,-0.3989343973452614,-1.3499877690802349,-1.4063331800795724,-1.3497296082087957,0.04273214453176591,0.3725411283487716,Computer Hardware,Technology,SSYS
2008Q4,2008,Q4,2008-12-31,2008-12-31,2011296.0,31942974.0,3956401.0,0.09755835396179477,15925636.0,0.4985645982744124,147123033.0,122562399.0,86247490.0,24560634.0,24560634.0,19889351.0,69899669.0,221625633.5,193679834.5,5.944916066083123,3.5116149688969753,0.0,0.0,0.021407126288771543,5.944916066083123,0.016410383742570183,6.938165291058998,27.547615256531113,1.808267750209426,0.0,0.8053223053884463,0.0,0.2171174244348266,2.4152709982975193,0.013670843776038792,35.7656544995203,0.4985645982744124,-0.45800914465669573,0.18780055987541552,0.9030604634937041,0.5058828996263559,0.007031422804907769,-0.4578084180714353,-0.2532416803681168,-0.35156300734300006,0.3793566437176814,0.4426116809589674,Computer Hardware,Technology,SSYS
2008Q3,2008,Q3,2008-09-30,2008-09-30,3709567.0,30569428.0,5298101.0,0.18,15814438.0,0.5173285545284001,145139092.0,120211092.0,83168157.0,24928000.0,24928000.0,19770800.0,67888374.0,360167404.243662,343252488.243662,5.8308654039335215,3.3363349245827987,0.0,0.0,0.028786100815920174,5.8308654039335215,0.03085877466282396,11.781947776178933,24.27287364291183,2.99612455266326,0.0,0.7463021223218079,0.0,0.21062160151863152,2.402295129974326,0.025558703371246116,45.68331648829434,0.5173285545284001,-0.05263157894736847,0.7004038284216372,1.151782578445824,0.5632347081924449,-0.08631269148972434,-0.09435637598704705,-0.09242587472255535,0.7389040118442816,0.5771642129760531,0.32668189915966567,Computer Hardware,Technology,SSYS
2008Q2,2008,Q2,2008-06-30,2008-06-30,4096056.0,31274922.0,5837651.0,0.19,17308370.0,0.5534264801683598,152312460.0,130471286.0,90443340.0,21841174.0,21841174.0,18450306.0,64178807.0,385408763.661951,363875812.661951,6.249208726351777,4.140955976084435,0.0,0.0,0.029466496368846736,6.249208726351777,0.03139431000933033,12.32325259394575,23.523162504489136,2.953973824263149,0.0,0.7569821335212543,0.0,0.2053339693942308,2.8928638634534938,0.02689245515435835,-58.75466774365117,0.5534264801683598,0.05555555555555561,1.1975408132533738,1.1075395364119078,1.7772632593593043,-0.003196693918069104,0.07831554461693338,0.06056192431371837,0.4184236864319146,0.5064678654240141,0.45409784322805075,Computer Hardware,Technology,SSYS
2008Q1,2008,Q1,2008-03-31,2008-03-31,3798569.0,30707689.0,5504300.0,0.18,17363877.0,0.5654569772411072,149529039.0,124415956.0,85221693.0,25113083.0,25113083.0,17617844.0,60082751.0,373427389.420932,350040085.420932,5.930480610482792,3.3935177532762504,0.0,0.0,0.02896755743503242,5.930480610482792,0.030531204534569506,12.160712889235397,24.576846532268597,3.0014429131656715,0.0,0.7574032327678688,0.0,0.2053627121886338,2.434605858627553,0.025403553887616438,-94.99143624223024,0.5654569772411072,-0.12265130161954961,1.5620773047589034,1.2182368787181068,1.7821998908307652,0.09119594577992186,-0.11580395202965686,0.11967433573305684,0.5796473360367884,0.6220295768575945,0.42755110086615217,Computer Hardware,Technology,SSYS
2007Q4,2007,Q4,2007-12-31,2007-12-31,4296071.0,30210755.0,4915983.0,0.20516358015036962,15912703.0,0.5267231156586454,148757022.0,123833529.0,89022920.0,24923493.0,24923493.0,12771235.0,56284182.0,541082752.4,524870981.4,5.913805929253641,3.5718476539383945,0.0,0.0,0.03166719818031081,5.913805929253641,0.03469230857500637,17.91026912104646,31.487069952987277,4.3694365877273835,0.0,1.1195512415204951,0.0,0.20308792548966192,2.7996242741737687,0.028879786259770647,119.19261717970396,0.5267231156586454,0.3677572010024642,1.0657635468483435,1.0455401354085356,1.8842771948166117,0.17969754015906086,0.3271808068606947,0.2022884157056193,0.8525774299669241,0.5394877588711545,0.4455418211024743,Computer Hardware,Technology,SSYS
2007Q3,2007,Q3,2007-09-30,2007-09-30,3236990.0,26463472.0,4088855.0,0.15,13488799.0,0.5097138803253027,140207842.0,119044061.0,88110735.0,21163781.0,21163781.0,13122741.0,51988111.0,600132805.1,580916765.1,5.68507963448439,4.163279472604636,0.0,0.0,0.02409656335848848,5.68507963448439,0.02719152868953286,22.677780341899204,46.349602956759206,5.041266234188702,0.0,0.988716686551994,0.0,0.18874459247436387,3.2344503092334964,0.02308708239015618,1678.3786118405783,0.5097138803253027,-0.11764705882352951,0.41663404198667187,0.6790405957958294,1.930919801907561,-0.13536604291030294,-0.10914065245672355,-0.18822767278915725,0.26574456653700596,0.4797485146001791,0.4390062494492573,Computer Hardware,Technology,SSYS
2007Q2,2007,Q2,2007-06-30,2007-06-30,3633559.0,28223494.0,5036948.0,0.17,15600589.0,0.5527518669375238,136613457.0,113837290.0,87342327.0,22776167.0,22776167.0,11440688.0,48751120.0,487248231.05999994,473220731.05999994,5.488040328607612,3.8348123720729657,0.0,0.0,0.028908327060204925,5.488040328607612,0.0319188817653688,17.263923136518816,33.52417224132042,4.280216360210261,0.0,1.1033344323348386,0.0,0.20659380576248795,3.0405090988312478,0.026597372468218854,-134.32266974063845,0.5527518669375238,0.13333333333333347,4.429782354348576,1.1599593461266928,1.9903318789995532,0.060830122630052184,0.15079345976073005,0.13672349891483196,0.5132593174462522,0.623744197913121,0.4346087735396207,Computer Hardware,Technology,SSYS
2007Q1,2007,Q1,2007-03-31,2007-03-31,3157438.0,27344860.0,4431111.0,0.15,14706020.0,0.5377983284609978,127549406.0,105490225.0,82742494.0,22059181.0,22059181.0,9838661.0,45117562.0,435578138.63223404,420423281.63223404,5.173058773256525,3.750932276225486,0.0,0.0,0.027625493771800784,5.173058773256525,0.029931095511456157,15.929068155120708,34.488257460022496,4.1290853122384945,0.0,1.2846097654955284,0.0,0.21438641588029034,3.0002315135815785,0.02475462723832677,72.84306375513368,0.5377983284609978,-0.1700679207024294,4.436519101653638,2.373016328790947,1.8650514933990519,0.2279895735426641,-0.13574834030313862,-0.13781281959083033,0.669549850206511,0.7383436865347981,0.3928639313598232,Computer Hardware,Technology,SSYS
