Quarters,Year,Quarter,FillingDate,Date,NetIncome,Revenue,OperatingIncome,EPSDiluted,GrossProfit,GrossProfitRatio,TotalAssets,CommonStockEquity,CurrentAssets,CurrentLiability,TotalLiability,Inventory,RetainedEarnings,MarketCap,EnterpriseValue,bookValuePerShare,currentRatio,debtToAssets,debtToEquity,roic,shareholdersEquityPerShare,roe,priceToSalesRatio,peRatio,pbRatio,payoutRatio,inventoryTurnover,dividendYield,assetTurnover,quickRatio,returnOnAssets,priceToFreeCashFlowsRatio,grossProfitMargin,epsdilutedGrowth,fiveYNetIncomeGrowthPerShare,fiveYRevenueGrowthPerShare,fiveYShareholdersEquityGrowthPerShare,grossProfitGrowth,netIncomeGrowth,operatingIncomeGrowth,threeYNetIncomeGrowthPerShare,threeYRevenueGrowthPerShare,threeYShareholdersEquityGrowthPerShare,Industry,Sector,Symbol
2023Q1,2023,Q1,2023-05-09,2023-03-31,-12226000.0,2054000.0,-11022000.0,-0.51,1666000.0,0.8111002921,58349000.0,15342000.0,50504000.0,42086000.0,43007000.0,2211000.0,-573369000.0,107664510.0,91326510.0,0.6455168931712038,1.2000190086964786,0.39346004216010555,1.4964150697431886,-0.2813605199066602,0.6455168931712038,-0.7968974058141051,52.41699610516066,-2.2015481351218718,7.017631990614001,0.0,0.1754862053369516,0.0,0.035201974326895064,1.083994677564986,-0.20953229704022347,-11.623071359170895,0.8111002921129503,-0.24390243902439035,-94.20535620211767,37.04714240275334,31.612035888002534,-0.405,-0.2951271186440678,0.04139850408766742,-100.2196721221061,59.96123590245693,88.780236076309,Drug Manufacturers—Specialty & Generic,Healthcare,DRRX
2022Q4,2022,Q4,2023-03-08,2022-12-31,-9440000.0,3315000.0,-11498000.0,-0.41,2800000.0,0.8446455505,60100000.0,24985000.0,51394000.0,18109000.0,35115000.0,2113000.0,-561382000.0,78832640.0,58611640.0,1.0966028792134832,2.8380363355237725,0.3870549084858569,0.9310386231739043,-0.20596077384140568,1.0966028792134832,-0.37782669601761054,23.780585218702864,-2.087728813559322,3.1551987192315387,0.0,0.24372929484145764,0.0,0.05515806988352746,2.590203766083163,-0.15707154742096505,-9.35254953137976,0.8446455505279035,-2.4166666666666665,-76.18139893439212,10.127700783463167,75.2579928495497,-0.7592847317744154,-2.3594306049822062,-4.393058161350845,-188.17485374137917,25.305311208548687,91.66965914669285,Drug Manufacturers—Specialty & Generic,Healthcare,DRRX
2022Q3,2022,Q3,2022-11-03,2022-09-30,-2810000.0,11977000.0,-2132000.0,-0.12,11632000.0,0.97119479,68472000.0,34854000.0,59346000.0,13357000.0,33618000.0,2269000.0,-550913000.0,131698926.8,104849926.8,1.5302009886993249,4.4430635621771355,0.343863184951513,0.6755322201182073,-0.03980450022095082,1.5302009886993249,-0.08062202329718253,10.995986206896552,-11.716986370106762,3.77858859241407,0.0,0.15204936095196123,0.0,0.17491821474471317,4.126824885827656,-0.041038672742142776,-58.32547688219663,0.9711947900141938,0.7735849056603774,-30.719127192622132,36.31261529993625,223.3903557619222,5.91146761734997,0.7661451398135819,0.8076853689337904,-118.0525030254577,92.82098679258205,132.53552107099412,Drug Manufacturers—Specialty & Generic,Healthcare,DRRX
2022Q2,2022,Q2,2022-08-05,2022-06-30,-12016000.0,2076000.0,-11086000.0,-0.53,1683000.0,0.8106936416,69979000.0,36704000.0,60455000.0,10593000.0,33275000.0,2133000.0,-548442000.0,108860676.0,85539676.0,1.6116482686548814,5.707070707070707,0.34030209062718814,0.6488121185701831,-0.18180254507095023,1.6116482686548814,-0.3273757628596338,52.43770520231214,-2.264910868841545,2.965907693984307,0.0,0.18424753867791843,0.0,0.02966604266994384,5.22193901633154,-0.171708655453779,-10.765494066455696,0.8106936416184971,-0.06000000000000005,-74.75497281943984,29.082463196997093,1250.790266746015,0.06518987341772152,-0.0616716734405372,-0.06945784294809956,-118.99198143952428,36.59667025973954,114.70232278668982,Drug Manufacturers—Specialty & Generic,Healthcare,DRRX
2022Q1,2022,Q1,2022-05-05,2022-03-31,-11318000.0,1915000.0,-10366000.0,-0.5,1580000.0,0.8250652742,80531000.0,47607000.0,70635000.0,9023000.0,32924000.0,2076000.0,-536891000.0,152528191.2,127157191.19999999,2.0908875303046273,7.828327607225978,0.29887869267735406,0.5055769109584725,-0.14431984543477105,2.0908875303046273,-0.2377381477513811,79.64918600522192,-3.369150715674147,3.2039026025584474,0.0,0.1613680154142582,0.0,0.023779662490221155,7.221655768591377,-0.1405421514696204,-27.276142918454934,0.825065274151436,-101.04081632653062,-85.879380050506,25.11678980237378,912.2097785960908,7.007604562737643,-0.005329543435779001,-0.5918304668304668,-112.00532770588902,32.001398368261476,235.04544551790457,Drug Manufacturers—Specialty & Generic,Healthcare,DRRX
2021Q4,2021,Q4,2022-03-08,2021-12-31,-11258000.0,617000.0,-6512000.0,-0.0049,-263000.0,-0.4262560778,91990000.0,79298000.0,81737000.0,10056000.0,12692000.0,1870000.0,-526049000.0,22437703740.0,22393379740.0,0.03484309228159904,8.128182179793159,0.06000652244809218,0.06961083507780777,-0.12333703828482172,0.03484309228159904,-0.14197079371484778,36365.80833063209,-498.261319506129,282.95422003077005,0.0,0.47058823529411764,0.0,0.006707250788129144,5.600735879077168,-0.1223828677030112,0.0,-0.42625607779578606,-0.11731492432594971,0.21605083871991348,-0.8923622397113579,4.835152355281079,-1.1460299833425875,-0.12839530921118572,0.31148234299006133,-0.09818263551691046,-0.8788804356299152,1.8229873366551546,Drug Manufacturers—Specialty & Generic,Healthcare,DRRX
2021Q3,2021,Q3,2021-11-03,2021-09-30,-9977000.0,2165000.0,-9458000.0,-0.0043855137824781645,1801000.0,0.8318706697459585,97962000.0,64027000.0,87250000.0,9565000.0,33935000.0,2270000.0,-519041000.0,29119872000.0,29088981000.0,0.02814385997301087,9.121798222686879,0.2503113452154917,0.382979055710872,-0.10216801875276808,0.02814385997301087,-0.1558248863760601,13450.287297921479,-729.6750526210285,454.8061286644697,0.0,0.160352422907489,0.0,0.022100406279986117,8.54594877156299,-0.10184561360527551,-3870.7792104213745,0.8318706697459585,-0.09051894655745023,0.3150961587878615,-0.6493072693727007,1.9992791761240118,-0.073559670781893,-0.09085939208397113,-0.0925262793115398,-1.6168029605489045,-0.8081513017267683,0.7472835147343092,Drug Manufacturers—Specialty & Generic,Healthcare,DRRX
2021Q2,2021,Q2,2021-07-30,2021-06-30,-9146000.0,2303000.0,-8657000.0,-0.004021492516312855,1944000.0,0.8441163699522363,106267000.0,73463000.0,95356000.0,8218000.0,32804000.0,1918000.0,-509064000.0,37070764000.0,37039413000.0,0.032301651511687214,11.603309807739109,0.232640424590889,0.336523147707009,-0.08441982700615328,0.032301651511687214,-0.12449804663572138,16096.727746417717,-1013.305379400831,504.618161523488,0.0,0.18717413972888425,0.0,0.021671826625386997,10.859819907520079,-0.08606622940329547,-4549.118174009081,0.8441163699522363,0.1367442100639929,0.4074745239887476,-0.5739969184760289,1.2388304668459462,0.04516129032258064,0.09749358594829288,0.10252954592577235,0.07294588221509057,-0.5204747206073007,0.8467668537869749,Drug Manufacturers—Specialty & Generic,Healthcare,DRRX
2021Q1,2021,Q1,2021-05-05,2021-03-31,-10134000.0,2212000.0,-9646000.0,-0.004658517861329337,1860000.0,0.840867992766727,116055000.0,81723000.0,104811000.0,11704000.0,34332000.0,1955000.0,-499918000.0,43072326000.0,43040427000.0,0.03756740232696047,8.955143540669857,0.220981431217957,0.31381618393842614,-0.0860804226382766,0.03756740232696047,-0.1240042582871407,19472.118444846292,-1062.5697158081705,527.0526779486803,0.0,0.18005115089514068,0.0,0.01905992848218517,8.3796992481203,-0.0873206669251648,-4020.941560866318,0.840867992766727,-3.2597764956825017,0.2753014540963867,-0.6557488698790257,3.487405267783977,1.8012048192771084,-3.3243119266055046,-0.0855277965338735,0.13781766210677313,-0.5523403421448964,0.8979355704962646,Drug Manufacturers—Specialty & Generic,Healthcare,DRRX
2020Q4,2020,Q4,2021-03-05,2020-12-31,4360000.0,-1191000.0,-8886000.0,0.002061494962103481,664000.0,0.5575146935348446,75641000.0,40115000.0,63061000.0,10703000.0,35526000.0,1864000.0,-489784000.0,42077304000.0,42081809000.0,0.019734641268841748,5.8918994674390355,0.34130960722359566,0.6435747226723171,-0.12528020978725204,0.019734641268841748,0.10868752337031036,-35329.390428211584,2412.6894495412844,1048.9169637292782,0.0,-0.9951716738197425,0.0,-0.01574542906624714,3.89358123890498,0.057640697505321185,-5003.8415982875495,-0.5575146935348446,1.4459584424180931,1.4421302057787126,-1.1366222749105075,0.5975870348678765,-0.5896168108776267,1.4672096013716245,-0.0018038331454340473,-0.610795987241922,-1.0448111489944056,0.3723510682801959,Drug Manufacturers—Specialty & Generic,Healthcare,DRRX
2020Q3,2020,Q3,2020-11-03,2020-09-30,-9332000.0,2683000.0,-8870000.0,-0.00462261674187748,1618000.0,0.603056280283265,70155000.0,34698000.0,56867000.0,9556000.0,35457000.0,3628000.0,-494144000.0,34520967000.0,34528523000.0,0.01718769349653502,5.950920887400586,0.37382937780628606,0.7558360712432993,-0.13344165124640822,0.01718769349653502,-0.26894921897515706,12866.554975773388,-924.8008733390485,994.8978903683211,0.0,0.2935501653803749,0.0,0.0382438885325351,5.243302637086647,-0.13301974199985747,-3960.188941149478,0.603056280283265,-1.6689124381046967,0.1414417559555658,-0.6623968589888264,0.20305866237322293,-0.934967845659164,-1.6508578602315525,-1.6011521518129448,-2.1135808843430035,-0.9056926329641279,1.520422275829674,Drug Manufacturers—Specialty & Generic,Healthcare,DRRX
2020Q2,2020,Q2,2020-08-04,2020-06-30,14338000.0,25844000.0,14755000.0,0.006910645517334451,24880000.0,0.9626992725584275,72763000.0,36342000.0,60083000.0,10352000.0,36421000.0,3460000.0,-484812000.0,45672912000.0,45680905000.0,0.01846027246959861,5.803999227202473,0.3633577505050644,0.7275053656925871,0.21483379682881729,0.01846027246959861,0.39452974519839307,1767.2539854511685,796.3612777235319,1256.752847944527,0.0,0.2786127167630058,0.0,0.35518051757074337,5.133500772797527,0.1970506988441928,-5196.599385595631,0.9626992725584275,2.3597952420492883,2.5795264181101576,2.511877067257983,-0.04069888440285478,15.124432922877512,2.44129473260957,2.5347410027043895,2.0457122994425494,3.3322966838495365,15.31544916015685,Drug Manufacturers—Specialty & Generic,Healthcare,DRRX
2020Q1,2020,Q1,2020-05-11,2020-03-31,-9948000.0,2775000.0,-9614000.0,-0.005082122148713888,1543000.0,0.556036036036036,74123000.0,14074000.0,61023000.0,23752000.0,60049000.0,3310000.0,-499150000.0,30340475000.0,30330356000.0,0.007189966538098036,2.5691731222633885,0.3029828798078869,1.5957083984652551,-0.2247732161226971,0.007189966538098036,-0.7068352991331533,10933.504504504504,-762.4767541214314,2155.781938325991,0.0,0.3722054380664653,0.0,0.03743777235136193,2.2771556079488042,-0.13420935472120665,-2334.4214049396014,0.556036036036036,-1.3204193779501245,-0.19165449344446628,-0.6620157810915601,-0.4712970195348693,-0.8338716623600344,-1.3512172063342,-1.4277777777777778,0.1117560358394626,-0.5597863877398709,2.1402682617812534,Drug Manufacturers—Specialty & Generic,Healthcare,DRRX
2019Q4,2019,Q4,2020-03-05,2019-12-31,-4231000.0,10685000.0,-3960000.0,-0.002190173981913335,9288000.0,0.8692559663079082,86020000.0,22860000.0,71829000.0,36768000.0,63160000.0,3383000.0,-489202000.0,73408780000.0,73396161000.0,0.011833461882897387,1.9535737597911227,0.2593001627528482,0.9757217847769029,-0.07655872402126632,0.011833461882897387,-0.18508311461067367,6870.264857276556,-4337.554951548098,3211.232720909886,0.0,0.4129470883830919,0.0,0.12421529876772844,1.8218831592689295,-0.049186235759125785,18808.296182423775,0.8692559663079082,-1.1135619161439947,0.5809319628142391,0.4725712909937934,-0.27359225289625416,-0.07416267942583732,-1.1261306532663315,-1.314436002337814,0.6529030369555663,1.1960142193966228,0.9817429641164063,Drug Manufacturers—Specialty & Generic,Healthcare,DRRX
2019Q3,2019,Q3,2019-11-05,2019-09-30,-1990000.0,10763000.0,-1711000.0,-0.0010362478454897183,10032000.0,0.9320821332342284,88257000.0,22006000.0,73742000.0,40693000.0,66251000.0,3618000.0,-484971000.0,35335176000.0,35318429000.0,0.011459130697410422,1.8121544245939105,0.2603646169708918,1.0442152140325365,-0.032999672124824006,0.011459130697410422,-0.09042988275924747,3283.0229489919166,-4439.092462311557,1605.7064436971732,0.0,0.20204532891100055,0.0,0.12195066680263322,1.6994077605484972,-0.022547786577835186,1880.631007504391,0.9320821332342284,0.7643328357038265,0.8365235738168632,0.4726463610165141,-0.4563812497084155,2.2298776561493883,0.724643697246437,0.7472673559822748,0.8381648844294233,1.0653433442073017,0.22119468012509608,Drug Manufacturers—Specialty & Generic,Healthcare,DRRX
2019Q2,2019,Q2,2019-08-02,2019-06-30,-7227000.0,3985000.0,-6770000.0,-0.004397081997335101,3106000.0,0.7794228356336261,59987000.0,22894000.0,45082000.0,10579000.0,37093000.0,3665000.0,-482981000.0,9988096430.0,9973977430.0,0.013929264597618627,4.26146138576425,0.3804824378615367,0.9969424303310911,-0.12803782505910166,0.013929264597618627,-0.31567222853149296,2506.4231944792973,-345.5132292099073,436.2757242072159,0.0,0.2398362892223738,0.0,0.06643106006301365,3.788732394366197,-0.12047610315568373,-1658.050536188579,0.7794228356336261,0.00038230290316415577,0.1124765307679041,-0.4147898455585121,-0.3855340967250383,0.03706176961602671,-0.013604488078541374,-0.00894187779433681,0.35213528485681217,0.019993890202604944,-0.03456137681926463,Drug Manufacturers—Specialty & Generic,Healthcare,DRRX
2019Q1,2019,Q1,2019-05-07,2019-03-31,-7130000.0,4131000.0,-6710000.0,-0.004398763657451678,2995000.0,0.7250060518034375,51745000.0,14358000.0,36474000.0,9743000.0,37387000.0,3410000.0,-475754000.0,9903760100.0,9898788100.0,0.008857987180040841,3.743610797495638,0.4380906367765001,1.5788410642150716,-0.15090181262087887,0.008857987180040841,-0.49658726842178574,2397.4243766642458,-347.2566654978962,689.7729558434323,0.0,0.33313782991202345,0.0,0.07983380036718524,3.1664784973827365,-0.1377910909266596,-1730.8214085983923,0.7250060518034375,0.023461209681504468,-0.34978506586492214,-0.5526215578359897,-0.6701418750026119,0.1819258089976322,0.02315385669269763,0.02640742890307603,0.3157099057640537,-0.13718103908974186,0.05808163118991663,Drug Manufacturers—Specialty & Generic,Healthcare,DRRX
2018Q4,2018,Q4,2019-03-08,2018-12-31,-7299000.0,3627000.0,-6892000.0,-0.004504443347321649,2534000.0,0.6986490212296664,49999000.0,20000000.0,41740000.0,7662000.0,29999000.0,3421000.0,-468624000.0,7828152400.000001,7819712400.000001,0.012342631449024932,5.4476637953536935,0.4106682133642673,1.02665,-0.17003429304517306,0.012342631449024932,-0.36495,2158.29953129308,-268.12414029319086,391.40762000000007,0.0,0.31949722303420053,0.0,0.07254145082901658,4.707909162098669,-0.14598291965839316,-1279.318908318353,0.6986490212296664,-1.6877673338961392,0.06010815049297909,-0.444637942474992,-0.5724574498618414,-0.6443009545199326,-1.6883977900552487,-2.012237762237762,0.07149897721923988,-0.4780695529616893,-0.0008215649580925053,Drug Manufacturers—Specialty & Generic,Healthcare,DRRX
2018Q3,2018,Q3,2018-11-08,2018-09-30,-2715000.0,8036000.0,-2288000.0,-0.0016759052357378304,7124000.0,0.8865107018417123,56860000.0,26094000.0,49268000.0,18130000.0,30766000.0,3485000.0,-461325000.0,17496216000.0,17477889000.0,0.01610720855298083,2.717484831770546,0.3498065423848048,0.7622441940676018,-0.04975643702157272,0.01610720855298083,-0.10404690733501955,2177.229467396715,-1611.0696132596686,670.507243044378,0.0,0.2616929698708752,0.0,0.14132958142806895,2.3669608383894096,-0.047748856841364755,-16521.45042492918,0.8865107018417123,0.6136621307870719,0.7161644160509356,0.7062817743823296,-0.32004226853305356,2.0588235294117645,0.6127513906718015,0.653700620553958,0.6887342523240311,0.26006282818866505,0.1274297380403121,Drug Manufacturers—Specialty & Generic,Healthcare,DRRX
2018Q2,2018,Q2,2018-08-02,2018-06-30,-7011000.0,3413000.0,-6607000.0,-0.004337926383328899,2329000.0,0.6823908584822737,57398000.0,28269000.0,49818000.0,13848000.0,29129000.0,3263000.0,-458610000.0,25212876000.0,25195399000.0,0.01749092011557904,3.597487001733102,0.3460225094951044,0.7025717216739185,-0.13727404944940785,0.01749092011557904,-0.24801018783826806,7387.30618224436,-899.0470688917416,891.8913297251406,0.0,0.33220962304627644,0.0,0.05946200216035402,3.167533217793183,-0.12214711313983066,-4235.322694439778,0.6823908584822737,0.19715162158464616,0.14039077456576382,-0.45048653787014536,-0.3917285979248404,0.00648228176318064,0.15499578160781005,0.15640960163432074,0.05921320546731204,-0.4350776088851378,-0.09107196508999547,Drug Manufacturers—Specialty & Generic,Healthcare,DRRX
2018Q1,2018,Q1,2018-05-09,2018-03-31,-8297000.0,3488000.0,-7832000.0,-0.005403170137667852,2314000.0,0.6634174311926605,59679000.0,30395000.0,52008000.0,11292000.0,29284000.0,3254000.0,-451599000.0,32861411999.999996,32841919999.999996,0.019793823832037406,4.605738575982997,0.3323279545568793,0.6525086362888634,-0.15592896392450425,0.019793823832037406,-0.2729725283763777,9421.276376146789,-990.15945522478,1081.1453199539396,0.0,0.36078672403196066,0.0,0.05844601953786089,4.0695182430038965,-0.13902712847065132,-4895.919547079857,0.6634174311926605,-1.9891639669516303,-0.06208832104136294,-0.44276896410748096,-0.39852822541404115,-0.8747632191373058,-2.0075288403157256,-1.9138856476079347,-0.26693373063185216,-0.4584629909368959,0.4555079775890356,Drug Manufacturers—Specialty & Generic,Healthcare,DRRX
2017Q4,2017,Q4,2018-03-08,2017-12-31,8235000.0,19538000.0,8570000.0,0.005462360456092174,18477000.0,0.9456955676118334,53113000.0,21488000.0,45358000.0,15828000.0,31625000.0,3163000.0,-443772000.0,13774273040.0,13764813040.0,0.014380169713842117,2.8656810715188272,0.3749552840170956,0.9267963514519731,0.20698983165471102,0.014380169713842117,0.3832371556217424,704.9991319479988,418.1625088038858,641.021641846612,0.0,0.33544103699019917,0.0,0.3678572100992224,2.4725170583775586,0.1550467870389547,-1856.3710296495956,0.9456955676118334,0.35763478624375694,2.0210361042021803,3.0837332287289785,-0.5967449091365642,0.04738960376395896,0.3475699558173785,0.39918367346938777,2.0544780459789695,2.4810826459255733,-0.11726029219744007,Drug Manufacturers—Specialty & Generic,Healthcare,DRRX
2017Q3,2017,Q3,2017-11-02,2017-09-30,6111000.0,20746000.0,6125000.0,0.0040234387859235604,17641000.0,0.8503325942350333,57754000.0,10039000.0,49878000.0,29782000.0,47715000.0,3155000.0,-452007000.0,26056701000.0,26041313000.0,0.006819370571892428,1.674769995299174,0.34454756380510443,1.982169538798685,0.20458948493553344,0.006819370571892428,0.6087259687219843,1255.9867444326617,1065.9753313696613,2595.547464886941,0.0,0.9841521394611727,0.0,0.3592132146691138,1.472231549257941,0.10581085292793573,9840.143882175227,0.8503325942350333,1.577685883988372,1.7577212974339937,2.227544520485642,-0.7942949912577825,4.196170839469809,1.6155938349954668,1.6540309663641217,1.6548737988372177,2.70290674283854,-0.6764904942654051,Drug Manufacturers—Specialty & Generic,Healthcare,DRRX
2017Q2,2017,Q2,2017-08-09,2017-06-30,-9927000.0,4319000.0,-9365000.0,-0.006964751775039991,3395000.0,0.7860615883306321,49933000.0,-1838000.0,42013000.0,27497000.0,51771000.0,3714000.0,-458118000.0,22234992000.0,22224471000.0,-0.001289534981618163,1.5279121358693675,0.39821360623235136,-10.818280739934712,-0.5189515682145628,-0.001289534981618163,5.400979325353645,5148.1805973605005,-559.9625264430341,-12097.384113166485,0.0,0.24878836833602586,0.0,0.08649590451204614,1.267229152271157,-0.19880640057677287,1781.2218216774813,0.7860615883306321,-0.21728650847583975,-0.4097185420449477,-0.446515234060545,-1.034486016259033,0.12268518518518519,-0.22344096623120532,-0.2376106779437029,-0.4057915366304706,-0.2686119795075771,-1.056885650475771,Drug Manufacturers—Specialty & Generic,Healthcare,DRRX
2017Q1,2017,Q1,2017-05-10,2017-03-31,-8114000.0,4567000.0,-7567000.0,-0.005721538624264006,3024000.0,0.6621414495292315,33097000.0,3247000.0,25121000.0,7502000.0,29850000.0,3462000.0,-448191000.0,14890575000.0,14906172000.0,0.0022896026513415367,3.348573713676353,0.6003263135631628,6.119186941792424,-0.3273490223222011,0.0022896026513415367,-2.498922081921774,3260.4718633676375,-458.79267315750553,4585.948567908838,0.0,0.4456961294049682,0.0,0.1379883373115388,2.4998667022127434,-0.24515817143547752,-1632.2015784281487,0.6621414495292315,0.09325528619029766,-1.1624780375420678,-0.9315440754116993,-0.9442798011572253,0.18032786885245902,0.07910566337532629,0.0841200677801985,-0.7556859131811006,-0.43468878438173103,-0.9147386395791683,Drug Manufacturers—Specialty & Generic,Healthcare,DRRX
2016Q4,2016,Q4,2017-03-15,2016-12-31,-8811000.0,3517000.0,-8262000.0,-0.006309977369732734,2562000.0,0.7284617571794143,40508000.0,8338000.0,32426000.0,28750000.0,32170000.0,3782000.0,-440077000.0,18711224000.0,18725673000.0,0.00597123950843622,1.1278608695652175,0.4901007208452651,2.3810266250899494,-0.29307225710333085,0.00597123950843622,-1.0567282321899736,5320.222917259028,-530.9052320962434,2244.0901894938834,0.0,0.25251189846641986,0.0,0.08682235607781179,0.9098434782608695,-0.21751259010565815,-2502.5042129196204,0.7284617571794143,0.014544714063241404,-1.5828407836051939,-0.7533063637533692,0.5029250915768977,0.6391554702495201,0.002377717391304348,0.002776101388050694,-0.31663245446564436,-0.37507794388582544,-0.7931592644999353,Drug Manufacturers—Specialty & Generic,Healthcare,DRRX
2016Q3,2016,Q3,2016-11-01,2016-09-30,-8832000.0,3743000.0,-8285000.0,-0.006403108755700231,1563000.0,0.4175794816991718,43575000.0,12943000.0,34500000.0,7130000.0,30632000.0,3641000.0,-431266000.0,19172687000.0,19209565000.0,0.009383541284536695,4.838709677419355,0.4552610441767068,1.5327203893996755,-0.2527378664470272,0.009383541284536695,-0.6823765742099976,5122.278119155758,-542.7051347373189,1481.3170825929074,0.0,0.598736610821203,0.0,0.08589787722317843,4.0694249649368865,-0.20268502581755593,-3281.870421088668,0.4175794816991718,0.05656791650537046,-0.1143320610666372,-0.7075693196325742,0.9922085101547318,-0.303475935828877,0.02019081428888396,0.024835216572504707,-0.08444682551719847,-0.06656765677164624,-0.6038785104213953,Drug Manufacturers—Specialty & Generic,Healthcare,DRRX
2016Q2,2016,Q2,2016-08-02,2016-06-30,-9014000.0,3157000.0,-8496000.0,-0.006787037315905189,2244000.0,0.710801393728223,50490000.0,19162000.0,41273000.0,7689000.0,31328000.0,4157000.0,-422434000.0,16203064000.0,16239303000.0,0.014427913140378881,5.367798153205879,0.39120617944147357,1.030790105416971,-0.21832759418204245,0.014427913140378881,-0.47041018682809727,5132.424453595186,-449.38606611936984,845.5831332846258,0.0,0.21962954053403896,0.0,0.06252723311546841,4.475744570165171,-0.17853040205981383,-2083.1915659552583,0.710801393728223,-0.05581994536487898,-0.1310089791408525,-0.7347591280297383,0.7020614389548868,-0.05156382079459002,-0.1479877738155884,-0.16049719983608796,-0.3449282847537369,-0.38144673621793834,-0.4982489830766489,Drug Manufacturers—Specialty & Generic,Healthcare,DRRX
2016Q1,2016,Q1,2016-05-06,2016-03-31,-7852000.0,3608000.0,-7321000.0,-0.00642821472136489,2366000.0,0.6557649667405765,41199000.0,10226000.0,32937000.0,8290000.0,30973000.0,4007000.0,-413420000.0,16490115000.0,16505980000.0,0.00837174270767669,3.9731001206272616,0.4786038496080002,1.9282221787600236,-0.24448971413304835,0.00837174270767669,-0.7678466653628007,4570.43098669623,-525.0291327050433,1612.5674750635635,0.0,0.30995757424507114,0.0,0.08757494113934804,3.106875753920386,-0.1905871501735479,-2599.734352829891,0.6557649667405765,-0.32504806548196086,0.11752351937468307,-0.7004004289386012,-0.3146322832092451,-0.43315764254911354,-0.34337040205303676,-0.37380371551885905,-0.2635789003036396,-0.27538406399354404,-0.7456091867093746,Drug Manufacturers—Specialty & Generic,Healthcare,DRRX
2015Q4,2015,Q4,2016-03-01,2015-12-31,-5845000.0,5167000.0,-5329000.0,-0.004851306823369272,4174000.0,0.8078188503967486,46772000.0,14883000.0,38321000.0,7447000.0,31889000.0,3917000.0,-405568000.0,26626743000.0,26668301000.0,0.012352780060257463,5.145830535786223,0.4208500812451894,1.3225828126049854,-0.15416437642838546,0.012352780060257463,-0.39272996035745483,5153.230694793884,-1138.868391787853,1789.0709534368073,0.0,0.25351033954557056,0.0,0.11047207731121184,4.197932053175776,-0.12496792953048833,-4460.838163846541,0.8078188503967486,0.09896716509942961,0.20358625568954794,-0.5594825049983609,-0.25586586880743506,0.08162736460222855,0.09896716509942963,0.10766912257200267,0.10118932447411387,0.3394358883706853,-0.6535978681238913,Drug Manufacturers—Specialty & Generic,Healthcare,DRRX
2015Q3,2015,Q3,2015-11-03,2015-09-30,-6487000.0,4743000.0,-5972000.0,-0.005384162080957479,3859000.0,0.8136200716845878,48313000.0,17213000.0,39826000.0,6734000.0,31100000.0,3972000.0,-399723000.0,23494185000.0,23535251000.0,0.014286662848700647,5.914166914166914,0.40672282822428746,1.1415790390983558,-0.16200526272956622,0.014286662848700647,-0.376866321965956,4953.444022770398,-905.433366733467,1364.909370824377,0.0,0.22255790533736153,0.0,0.09817233456833564,5.117760617760617,-0.1342702792209136,-4432.028862478777,0.8136200716845878,-0.1676889227201028,-0.006758363543269279,-0.5785315141547878,-0.29856666953932837,0.12869260017548992,-0.1841913106973348,-0.20817317418571718,0.017208257756354078,-0.09840523163857962,-0.5690455482354685,Drug Manufacturers—Specialty & Generic,Healthcare,DRRX
2015Q2,2015,Q2,2015-08-04,2015-06-30,-5478000.0,4441000.0,-4943000.0,-0.004610955860072052,3419000.0,0.7698716505291601,53076000.0,22862000.0,44596000.0,5604000.0,30214000.0,3929000.0,-393236000.0,28394156000.0,28439634000.0,0.019243459816167804,7.9578872234118485,0.37421810234380887,0.8687778846995013,-0.1156960958711731,0.019243459816167804,-0.2396115825387105,6393.640171132628,-1295.8267615918217,1241.980404164115,0.0,0.2601170781369305,0.0,0.08367246966613912,7.048001427551749,-0.10321049061722813,-6833.731889290012,0.7698716505291601,-0.08117556188992167,0.3652901225741681,-0.5560858831900584,-0.18054414644743902,-0.09238120520307937,-0.12878631774160312,-0.11832579185520362,0.06670758952395589,-0.3172140795028033,-0.4853724190811332,Drug Manufacturers—Specialty & Generic,Healthcare,DRRX
2015Q1,2015,Q1,2015-05-01,2015-03-31,-4853000.0,4773000.0,-4420000.0,-0.004264761452813442,3767000.0,0.7892310915566729,45518000.0,15475000.0,36466000.0,7257000.0,30043000.0,3806000.0,-387758000.0,21734463000.0,21752317000.0,0.013599254787201321,5.024941435855037,0.43593743134584123,1.2822617124394184,-0.12514864941389658,0.013599254787201321,-0.3136025848142165,4553.627278441232,-1119.6405831444467,1404.4887237479807,0.0,0.26431949553336836,0.0,0.10485961597609737,4.307289513573102,-0.10661716244123204,-4058.72324929972,0.7892310915566729,0.18398025642935265,0.44160331331077124,-0.5253138150814347,-0.5172400882530227,0.2254391672088484,0.182996632996633,0.1746031746031746,-1.1211090437281321,-0.9108383523321054,-0.6690459890879207,Drug Manufacturers—Specialty & Generic,Healthcare,DRRX
2014Q4,2014,Q4,2015-03-03,2014-12-31,-5940000.0,4269000.0,-5355000.0,-0.005226296895896389,3074000.0,0.7200749590067932,50084000.0,18515000.0,39494000.0,6968000.0,31569000.0,3642000.0,-382905000.0,8969731520.0,9016891520.0,0.01629038502146829,5.667910447761194,0.3958150307483428,1.0706994328922494,-0.13967500456454263,0.01629038502146829,-0.3208209559816365,2101.1317685640665,-377.5139528619529,484.45754901431275,0.0,0.32811641954969795,0.0,0.08523680217235045,4.996842709529277,-0.11860075073875888,-3384.8043471698115,0.7200749590067932,0.17550965974805435,0.47210081092049466,-0.3319768523580921,-0.492407914764033,0.6002082248828735,0.16243654822335024,0.1877749127862885,-1.1392616770228092,-0.6321110316725965,3.100191989556445,Drug Manufacturers—Specialty & Generic,Healthcare,DRRX
2014Q3,2014,Q3,2014-11-04,2014-09-30,-7092000.0,4258000.0,-6593000.0,-0.006338821258111224,1921000.0,0.4511507750117426,52901000.0,23584000.0,37798000.0,6639000.0,29317000.0,3814000.0,-376965000.0,16446654000.0,16490379000.0,0.02107935145957348,5.693327308329568,0.37437855617096083,0.8397642469470827,-0.151950955311254,0.02107935145957348,-0.3007123473541384,3862.5302959135743,-579.7607868020305,697.364908412483,0.0,0.6127425275301521,0.0,0.08048997183418083,5.001807501129688,-0.13406173796336554,-3479.3006134969323,0.4511507750117426,-0.2794513809955421,0.05197116067261929,-0.623958524337758,-0.49366863210546025,-0.4495702005730659,-0.2946330777656079,-0.21016886930983847,-0.1031441174563712,-0.5898745446788886,3.4753320833690236,Drug Manufacturers—Specialty & Generic,Healthcare,DRRX
2014Q2,2014,Q2,2014-08-08,2014-06-30,-5478000.0,4581000.0,-5448000.0,-0.004954327575291671,3490000.0,0.7618423924907225,53438000.0,25065000.0,40554000.0,5777000.0,28373000.0,4554000.0,-369873000.0,20123740000.0,20139151000.0,0.022668897530975854,7.019906525878484,0.3702608630562521,0.7893875922601237,-0.12146886357048896,0.022668897530975854,-0.21855176540993418,4392.8705522811615,-918.3890105878057,802.8621583881907,0.0,0.23956960913482653,0.0,0.08572551367940417,6.101609832092782,-0.10251132153149445,-4658.273148148148,0.7618423924907225,-0.5202629405203341,0.45799339587199356,-0.3022266949372953,-0.32453823354883016,-0.3326959847036329,-0.5216666666666666,-0.5124930594114381,0.17439838438361646,-0.5376975830163444,1.674250667832924,Drug Manufacturers—Specialty & Generic,Healthcare,DRRX
2014Q1,2014,Q1,2014-05-02,2014-03-31,-3600000.0,6293000.0,-3602000.0,-0.0032588622949632474,5230000.0,0.831082154775147,37988000.0,29665000.0,25490000.0,5487000.0,8323000.0,3510000.0,-364395000.0,14692244000.0,14690274000.0,0.026853930550023535,4.645525788226718,0.0,0.0,-0.12142255182875443,0.026853930550023535,-0.12135513231080398,2334.6963292547275,-1020.2947222222223,495.2720040451711,0.0,0.30284900284900285,0.0,0.1656575760766558,3.629670129396756,-0.09476676845319575,-5409.515463917526,0.831082154775147,0.3200096274886099,0.6911949375926866,-0.24146403359919946,-0.3214503725995563,0.6062653562653563,0.29411764705882354,0.29261586802827966,0.5526177245848002,-0.4221889876008193,1.1984451398691878,Drug Manufacturers—Specialty & Generic,Healthcare,DRRX
2013Q4,2013,Q4,2014-02-28,2013-12-31,-5100000.0,4289000.0,-5092000.0,-0.0047925124041497515,3256000.0,0.7591513173233854,40820000.0,30721000.0,28328000.0,7185000.0,10099000.0,3502000.0,-360795000.0,18409968000.0,18402132000.0,0.028868779130957752,3.9426583159359776,0.0,0.0,-0.16574981283161355,0.028868779130957752,-0.16601022102145113,4292.36838423875,-902.449411764706,599.2633052309495,0.0,0.29497430039977157,0.0,0.10507104360607546,3.192484342379958,-0.12493875551200392,-4738.730501930502,0.7591513173233854,0.18832787928125125,0.7858019589551138,-0.5721120447671495,-0.369634791114219,0.7580993520518359,0.15338645418326693,0.10947883875480938,0.21323822891243643,-0.5860007179477705,0.7390614721879499,Drug Manufacturers—Specialty & Generic,Healthcare,DRRX
2013Q3,2013,Q3,2013-11-05,2013-09-30,-6024000.0,2966000.0,-5718000.0,-0.005904493060456363,1852000.0,0.624409979770735,32224000.0,24168000.0,23120000.0,5061000.0,8056000.0,3155000.0,-355695000.0,13671216000.0,13661658000.0,0.02368854387203011,4.5682671408812485,0.0,0.0,-0.23659384309831183,0.02368854387203011,-0.24925521350546176,4609.310856372218,-567.3645418326694,565.6742800397219,0.0,0.3530903328050713,0.0,0.09204319761668321,3.6583679114799446,-0.18694141012909632,-3476.0274599542336,0.624409979770735,-0.1700421486603849,0.4729139417191781,-0.6416271268855123,-0.5113939090721472,-0.35828135828135826,-0.17084548104956268,-0.10878417684700407,-0.10405253068468749,-0.6887520102248287,0.1630381704873096,Drug Manufacturers—Specialty & Generic,Healthcare,DRRX
2013Q2,2013,Q2,2013-08-06,2013-06-30,-5145000.0,3918000.0,-5157000.0,-0.005046393471565608,2886000.0,0.7366003062787136,36640000.0,29317000.0,27760000.0,5124000.0,7323000.0,3151000.0,-349671000.0,10297354000.0,10289365000.0,0.028755124860231084,5.4176424668227945,0.0,0.0,-0.175904765153324,0.028755124860231084,-0.17549544632806904,2628.216947422154,-500.35733722060246,351.24173687621516,0.0,0.3275150745794986,0.0,0.10693231441048034,4.493559718969555,-0.1404203056768559,-2396.9632216014897,0.7366003062787136,0.008042420843959557,0.5573328764272661,-0.5401068266482266,-0.5367069508496422,0.15671342685370743,0.007331661200077175,0.007314725697786333,0.30535102070357384,-0.5436380696736165,0.22449682185288242,Drug Manufacturers—Specialty & Generic,Healthcare,DRRX
2013Q1,2013,Q1,2013-05-03,2013-03-31,-5183000.0,4153000.0,-5195000.0,-0.005087307741384556,2495000.0,0.6007705273296412,40908000.0,33528000.0,31085000.0,5102000.0,7380000.0,3058000.0,-344526000.0,13448292000.0,13440042000.0,0.03290898204768308,6.0927087416699335,0.0,0.0,-0.1549451204963016,0.03290898204768308,-0.1545872106895729,3238.2114134360704,-648.6731622612386,401.1062992125984,0.0,0.5421844342707652,0.0,0.10152048499071087,5.111328890631125,-0.1266989341938007,-3951.8930355568614,0.6007705273296412,0.05746499363520642,0.5163109190029075,-0.530741494641738,-0.16911378806979072,0.12185251798561152,0.0574649936352064,0.07099427753934191,0.3339051155877474,-0.5386830232586719,0.1682358715695378,Drug Manufacturers—Specialty & Generic,Healthcare,DRRX
2012Q4,2012,Q4,2013-03-01,2012-12-31,-5499000.0,3262000.0,-5592000.0,-0.005397473523031772,2224000.0,0.6817903126916003,45935000.0,36331000.0,36355000.0,6927000.0,9604000.0,3399000.0,-339343000.0,9373052000.0,9361857000.0,0.035660231053876584,5.248303738992349,0.0,0.0,,0.035660231053876584,-0.15135834411384216,2873.406499080319,-426.12529550827423,257.9904764526162,0.0,0.3053839364518976,0.0,0.071013388483727,4.43164429045763,-0.11971263742244476,-2454.321026446714,0.6817903126916003,0.014778469211495948,0.445260081524818,-0.6396459796989322,-0.23574023189151408,-0.20315299175922608,-0.14490943160524672,-0.16306156405990016,0.4548105565675347,-0.4305593298863466,0.11113709201958005,Drug Manufacturers—Specialty & Generic,Healthcare,DRRX
2012Q3,2012,Q3,2012-11-06,2012-09-30,-4803000.0,3828000.0,-4808000.0,-0.00547843642709676,2791000.0,0.7291013584117032,36613000.0,29064000.0,24786000.0,5329000.0,7549000.0,3291000.0,-333844000.0,12624624000.0,12618339000.0,0.03315121305790968,4.651154062675924,0.0,0.0,,0.03315121305790968,-0.1652559867877787,3297.9686520376176,-657.1217988757027,434.373245251858,0.0,0.3151017927681556,0.0,0.10455302761314288,3.8581347344717583,-0.13118291317291672,-4536.336327703917,0.7291013584117032,-0.10887705149383169,0.515858298237218,-0.383340825122546,-0.23626666262652593,-0.2411636759108211,-0.10975046210720887,-0.10452561451872272,0.18064960095483856,-0.5685740329905188,-0.20369945502515116,Drug Manufacturers—Specialty & Generic,Healthcare,DRRX
2012Q2,2012,Q2,2012-08-07,2012-06-30,-4328000.0,4796000.0,-4353000.0,-0.004940526471998356,3678000.0,0.7668890742285238,40230000.0,32757000.0,26034000.0,5148000.0,7473000.0,3177000.0,-329041000.0,7969153940.0,7964997940.0,0.03739298189539052,5.057109557109557,0.0,0.0,,0.03739298189539052,-0.13212443141923863,1661.6250917431194,-460.3254355360444,243.280945752053,0.0,0.3519043122442556,0.0,0.11921451652995277,4.202020202020202,-0.10758140691026596,-2949.3537897853444,0.7668890742285238,-1.1403328106977042,-6.154377415525969,-0.7172786542481462,-0.18796318330926776,-0.9074111368442251,-1.1403872976742677,-1.1412852969814995,0.45950324539557674,-0.0779456495500132,0.11419311721816244,Drug Manufacturers—Specialty & Generic,Healthcare,DRRX
2012Q1,2012,Q1,2012-05-04,2012-03-31,30829000.0,41185000.0,30810000.0,0.03520578293440526,39724000.0,0.9645259196309336,43703000.0,35974000.0,30301000.0,5300000.0,7729000.0,3233000.0,-324714000.0,7003760000.0,6996223000.0,0.041091071081818906,5.717169811320755,0.0,0.0,,0.041091071081818906,0.8569800411408239,170.05608838169238,56.7952252749035,194.68949797075666,0.0,0.45190225796473865,0.0,0.9423838180445279,4.826415094339622,0.7054206805024826,-1579.5579612088409,0.9645259196309336,15.410658969698511,3.780787274857576,4.687835962696566,-0.06016850835329723,3.9605394605394606,15.41955098222638,15.27049559981473,4.336849128591652,5.264014281234316,0.038296085562376965,Drug Manufacturers—Specialty & Generic,Healthcare,DRRX
2011Q4,2011,Q4,2012-03-02,2011-12-31,-2138000.0,8935000.0,-2159000.0,-0.0024430376853989077,8008000.0,0.8962506994963626,49196000.0,3477000.0,37301000.0,14891000.0,45719000.0,3252000.0,-355543000.0,10326652000.0,10317756000.0,0.003973078593139384,2.5049358673023976,0.0,0.0,,0.003973078593139384,-0.6148979004889272,1155.752881925014,-1207.5130963517306,2969.9890710382515,0.0,0.28505535055350556,0.0,0.18162045694771933,2.1654690752803707,-0.04345881779006423,-2335.8181406921512,0.8962506994963626,0.5748385162425185,0.8265470803016595,0.299088987204009,-0.9257236433134498,0.17505502567865003,0.5745273631840796,0.5694056641404068,0.890810113301289,0.08392184265051068,-0.9132457072076798,Drug Manufacturers—Specialty & Generic,Healthcare,DRRX
2011Q3,2011,Q3,2011-11-07,2011-09-30,-5025000.0,8115000.0,-5014000.0,-0.005746140651801029,6815000.0,0.8398028342575478,53249000.0,4119000.0,40409000.0,16402000.0,49130000.0,3134000.0,-353405000.0,14079450000.000002,14072419000.000002,0.0047101200686106345,2.4636629679307402,0.0,0.0,,0.0047101200686106345,-1.2199563000728333,1734.9907578558227,-700.4701492537314,3418.17188638019,0.0,0.4148053605615826,0.0,0.15239722811695994,2.1646140714547006,-0.09436796935153711,-5975.997453310697,0.8398028342575478,0.04244866057194065,0.5401480728289536,0.24151999150051343,-0.927180731667891,0.00992886781268524,0.04194470924690181,0.05163608851900889,0.4870498456897322,0.14391838188943984,-0.9028478336635116,Drug Manufacturers—Specialty & Generic,Healthcare,DRRX
2011Q2,2011,Q2,2011-08-05,2011-06-30,-5245000.0,7833000.0,-5287000.0,-0.006000869525422178,6748000.0,0.8614834673815907,54344000.0,7409000.0,42539000.0,15769000.0,46935000.0,3265000.0,-348380000.0,17743012000.0,17737526000.0,0.008476728753832777,2.697634599530725,0.0,0.0,,0.008476728753832777,-0.7079227965987313,2265.1617515638964,-845.7107721639657,2394.7917397759484,0.0,0.332312404287902,0.0,0.14413734726924776,2.411249920730547,-0.09651479464154276,-3793.67372247167,0.8614834673815907,0.17619021003052784,0.5589034577918927,-0.057936520013785076,-0.893619224600809,-0.06316812439261418,0.17492527921975776,0.1730017206319412,0.47360671205652416,0.07249090705644734,-0.8634257534866381,Drug Manufacturers—Specialty & Generic,Healthcare,DRRX
2011Q1,2011,Q1,2011-05-06,2011-03-31,-6357000.0,8604000.0,-6393000.0,-0.00728429013406669,7203000.0,0.8371687587168759,59945000.0,10660000.0,47793000.0,16132000.0,49285000.0,2956000.0,-343135000.0,31417200000.0,31412370000.0,0.012214965050991176,2.9626208777584924,0.0,0.0,,0.012214965050991176,-0.5963414634146341,3651.4644351464435,-1235.5356300141575,2947.2045028142593,0.0,0.47395128552097426,0.0,0.14353157060638919,2.6151128192412596,-0.10604720994244725,-3740.5881652577687,0.8371687587168759,-0.19582392776523697,0.28021948063233953,0.1699377767328401,-0.8060951907742102,-0.015849159721273397,-0.19582392776523702,-0.035639073384092015,0.30742707542516406,0.13495553376303956,-0.6915964758383494,Drug Manufacturers—Specialty & Generic,Healthcare,DRRX
2010Q4,2010,Q4,2011-03-03,2010-12-31,-5316000.0,8496000.0,-6173000.0,-0.006091440357511173,7319000.0,0.8614642184557438,67560000.0,14487000.0,54845000.0,17909000.0,53073000.0,2836000.0,-336778000.0,30108150000.0,30097713000.0,0.016600206256445513,3.0624267128259532,0.0,0.0,,0.016600206256445513,-0.366949679022572,3543.802966101695,-1415.9212753950337,2078.2874301097536,0.0,0.41502115655853317,0.0,0.12575488454706926,2.748562175442515,-0.07868561278863233,-8106.6639741518575,0.8614642184557438,-0.13900889938640149,0.3764668144555233,0.04224724301027762,-0.7632157791382587,0.008543475265261127,-0.14396384764364106,-0.31592410999786824,0.3739357658906871,0.09569111961855878,-0.6442291760550747,Drug Manufacturers—Specialty & Generic,Healthcare,DRRX
2010Q3,2010,Q3,2010-11-04,2010-09-30,-4647000.0,8116000.0,-4691000.0,-0.005348018229526309,7257000.0,0.8941596845736817,69825000.0,17698000.0,54673000.0,14915000.0,52127000.0,2964000.0,-331462000.0,22070568000.0,22058430000.0,0.02036781291718455,3.665638618840094,0.0,0.0,,0.02036781291718455,-0.2625720420386484,2719.389847215377,-1187.3557133634602,1247.0656571363995,0.0,0.2898110661268556,0.0,0.11623344074471895,3.354542406972846,-0.06655209452201934,-5273.731899641577,0.8941596845736817,0.263831600660624,0.06274737628228504,-0.4281620423268006,-0.011914922666571482,0.12476751394916305,0.263433190679981,0.25962752525252525,0.5273836465647614,0.31914177359341095,-0.530768973459074,Drug Manufacturers—Specialty & Generic,Healthcare,DRRX
2010Q2,2010,Q2,2010-08-05,2010-06-30,-6309000.0,7313000.0,-6336000.0,-0.007264666935344579,6452000.0,0.882264460549706,74535000.0,20394000.0,62179000.0,14857000.0,54141000.0,2852000.0,-326815000.0,21103335000.0,21082062000.0,0.023483217226092465,4.185165241973481,0.0,0.0,,0.023483217226092465,-0.30935569285083847,2885.72883905374,-836.2393009985735,1034.7815533980581,0.0,0.3018934081346424,0.0,0.0981149795398135,3.8738641717708826,-0.08464479774602536,997.0864635010631,0.882264460549706,0.048817620521046906,-0.03646962714879191,-0.5030335015043459,0.19428474395782155,0.02608142493638677,0.04784183519468759,0.04506405425772419,-9.519965705704411,-0.5651452679842721,-0.4900316584732232,Drug Manufacturers—Specialty & Generic,Healthcare,DRRX
2010Q1,2010,Q1,2010-05-10,2010-03-31,-6626000.0,7666000.0,-6635000.0,-0.007637512102909309,6288000.0,0.8202452387164101,53751000.0,24439000.0,43388000.0,12435000.0,29312000.0,2651000.0,-320506000.0,26113556000.0,26110027000.0,0.028169809580893542,3.4891837555287495,0.0,0.0,,0.028169809580893542,-0.2711240230778673,3406.4122097573704,-985.2684877754302,1068.5198248700847,0.0,0.5198038476046775,0.0,0.14262060240739707,3.1383192601527945,-0.12327212516976428,-4534.390692828616,0.8202452387164101,0.22854814297357084,0.26978516586759665,-0.14365357425691713,0.1246898351214398,0.5480059084194978,0.22854814297357084,0.23179344679865693,0.39688308384109233,0.06836230379388997,-0.3557025051720107,Drug Manufacturers—Specialty & Generic,Healthcare,DRRX
2009Q4,2009,Q4,2010-03-04,2009-12-31,-8589000.0,4878000.0,-8637000.0,-0.009900179814652589,4062000.0,0.8327183271832719,58151000.0,27843000.0,47053000.0,12257000.0,30308000.0,2799000.0,-313880000.0,21428732000.0,21453787000.0,0.03209345751302504,3.8388675858692993,0.008735877284999399,0.01824516036346658,,0.03209345751302504,-0.3084796896886111,4392.933989339894,-623.7260449412039,769.6272671766691,0.0,0.2915326902465166,0.0,0.0838850578665887,3.4935954964510074,-0.14770167323003905,-3849.2423208191126,0.8327183271832719,-0.4806626652877253,0.2613019412670709,-0.27481167321283606,-0.09448981512869484,-0.26731601731601734,-0.5517615176151761,-0.5401212553495007,0.29709840144783783,-0.2845749298433558,-0.400015619711537,Drug Manufacturers—Specialty & Generic,Healthcare,DRRX
2009Q3,2009,Q3,2009-11-02,2009-09-30,-5535000.0,8378000.0,-5608000.0,-0.006686316908469335,5544000.0,0.6617331105275722,65464000.0,34463000.0,52637000.0,12074000.0,31001000.0,2882000.0,-305291000.0,22102527000.0,22084594000.0,0.04163153380606661,4.3595328805698195,0.0,0.0,,0.04163153380606661,-0.16060702782694483,2638.162687992361,-998.3074525745258,641.3407712619331,0.0,0.9833448993754337,0.0,0.12797873640474153,4.0363591187676,-0.08455028718074056,-4898.609707446809,0.6617331105275722,0.2685126555302954,0.524129483938553,0.554043175881481,-0.1504339053082695,0.3722772277227723,0.26278636121470433,0.26239642246481654,0.46490768285105244,0.3540499778852898,-0.35636930966911173,Drug Manufacturers—Specialty & Generic,Healthcare,DRRX
2009Q2,2009,Q2,2009-08-04,2009-06-30,-7508000.0,4877000.0,-7603000.0,-0.009140714407460615,4040000.0,0.8283781012917777,61824000.0,27566000.0,43013000.0,14092000.0,34258000.0,2737000.0,-299756000.0,19548844000.0,19564313000.0,0.03356059314811658,3.052299176837922,0.009931418219461698,0.022273815569904955,,0.03356059314811658,-0.2723645070013785,4008.3748205864263,-650.9338039424614,709.1650584052819,0.0,0.30580928023383264,0.0,0.07888522256728779,2.642563156400795,-0.12144151138716357,-3595.520323707927,0.8283781012917777,0.13383916607770094,0.3679588891620533,-0.009197176244097235,-0.46389002130894513,-0.24287856071964017,0.13262476894639558,0.13837262012692655,0.3281077848198928,-0.37584567854666867,-0.5788231491612679,Drug Manufacturers—Specialty & Generic,Healthcare,DRRX
2009Q1,2009,Q1,2009-05-07,2009-03-31,-8656000.0,6160000.0,-8824000.0,-0.010553137534593955,5336000.0,0.8662337662337662,68407000.0,32461000.0,51209000.0,15376000.0,35946000.0,2639000.0,-292248000.0,18291129000.0,18286895000.0,0.039575484924960075,3.3304500520291365,0.009750464133787478,0.02054773420412187,,0.039575484924960075,-0.26665845168047814,2969.3391233766233,-528.2789105822551,563.4801454052555,0.0,0.3122394846532778,0.0,0.09004926396421419,2.953759105098855,-0.12653675793412955,-3224.8111777150916,0.8662337662337662,0.5283347863993025,0.09930116307415475,0.1342563406441589,-0.48589579689908297,-0.24150675195451315,0.5283347863993025,0.5255403806860953,-0.0427842213593583,-0.10880569786870486,-0.3717643216858972,Drug Manufacturers—Specialty & Generic,Healthcare,DRRX
2008Q4,2008,Q4,2009-03-10,2008-12-31,-18352000.0,7726000.0,-18598000.0,-0.022374212111237093,7035000.0,0.9105617395806368,74874000.0,37564000.0,60284000.0,16883000.0,37310000.0,3474000.0,-283592000.0,27805797000.0,27798468000.0,0.045796910622630235,3.5706924124859327,0.008761385794801934,0.01746352891065914,,0.045796910622630235,-0.4885528697689277,3598.9900336526016,-378.7842878160418,740.2246033436269,0.0,0.1989061600460564,0.0,0.10318668696743863,3.255345613931173,-0.24510510991799556,2095.545783404929,0.9105617395806368,-0.9973154592783083,-1.1750508080906734,0.5513942154268776,-0.4810326368898707,0.22050659264399722,-1.0032747516646654,-0.9585088458298231,-1.2902733890458005,0.008417285530647911,-0.34675596000839964,Drug Manufacturers—Specialty & Generic,Healthcare,DRRX
2008Q3,2008,Q3,2008-11-04,2008-09-30,-9161000.0,6634000.0,-9496000.0,-0.011202142359285391,5764000.0,0.8688574012662044,60231000.0,39648000.0,44520000.0,14310000.0,20583000.0,2830000.0,-265240000.0,45796240000.0,45773155000.0,0.04848188410227564,3.111111111111111,0.0,0.0,,0.04848188410227564,-0.23105831315577077,6903.261983720229,-1249.7609431284793,1155.0706214689267,0.0,0.30742049469964666,0.0,0.11014261758894921,2.816911250873515,-0.15209775696900268,-5279.714088079318,0.8688574012662044,0.017353647911504743,0.11804470482665061,0.39209256199169285,-0.5116310687691814,0.08325502725051682,-0.06535643679497616,-0.09615606602793489,-0.9632014826601549,-0.5033568995997549,1.3519572964090818,Drug Manufacturers—Specialty & Generic,Healthcare,DRRX
2008Q2,2008,Q2,2008-08-08,2008-06-30,-8599000.0,6303000.0,-8663000.0,-0.011399973485350656,5321000.0,0.844201174044106,68880000.0,46817000.0,49760000.0,14432000.0,22063000.0,2653000.0,-256079000.0,27682810000.000004,27651365000.000004,0.06206681691634628,3.4478935698447892,0.0,0.0,,0.06206681691634628,-0.18367259756071513,4392.005394256704,-804.8264333061985,591.2982463635005,0.0,0.370147003392386,0.0,0.09150696864111499,3.1446784922394677,-0.12484030197444831,-4470.7380490956075,0.844201174044106,-0.08388227699781045,-0.12070028630223989,0.3133164937690575,-0.43762255391379107,-0.05252849002849003,-0.10314304041051957,-0.09547293879615579,-0.6264649670834582,-0.5068494082917312,2.1565288450704267,Drug Manufacturers—Specialty & Generic,Healthcare,DRRX
2008Q1,2008,Q1,2008-05-08,2008-03-31,-7795000.0,6438000.0,-7908000.0,-0.010517722936596818,5616000.0,0.8723205964585274,75271000.0,29354000.0,54587000.0,36915000.0,45917000.0,2437000.0,-247480000.0,38909325000.0,38899011000.0,0.03960708647605683,1.4787213869700664,0.3135204793346707,0.8039449478776317,,0.03960708647605683,-0.2655515432309055,6043.697576887232,-1247.893681847338,1325.5203720106288,0.0,0.3372999589659417,0.0,0.08553094817393153,1.3632940539076257,-0.10355913964209323,-4442.210868820642,0.8723205964585274,-0.0809873803910691,0.10541349609529563,0.6869632873093728,-0.6699760622004527,-0.028037383177570093,-0.0809873803910692,-0.13068344295110093,-0.005588888909524773,-0.15814601193975816,0.5813272514490311,Drug Manufacturers—Specialty & Generic,Healthcare,DRRX
2007Q4,2007,Q4,2008-03-13,2007-12-31,-7211000.0,6585000.0,-6994000.0,-0.009729737023194312,5778000.0,0.8774487471526196,84020000.0,34581000.0,64788000.0,39088000.0,49439000.0,1963000.0,-239685000.0,47654659000.0,47641151000.0,0.046659830259198794,1.65749079001228,0.28661033087360155,0.6963650559555825,,0.046659830259198794,-0.2085249125242185,7236.850265755505,-1652.1515393149355,1378.0590208495994,0.0,0.41110545084055017,0.0,0.07837419661985241,1.5585601719197708,-0.08582480361818615,-9735.3746680286,0.8774487471526196,0.1401613393166712,0.4234736862352897,1.2200743242726049,-0.6466213363026472,0.3916184971098266,0.08513067749302207,0.10893107402216842,0.27401946372953223,0.14596120342786706,0.31649734239208693,Drug Manufacturers—Specialty & Generic,Healthcare,DRRX
2007Q3,2007,Q3,2007-11-08,2007-09-30,-7882000.0,4932000.0,-7849000.0,-0.011315770583590554,4152000.0,0.8418491484184915,90748000.0,30235000.0,72797000.0,48577000.0,60513000.0,2027000.0,-232474000.0,38797835000.0,38795775000.0,0.04340679061086785,1.4985898676328304,0.3743333186406312,1.1235323300810318,,0.04340679061086785,-0.26069125186042663,7866.552108678021,-1230.583449632073,1283.2093600132298,0.0,0.3848051307350765,0.0,0.05434830519680874,1.4159169977561397,-0.08685590867016353,109908.88101983003,0.8418491484184915,-15.386369744471297,0.3978134507444147,0.9125593638674193,-0.7002674787643726,-0.671882408724514,-15.455114822546973,-10.767616191904049,0.19464756741856215,0.0872368518029264,-0.11420660708390923,Drug Manufacturers—Specialty & Generic,Healthcare,DRRX
2007Q2,2007,Q2,2007-08-08,2007-06-30,-479000.0,13432000.0,-667000.0,-0.0006905599446398709,12654000.0,0.9420786182251341,96559000.0,31941000.0,77324000.0,14309000.0,64618000.0,2039000.0,-224592000.0,26705140000.0,26711018000.0,0.04604838244622571,5.4038716891466905,0.3946706158928738,1.1931060392598853,,0.04604838244622571,-0.014996399611784228,1988.1730196545564,-13937.964509394571,836.0771422309883,0.0,0.38155958803334966,0.0,0.13910666017667955,5.117827940457055,-0.00496069760457337,-3775.111676562058,0.9420786182251341,0.9454680557461357,0.9665160263252583,4.253771285135256,-0.7179161791408434,1.6004932182490752,0.9453632941713243,0.9261432842431624,0.9522507481303502,2.231358607369218,-0.26440521408397566,Drug Manufacturers—Specialty & Generic,Healthcare,DRRX
2007Q1,2007,Q1,2007-05-09,2007-03-31,-8767000.0,5726000.0,-9031000.0,-0.012663402233103667,4866000.0,0.8498078938176737,95486000.0,30269000.0,76467000.0,13813000.0,65217000.0,2042000.0,-224113000.0,28800096000.0,28804889000.0,0.04372174314974506,5.535872004633316,0.3998387198123285,1.2613234662526016,,0.04372174314974506,-0.28963626152168886,5029.705902899057,-821.2642865290294,951.4716706861806,0.0,0.42115572967678744,0.0,0.05996690614330897,5.274741185839426,-0.09181450683869886,-3088.813384813385,0.8498078938176737,0.10091272689980518,0.3793387162763776,1.4334870416332328,-0.7617290162662107,0.09152086137281291,0.10091272689980514,0.09915211970074812,-0.08080763900699806,0.24915661474300915,-0.4320339482181257,Drug Manufacturers—Specialty & Generic,Healthcare,DRRX
