Quarters,Year,Quarter,FillingDate,Date,NetIncome,Revenue,OperatingIncome,EPSDiluted,GrossProfit,GrossProfitRatio,TotalAssets,CommonStockEquity,CurrentAssets,CurrentLiability,TotalLiability,Inventory,RetainedEarnings,MarketCap,EnterpriseValue,bookValuePerShare,currentRatio,debtToAssets,debtToEquity,roic,shareholdersEquityPerShare,roe,priceToSalesRatio,peRatio,pbRatio,payoutRatio,inventoryTurnover,dividendYield,assetTurnover,quickRatio,returnOnAssets,priceToFreeCashFlowsRatio,grossProfitMargin,epsdilutedGrowth,fiveYNetIncomeGrowthPerShare,fiveYRevenueGrowthPerShare,fiveYShareholdersEquityGrowthPerShare,grossProfitGrowth,netIncomeGrowth,operatingIncomeGrowth,threeYNetIncomeGrowthPerShare,threeYRevenueGrowthPerShare,threeYShareholdersEquityGrowthPerShare,Industry,Sector,Symbol
2023Q1,2023,Q1,2023-05-15,2023-03-31,6457000.0,30998000.0,18290000.0,0.32,30998000.0,1.0,3553694000.0,361638000.0,119234000.0,131500000.0,3192056000.0,0.0,167864000.0,283972080.0,430555080.0,18.185557678768983,0.9067224334600761,0.05185927657249048,0.5096035261781118,0.02390587740627169,18.185557678768983,0.017854871446031668,9.160980708432803,10.99473749419235,0.7852384981666749,0.3698311909555521,0.0,0.008409277419104019,0.00872275440710427,0.9692167300380228,0.0018169825539283912,26.787291764927836,1.0,-0.23809523809523805,0.017390488524857837,0.1484501232876277,0.4015854687959389,-0.05508306660570035,-0.23194956583799214,0.09580013180756096,0.3030728165295229,0.31170663366258283,0.16281481923020785,Banks—Regional,Financial Services,SHBI
2022Q4,2022,Q4,2023-03-30,2022-12-31,8407000.0,32805000.0,16691000.0,0.42,32805000.0,1.0,3477276000.0,364285000.0,2611606000.0,9908000.0,3112991000.0,0.0,171613000.0,346194660.0,383675660.0,18.34080153056087,263.58558740411786,0.026739321238808768,0.2552397161563062,0.026452001031984657,18.34080153056087,0.023078084466832287,10.553106538637403,10.294833472106577,0.9503401457649916,0.2835732127988581,0.0,0.006886299170530245,0.009434108767897631,14.99232943076302,0.0024176970709256325,141.59290797546012,1.0,-0.14285714285714288,0.9905325993237699,0.2952647885652987,0.4212396163321221,0.0044704369392816684,-0.1295299233795817,-0.029536600965172393,0.3273866208979477,0.3885610350771153,0.19746688139490381,Banks—Regional,Financial Services,SHBI
2022Q3,2022,Q3,2022-11-14,2022-09-30,9658000.0,32659000.0,17199000.0,0.49,32659000.0,1.0,3446804000.0,357221000.0,257093000.0,744000.0,3089583000.0,0.0,165590000.0,343836640.0,243561640.0,17.99420713278259,345.5551075268817,0.021194706748628583,0.20450645398786746,0.028831680578554494,17.99420713278259,0.027036484417209513,10.528082305030772,8.900306481673224,0.9625319900005879,0.24684199627252018,0.0,0.006933525176374455,0.00947515437489338,345.5551075268817,0.002802016012514782,53.2584634448575,1.0,0.28947368421052627,0.808976195239851,0.24599648586935124,0.40359860492359406,0.07250993399231552,0.28790505400720096,0.3188405797101449,0.47638784734088835,0.3806536706164377,0.18413336483162765,Banks—Regional,Financial Services,SHBI
2022Q2,2022,Q2,2022-08-15,2022-06-30,7499000.0,30451000.0,13041000.0,0.38,30451000.0,1.0,3442550000.0,352777000.0,504785000.0,883000.0,3089773000.0,0.0,158316000.0,367169500.0,27347500.0,17.77482742983826,571.6704416761042,0.021322275638698058,0.20807195480430982,0.022063176276980685,17.77482742983826,0.021257054739963206,12.05771567436209,12.240615415388719,1.0407977277430218,0.31750900120016,0.0,0.006484743422315851,0.00884547791607965,571.6704416761042,0.0021783271121697577,21.46436922717175,1.0,0.35714285714285704,1.0371577902587448,0.2902909492513947,0.40929465198061143,0.0693566512150583,0.3360057010511313,0.24448897795591182,0.14309268221973853,0.31570644067567855,0.18732989240280354,Banks—Regional,Financial Services,SHBI
2022Q1,2022,Q1,2022-05-16,2022-03-31,5613000.0,28476000.0,10479000.0,0.28,28476000.0,1.0,3494497000.0,351864000.0,684935000.0,464000.0,3142633000.0,0.0,153198000.0,406077440.0,-101567560.0,17.74581400040347,1476.1530172413793,0.018123066066446758,0.17998715412773117,0.01831975861726246,17.74581400040347,0.015952186071891413,14.260339935384183,18.08647069303403,1.1540749835163586,0.42419383573846425,0.0,0.005863413638541456,0.008148812261106534,1476.1530172413793,0.0016062397535324827,16.76274262125903,1.0,0.7500000000000001,0.28095748436554363,0.23446620584242936,0.4264110196611724,0.10509158646383111,1.0613294160852,0.8221178925404278,-0.03710540106825999,0.2575922927576279,0.2112137937971153,Banks—Regional,Financial Services,SHBI
2021Q4,2021,Q4,2022-03-31,2021-12-31,2723000.0,25768000.0,5751000.0,0.16,25768000.0,1.0,3460136000.0,350693000.0,707930000.0,3437000.0,3109443000.0,0.0,149966000.0,358203000.0,-160946000.0,20.412863795110592,205.9732324701775,0.018630481576446707,0.1838188957293131,0.009188315074480846,20.412863795110592,0.007764626040439929,13.901078857497671,32.88679764965112,1.021414741668639,0.872934263679765,0.0,0.0066359019885372265,0.00744710612530837,205.9732324701775,0.0007869632869921876,-15.292789138880588,1.0,-0.5897435897435898,-0.1954387237805063,0.4089916637869594,0.6755061274867344,0.39301546113093305,-0.4100953206239168,0.0,-0.8329176254766456,1.715424003459701,0.4206599913959382,Banks—Regional,Financial Services,SHBI
2021Q3,2021,Q3,2021-11-15,2021-09-30,4616000.0,18498000.0,0.0,0.39,18498000.0,1.0,2260774000.0,201607000.0,0.0,0.0,2059167000.0,0.0,149620000.0,208362960.0,-72282040.0,17.15512253233492,0.0,0.013361353235661769,0.14983110705481456,0.0,17.15512253233492,0.022896030395769987,11.26408044112877,11.284822357019065,1.0335105427886928,0.3054592720970537,0.0,0.006767037673106583,0.008182153545644102,0.0,0.0020417786121036422,69.96741437206178,1.0,0.14705882352941171,1.0626465550027544,0.4583822339322955,0.40279010806272775,0.08773374103257674,0.14512527908707518,0.0,0.12420589809513359,0.1364180683320577,0.2757833264819278,Banks—Regional,Financial Services,SHBI
2021Q2,2021,Q2,2021-08-13,2021-06-30,4031000.0,17006000.0,0.0,0.34,17006000.0,1.0,2120260000.0,198682000.0,0.0,0.0,1921578000.0,0.0,146414000.0,196846000.0,-10095000.0,16.906228727025187,0.0,0.014265703262807392,0.15223825006794778,0.0,16.906228727025187,0.0202887025498032,11.57509114430201,12.208260977424956,0.9907591024853787,0.3500372116100223,0.0,0.007168039990652591,0.008020714440681804,0.0,0.0019011819305179553,31.210718249563975,1.0,0.0,0.9094774997842741,0.3634220249884178,0.40381156202634283,0.03967720242098184,0.008254127063531767,0.0,-0.004495239737075967,0.07386573434789684,0.2815809350576033,Banks—Regional,Financial Services,SHBI
2021Q1,2021,Q1,2021-05-14,2021-03-31,3998000.0,16357000.0,0.0,0.34,16357000.0,1.0,2039631000.0,196104000.0,0.0,0.0,1843527000.0,0.0,143794000.0,199899900.0,4602900.0,16.696807151979566,0.0,0.015585662308525415,0.1621027617998613,0.0,16.696807151979566,0.020387141516746216,12.221061319312833,12.499993746873438,1.019356565903806,0.35242621310655325,0.0,0.0070485277881579735,0.008019587856823121,0.0,0.0019601584796465634,62.76291993720565,1.0,0.06250000000000006,0.7483561591682326,0.2765875786661171,0.40540646040718303,-0.027064001903402333,0.028821410190427176,0.0,0.06658160797847974,0.02606891894485319,0.286845456866231,Banks—Regional,Financial Services,SHBI
2020Q4,2020,Q4,2021-03-26,2020-12-31,3886000.0,16812000.0,0.0,0.32,16812000.0,1.0,1933315000.0,195019000.0,0.0,0.0,1738296000.0,0.0,141205000.0,175258400.0,17644400.0,16.246167944018662,0.0,0.015156867866850462,0.1502571544311067,0.0,16.246167944018662,0.01992626359482922,10.424601475136807,11.274987133299023,0.8986734625856967,0.3721049922799794,0.0,0.00825067443272334,0.00869594453050848,0.0,0.0020100190605255737,21.197194000967585,1.0,0.18518518518518512,0.8904187893602423,0.437521070093489,0.39626819150489384,0.059757942511346446,0.14597463874963137,0.0,0.5223974020026434,0.09833516771373516,0.25892521420890213,Banks—Regional,Financial Services,SHBI
2020Q3,2020,Q3,2020-11-06,2020-09-30,3391000.0,15864000.0,0.0,0.27,15864000.0,1.0,1828172000.0,198881000.0,0.0,0.0,1629291000.0,0.0,138765000.0,137063340.0,9840340.0,15.932147720900424,0.0,0.015993571720822768,0.14701756326647594,0.0,15.932147720900424,0.017050396971053042,8.639897881996975,10.104935122382779,0.6891726208134513,0.44293718667059867,0.0,0.01095843717218623,0.00867752049588332,0.0,0.001854858295608947,-278.5840243902439,1.0,-0.3720930232558139,0.7972406852575656,0.2428040811461776,0.37930744833310964,0.004050632911392405,-0.3643861293345829,0.0,0.010086895199745887,-0.03747519168006284,0.24275218960616593,Banks—Regional,Financial Services,SHBI
2020Q2,2020,Q2,2020-08-07,2020-06-30,5335000.0,15800000.0,0.0,0.43,15800000.0,1.0,1719524000.0,200134000.0,0.0,0.0,1519390000.0,0.0,136876000.0,138891160.0,18612160.0,15.980038326413286,0.0,0.003492245528413677,0.030004896719198138,0.0,15.980038326413286,0.02665713971639002,8.790579746835443,6.508489222118088,0.6939908261464819,0.2817244611059044,0.0,0.010821423048090317,0.009188589400322415,0.0,0.0031026028133367143,26.643230385574526,1.0,0.72,2.306532342966041,0.2775611952466867,0.40731582561103324,0.06254203093476798,0.7110327132777421,0.0,1.2967173435167745,0.06095017640405906,0.2669930349959165,Banks—Regional,Financial Services,SHBI
2020Q1,2020,Q1,2020-05-11,2020-03-31,3118000.0,14870000.0,0.0,0.25,14870000.0,1.0,1571421000.0,195694000.0,0.0,0.0,1375727000.0,0.0,133044000.0,135766050.0,61749050.0,15.639255174618397,0.0,0.014148977263254087,0.11361615583513035,0.0,15.639255174618397,0.015933038314920232,9.130198386012104,10.885667896087234,0.6937670546874202,0.4807568954457986,0.0,0.011041051868268982,0.009462772866087446,0.0,0.0019841913783766414,44.281164383561645,1.0,-0.21875000000000003,1.2327240989456132,0.18845823664048453,0.3831953020018583,-0.00687904895478528,-0.22321873442949677,0.0,0.12754335491089272,0.021477148162112186,0.2570855256265786,Banks—Regional,Financial Services,SHBI
2019Q4,2019,Q4,2020-03-13,2019-12-31,4014000.0,14973000.0,0.0,0.32,14973000.0,1.0,1559235000.0,192802000.0,0.0,0.0,1366433000.0,0.0,131425000.0,218527680.0,144574680.0,15.316333015570384,0.0,0.01347968715427758,0.10901339197726165,0.0,15.316333015570384,0.020819286106990593,14.594782608695652,13.610343796711508,1.133430566072966,0.3769307424015944,0.0,0.006923608029884361,0.009602785981587125,0.0,0.0025743393394837854,51.60039669421488,1.0,-0.030303030303030328,2.2816047132591124,0.31402631280878485,0.3757211459998402,-0.015517128016306135,-0.0456490727532097,0.0,0.6186586710121864,0.1173853207376456,0.25717832028852367,Banks—Regional,Financial Services,SHBI
2019Q3,2019,Q3,2019-11-08,2019-09-30,4206000.0,15209000.0,0.0,0.33,15209000.0,1.0,1561679000.0,193963000.0,0.0,0.0,1367716000.0,0.0,128924000.0,196693240.0,130506240.0,15.196098401754936,0.0,0.02381155154164204,0.19171697694921197,0.0,15.196098401754936,0.021684548083912913,12.932687224669603,11.691229196386114,1.0140760866763248,0.30385164051355207,0.0,0.006497427161197812,0.009738877195633674,0.0,0.002693255143982854,58.31403498369404,1.0,0.0,2.2938997159701837,0.19013922396050045,0.38237002854275876,0.020601261575627434,-0.004261363636363636,0.0,0.7304269538666467,0.10400804242356058,0.2425989076411616,Banks—Regional,Financial Services,SHBI
2019Q2,2019,Q2,2019-08-09,2019-06-30,4224000.0,14902000.0,0.0,0.33,14902000.0,1.0,1488562000.0,191307000.0,0.0,0.0,1297255000.0,0.0,125996000.0,207658750.0,212549750.0,14.970420220674544,0.0,0.02967360445853112,0.23089066265217686,0.0,14.970420220674544,0.022079693895152817,13.93495839484633,12.290408972537879,1.085473871839504,0.3025568181818182,0.0,0.006154327713135132,0.010011003908470054,0.0,0.002837637935134714,-56.86165115005476,1.0,0.13793103448275876,1.5361839152416905,-0.06340907457931691,0.09022872196849446,0.02194486353037992,0.12519978689397976,0.0,0.8400963729005223,0.09872144789094074,0.24307137526074302,Banks—Regional,Financial Services,SHBI
2019Q1,2019,Q1,2019-05-10,2019-03-31,3754000.0,14582000.0,0.0,0.29,14582000.0,1.0,1485799000.0,187082000.0,0.0,0.0,1298717000.0,0.0,123050000.0,193705730.0,184377730.0,14.651264781893648,0.0,0.033309350726444156,0.26454175174522404,0.0,14.651264781893648,0.02006606728600293,13.283893155945686,12.899955380927013,1.035405490640468,0.3404368673415024,0.0,0.006597636528356698,0.00981424809143094,0.0,0.002526586705200367,25.680197534137612,1.0,-0.6947368421052631,0.9796637100908012,-0.2321810742046183,0.18616545576325685,1.0707185458676511,-0.6895981478419051,0.0,0.5100019928854623,0.046791503035750096,0.23322872392212496,Banks—Regional,Financial Services,SHBI
2018Q4,2018,Q4,2019-03-15,2018-12-31,12094000.0,7042000.0,0.0,0.95,7042000.0,1.0,1483076000.0,183185000.0,0.0,0.0,1299891000.0,0.0,120574000.0,185370460.0,193957460.0,14.368577927680603,0.0,0.051118081608764486,0.4138548461937386,0.0,14.368577927680603,0.06602068946693233,26.323552967906846,3.8318682817926244,1.0119303436416736,0.094923102364809,0.0,0.006193003998587478,0.004748239469858591,0.0,0.008154673125315223,30.10238064306593,1.0,1.7142857142857144,5.83251065164894,-0.6204143163672936,0.1771776590476282,-0.6011780030582772,1.7153120790300853,0.0,4.539557298321549,-0.43305526829336644,0.23489972445878124,Banks—Regional,Financial Services,SHBI
2018Q3,2018,Q3,2018-11-08,2018-09-30,4454000.0,17657000.0,0.0,0.35,17657000.0,1.0,1473543000.0,171419000.0,0.0,0.0,1302124000.0,0.0,109628000.0,224619760.0,289885760.0,13.446736743018512,0.0,0.07739373740705226,0.665287978578804,0.0,13.446736743018512,0.025983117390720983,12.721286741802118,12.60775482712169,1.310355094826128,0.2287831162999551,0.0,0.004536555466001744,0.011982683912176299,0.0,0.0030226467771894,50.19435977653631,1.0,0.029411764705882214,1.2594955272781276,-0.11292392807554974,0.11540906052567745,0.028183776859022885,0.014347529036665908,0.0,1.3115621789212757,0.35451494839481096,0.16413583845252708,Banks—Regional,Financial Services,SHBI
2018Q2,2018,Q2,2018-08-09,2018-06-30,4391000.0,17173000.0,0.0,0.34,17173000.0,1.0,1451714000.0,168115000.0,0.0,0.0,1283599000.0,0.0,106193000.0,242390880.0,301652880.0,13.19169805398619,0.0,0.07077220444247283,0.6111352348095054,0.0,13.19169805398619,0.02611902566695417,14.1146497408723,13.800437258027783,1.441815899830473,0.23252106581644272,0.0,0.004212204683608558,0.011829465032368635,0.0,0.0030247004575281356,51.20212927756654,1.0,0.06250000000000006,7.075551060474062,-0.08824446994585718,-0.01742207128213494,-0.004925252057017036,0.08206012814194184,0.0,1.6744783377337313,0.36460855978085105,0.16175475044833124,Banks—Regional,Financial Services,SHBI
2018Q1,2018,Q1,2018-05-10,2018-03-31,4058000.0,17258000.0,0.0,0.32,17258000.0,1.0,1421606000.0,164977000.0,0.0,0.0,1256629000.0,0.0,102829000.0,239804900.0,270802900.0,12.974990169091624,0.0,0.051345450145820995,0.44244349212314443,0.0,12.974990169091624,0.024597368117980082,13.895289141267817,14.773589206505669,1.4535656485449486,0.21956628881222276,0.0,0.003715520408465382,0.012139791193903234,0.0,0.002854518059152817,133.5216592427617,1.0,0.523809523809524,11.159350699500129,-0.08204084689761809,-0.040276464387860186,0.06669139007355214,0.5040770941438102,0.0,1.8596710043602067,0.3574020510090823,0.14755755597201858,Banks—Regional,Financial Services,SHBI
2017Q4,2017,Q4,2018-03-16,2017-12-31,2698000.0,16179000.0,0.0,0.21,16179000.0,1.0,1393860000.0,163736000.0,0.0,0.0,1230124000.0,0.0,99662000.0,211889600.0,201803600.0,12.904791929382093,0.0,0.015592670712984088,0.13273806615527434,0.0,12.904791929382093,0.016477744662139054,13.096581988998084,19.633951074870275,1.2940929300825719,0.3291326908821349,0.0,0.004190861656258731,0.011607335026473247,0.0,0.001935631985995724,60.81791044776119,1.0,-0.2222222222222223,1.3544170799282846,0.12378853309255049,-0.04288648775906934,-0.03414721509163632,-0.20926143024618993,0.0,1.1883380322108825,0.40867392763247884,0.15911524801211563,Banks—Regional,Financial Services,SHBI
2017Q3,2017,Q3,2017-11-09,2017-09-30,3412000.0,16751000.0,0.0,0.27,16751000.0,1.0,1376127000.0,162648000.0,0.0,0.0,1213479000.0,0.0,97626000.0,211238549.99999997,168791549.99999997,12.820052021754552,0.0,0.0010674886838206066,0.009031774138015838,0.0,12.820052021754552,0.020977817126555505,12.610503850516386,15.477619431418521,1.298746679946879,0.1858147713950762,0.0,0.0030013461084636302,0.012172568374866563,0.0,0.002479422320759639,31.280697467792088,1.0,0.42105263157894746,2.2489828280943445,-0.12292726373115719,-0.08246083843522714,0.11088268452815174,0.45068027210884354,0.0,1.6883015507969088,0.3187598093097334,0.16622406690824296,Banks—Regional,Financial Services,SHBI
2017Q2,2017,Q2,2017-08-09,2017-06-30,2352000.0,15079000.0,0.0,0.19,15079000.0,1.0,1362798000.0,159940000.0,0.0,0.0,1202858000.0,0.0,94848000.0,208602450.0,157848450.0,12.612569986594117,0.0,0.0024398333428725313,0.02078904589220958,0.0,12.612569986594117,0.014705514567962987,13.833971085615756,22.172879464285714,1.3042544079029637,0.2699829931972789,0.0,0.0030440677949851503,0.011064735932984933,0.0,0.0017258610593793064,79.37688356164384,1.0,-0.13636363636363635,4.3534348907680265,-0.26111432975134313,-0.10716344784227905,0.022998643147896878,-0.16,0.0,0.4231068835899848,-0.04496058538631585,-0.08148296076333418,Banks—Regional,Financial Services,SHBI
2017Q1,2017,Q1,2017-05-09,2017-03-31,2800000.0,14740000.0,0.0,0.22,14740000.0,1.0,1166896000.0,157626000.0,0.0,0.0,1009270000.0,0.0,93131000.0,211715700.0,165783700.0,12.440883977900553,0.0,0.002501508274944811,0.018518518518518517,0.0,12.440883977900553,0.01776356692423839,14.363344640434192,18.9031875,1.3431521449507062,0.22607142857142856,0.0,0.0029898585697706874,0.012631802662790858,0.0,0.0023995283212899865,63.92382246376812,1.0,0.09999999999999995,1.615596270172297,-0.285446420223919,-0.11275926093650937,0.09330959798249518,0.12224448897795591,0.0,0.488111445862502,-0.2177970050992508,0.0072131678338900355,Banks—Regional,Financial Services,SHBI
2016Q4,2016,Q4,2017-03-16,2016-12-31,2495000.0,13482000.0,0.0,0.2,13482000.0,1.0,1160271000.0,154299000.0,0.0,0.0,1005972000.0,0.0,90964000.0,193141250.0,120406250.0,12.183103039873668,0.0,0.0027605619721599523,0.020758397656498097,0.0,12.183103039873668,0.01616990388790595,14.325860406467884,19.352830661322646,1.251733647010026,0.2537074148296593,0.0,0.003277394135121317,0.01161969919096487,0.0,0.0021503597004492916,32.54823896191439,1.0,0.05263157894736847,4.126232803911447,-0.35027798190900894,-0.15024039449222992,-0.013391877058177827,0.03484031522189963,0.0,0.41890013523615943,-0.26845835699581605,-0.001872225031695805,Banks—Regional,Financial Services,SHBI
2016Q3,2016,Q3,2016-11-09,2016-09-30,2411000.0,13665000.0,0.0,0.19,13665000.0,1.0,1157866000.0,154835000.0,0.0,0.0,1003031000.0,0.0,89102000.0,149146580.0,79047580.0,12.229286786193823,0.0,0.004318288990263122,0.032292440339716476,0.0,12.229286786193823,0.015571414731811282,10.914495426271497,15.465219825798423,0.96326140730455,0.15761094981335547,0.0,0.002547829122196433,0.011801883810389113,0.0,0.0020822789511048775,40.11473372781065,1.0,0.05555555555555561,16.132379211080433,-0.3767835214837643,-0.14516490874282018,0.017952920143027414,0.061179577464788734,0.0,1.1414330543387683,-0.3087619605720093,0.014421383103949293,Banks—Regional,Financial Services,SHBI
2016Q2,2016,Q2,2016-08-09,2016-06-30,2272000.0,13424000.0,0.0,0.18,13424000.0,1.0,1125690000.0,152321000.0,0.0,0.0,973369000.0,0.0,87071000.0,148614000.0,94274000.0,12.04308981657179,0.0,0.006101146852152902,0.04508898969938485,0.0,12.04308981657179,0.014915868461998017,11.070768772348034,16.352772887323944,0.9756632375050058,0.16681338028169015,0.0,0.002550230799251753,0.011925130364487559,0.0,0.002018317654061065,30.126495033448204,1.0,-0.05263157894736847,7.511508715351017,-0.37414003467395385,-0.15896233212256114,-0.0261172373766686,-0.07642276422764227,0.0,3.210182902577526,-0.28187824174568,-0.1029756594713284,Banks—Regional,Financial Services,SHBI
2016Q1,2016,Q1,2016-05-06,2016-03-31,2460000.0,13784000.0,0.0,0.19,13784000.0,1.0,1131175000.0,150109000.0,0.0,0.0,981066000.0,0.0,85178000.0,151367300.0,84166300.0,11.880411555203798,0.0,0.005191062390876743,0.03911824074505859,0.0,11.880411555203798,0.016388091320307243,10.981376958792803,15.38285569105691,1.0083825753285947,0.1540650406504065,0.0,0.0025038433003693665,0.012185559263597587,0.0,0.002174729816341415,40.78881703045001,1.0,0.11764705882352934,2.517847688180942,-0.3539462408082906,-0.17051490365524644,0.12010401430196652,0.13730929264909847,0.0,6.417790564604969,-0.26218195163432745,-0.12123936637358126,Banks—Regional,Financial Services,SHBI
2015Q4,2015,Q4,2016-03-11,2015-12-31,2163000.0,12306000.0,0.0,0.17,12306000.0,1.0,1135143000.0,146967000.0,0.0,0.0,988176000.0,0.0,83097000.0,137425280.0,74794280.0,11.635420790119547,0.0,0.005877673561833179,0.045397946477780726,0.0,11.635420790119547,0.014717589662985569,11.167339509182513,15.883643088303284,0.9350757653078583,0.1169671752196024,0.0,0.001841000433108086,0.010840924887877563,0.0,0.001905486797698616,28.481923316062176,1.0,0.13333333333333347,0.7009699758297746,-0.4447307486877339,-0.19814339922310828,-0.04715447154471545,0.13305395495023573,0.0,1.285420164433926,-0.14137156480864205,-0.13703231173556024,Banks—Regional,Financial Services,SHBI
2015Q3,2015,Q3,2015-11-09,2015-09-30,1909000.0,12915000.0,0.0,0.15,12915000.0,1.0,1117813000.0,145887000.0,0.0,0.0,971926000.0,0.0,81187000.0,122763600.00000001,70497600.00000001,11.55083135391924,0.0,0.005797034029842201,0.04441793991239795,0.0,11.55083135391924,0.013085470261229581,9.505505226480837,16.076951283394447,0.8414978716403793,0.0,0.0,0.0,0.011553810878921609,0.0,0.0017077990683593768,32.48573696745171,1.0,0.15384615384615377,1.9115307657504805,-0.4368219828848469,-0.20294496243602522,0.035602598027423625,0.17332513829133375,0.0,1.7019545002158767,-0.3207261867202413,-0.17329975745288279,Banks—Regional,Financial Services,SHBI
2015Q2,2015,Q2,2015-08-10,2015-06-30,1627000.0,12471000.0,0.0,0.13,12471000.0,1.0,1084352000.0,143402000.0,0.0,0.0,940950000.0,0.0,79531000.0,119091470.0,65964470.0,11.354976641064217,0.0,0.00611332851325031,0.0462266913990042,0.0,11.354976641064217,0.011345727395712752,9.549472375912115,18.29924247080516,0.8304728664872177,0.0,0.0,0.0,0.01150087794369356,0.0,0.0015004352830077319,38.03624081763015,1.0,0.18181818181818185,1.4443048414519464,-0.4536096352540011,-0.2309846487373848,-0.01211977186311787,0.1547196593328602,0.0,2.718495839658276,-0.3863926948396588,-0.19618775516686543,Banks—Regional,Financial Services,SHBI
2015Q1,2015,Q1,2015-05-11,2015-03-31,1409000.0,12624000.0,0.0,0.11,12624000.0,1.0,1094128000.0,142746000.0,0.0,0.0,951382000.0,0.0,77904000.0,115897500.0,48278500.0,11.306613861386138,0.0,0.004659418276472223,0.03571378532498284,0.0,11.306613861386138,0.009870679388564303,9.180727186311787,20.563786373314407,0.811914169223656,0.0,0.0,0.0,0.011537955339777431,0.0,0.0012877835134463243,62.243555316863585,1.0,0.09999999999999995,1.6027471254167671,-0.4478410812345226,-0.23759795908612188,0.10533228263724717,0.14926590538336051,0.0,1.3108809924470708,-0.38584282528768526,-0.19365147553006673,Banks—Regional,Financial Services,SHBI
2014Q4,2014,Q4,2015-03-13,2014-12-31,1226000.0,11421000.0,0.0,0.1,11421000.0,1.0,1100402000.0,140469000.0,0.0,0.0,959933000.0,0.0,76495000.0,117859182.10000001,29996182.10000001,11.133312197828326,0.0,0.004369312305866402,0.034228192697321115,0.0,11.133312197828326,0.008727904377478305,10.31951511251204,24.033275305872756,0.8390405149890724,0.0,0.0,0.0,0.010378934244030818,0.0,0.00111413828764397,45.931092010911925,1.0,0.0,-0.32587976539589436,-0.4885588074644832,-0.2651543564597468,-0.09572446555819478,-0.028526148969889066,0.0,1.5285254936867843,-0.44750737599532575,-0.22346228622888306,Banks—Regional,Financial Services,SHBI
2014Q3,2014,Q3,2014-11-12,2014-09-30,1262000.0,12630000.0,0.0,0.1,12630000.0,1.0,1096285000.0,138674000.0,0.0,0.0,957611000.0,0.0,75269000.0,113535000.0,18366000.0,10.99278636543797,0.0,0.009810405140998919,0.07755599463489912,0.0,10.99278636543797,0.009100480263063012,8.989311163895486,22.49108557844691,0.818718721606069,0.0,0.0,0.0,0.011520726818299985,0.0,0.0011511605102687713,35.08498145859085,1.0,-0.23076923076923075,-0.5683066683487822,-0.44351946249780294,-0.278201604983487,0.01307451672415176,-0.03295019157088123,0.0,8.000374427606447,-0.42188612004300297,-0.23159709146092183,Banks—Regional,Financial Services,SHBI
2014Q2,2014,Q2,2014-08-14,2014-06-30,1305000.0,12467000.0,0.0,0.13,12467000.0,1.0,1064853000.0,137493000.0,0.0,0.0,927360000.0,0.0,74007000.0,90217130.0,5304130.0,13.731449116149006,0.0,0.0073258938088168035,0.05673743390572611,0.0,13.731449116149006,0.00949139228906199,7.236474693190021,17.28297509578544,0.6561579862247532,0.0,0.0,0.0,0.011707719281440725,0.0,0.0012255212691329226,60.02470392548237,1.0,-0.13333333333333328,-0.42077597063595457,-0.3212680768936752,-0.09660388646687737,-0.010477021985871894,0.037360890302066775,0.0,5.7243433322089015,-0.2657992421065349,-0.04105457012101353,Banks—Regional,Financial Services,SHBI
2014Q1,2014,Q1,2014-05-09,2014-03-31,1258000.0,12599000.0,0.0,0.15,12599000.0,1.0,1049514000.0,104632000.0,0.0,0.0,944882000.0,0.0,72702000.0,80559210.0,-43869790.0,12.351788454727895,0.0,0.007689273320794196,0.07712745622754033,0.0,12.351788454727895,0.01202309045034024,6.394095563139932,16.009381955484898,0.7699289892193593,0.0,0.0,0.0,0.012004604035772748,0.0,0.0011986500418288846,21.21654200684751,1.0,0.07142857142857129,-0.566296539335569,-0.18867876665032607,-0.32343116169865654,0.023061307348761672,0.07063829787234042,0.0,2.1577486733565925,-0.11921474854813516,-0.13760357637507548,Banks—Regional,Financial Services,SHBI
2013Q4,2013,Q4,2014-03-20,2013-12-31,1175000.0,12315000.0,0.0,0.14,12315000.0,1.0,1054124000.0,103299000.0,0.0,0.0,950825000.0,0.0,71444000.0,78028860.0,-42453140.0,12.205955334987593,0.0,0.009619361669025656,0.09816164725699184,0.0,12.205955334987593,0.011374747093389094,6.336082825822168,16.60188510638298,0.755368977434438,0.0,0.0,0.0,0.01168268628738175,0.0,0.0011146696214107638,8.474949494949495,1.0,1.1037037037037039,-0.48388000884041743,-0.19147214578157326,-0.1946378726649863,-0.06782226932102037,1.1031425561797752,0.0,0.3790861257654426,-0.17065634905559648,-0.15882493373519344,Banks—Regional,Financial Services,SHBI
2013Q3,2013,Q3,2013-11-14,2013-09-30,-11392000.0,13211000.0,0.0,-1.35,13211000.0,1.0,1051384000.0,102001000.0,0.0,0.0,949383000.0,0.0,70269000.0,74456800.0,-19373200.0,12.055430800141828,0.0,0.01090752760171355,0.11243027029146772,0.0,12.055430800141828,-0.11168517955706317,5.635970024979184,-1.6339712078651687,0.729961470965971,0.0,0.0,0.0,0.012565342443864468,0.0,-0.010835241928733936,374.15477386934674,1.0,-34.75,-4.677535608723782,-0.13579558913954223,-0.193619241061956,0.05645741703318673,-32.556786703601105,0.0,-7.119831833454337,-0.14005904686966708,-0.1681255179960161,Banks—Regional,Financial Services,SHBI
2013Q2,2013,Q2,2013-08-14,2013-06-30,361000.0,12505000.0,0.0,0.04,12505000.0,1.0,1054277000.0,113594000.0,0.0,0.0,940683000.0,0.0,81661000.0,63034450.0,-48809550.0,13.425599810897056,0.0,0.009575282397320629,0.08886913041181753,0.0,13.425599810897056,0.0031779847527158124,5.040739704118352,43.65266620498615,0.5549100304593553,0.0,0.0,0.0,0.011861209150915746,0.0,0.00034241475437669607,12.25635815671787,1.0,0.3333333333333334,-0.8707206464640664,-0.1645242557033132,-0.08548617487988891,-7.996161842315688e-05,0.6261261261261262,0.0,-0.1904898748919364,-0.1822270947236318,-0.09075177511587888,Banks—Regional,Financial Services,SHBI
2013Q1,2013,Q1,2013-05-15,2013-03-31,222000.0,12506000.0,0.0,0.03,12506000.0,1.0,1104611000.0,114348000.0,0.0,0.0,990263000.0,0.0,81300000.0,58360200.0,-49449800.0,13.519508157956963,0.0,0.01003792285247929,0.09696715290166859,0.0,13.519508157956963,0.0019414419141567845,4.666576043499121,65.72094594594594,0.5103735963899675,0.0,0.0,0.0,0.01132163268336093,0.0,0.00020097572810699876,12.278602987586787,1.0,1.05,-0.9343816505083944,-0.1974891066168279,-0.07114602587162733,0.30325135473113796,1.0437524635396138,0.0,1.1417557993114429,-0.18351307214252183,-0.08838307046292046,Banks—Regional,Financial Services,SHBI
2012Q4,2012,Q4,2013-03-15,2012-12-31,-5074000.0,9596000.0,0.0,-0.6,9596000.0,1.0,1185807000.0,114026000.0,0.0,0.0,1071781000.0,0.0,81078000.0,45583230.0,-132098770.0,13.483031807969729,0.0,0.011604755242632233,0.12068300212232298,0.0,13.483031807969729,-0.044498623121042566,4.750232388495206,-2.2459218565234527,0.3997617210109975,0.0,0.0,0.0,0.008092379282631996,0.0,-0.004278942526060312,6.142464627408705,1.0,-1.7272727272727273,-2.5143115684204487,-0.36824756593917607,-0.054668290088702824,-0.24624931270128034,-1.786381109280615,0.0,-5.162335934728627,-0.3589061889967588,-0.11006293457450406,Banks—Regional,Financial Services,SHBI
2012Q3,2012,Q3,2012-11-09,2012-09-30,-1821000.0,12731000.0,0.0,-0.22,12731000.0,1.0,1178633000.0,118163000.0,0.0,0.0,1060470000.0,0.0,86152000.0,50742000.0,-96151000.0,13.972212368452169,0.0,0.01148279405039567,0.11453669930519705,0.0,13.972212368452169,-0.015410915430380067,3.985704186631058,-6.966227347611203,0.4294237620913484,0.0,0.0,0.0,0.01080149630970794,0.0,-0.0015450101940128946,21.573979591836736,1.0,-8.333333333333334,-1.5383114579638169,-0.06707188360679578,-0.005807831787150579,-0.06458486407053637,-7.215017064846417,0.0,-1.929173585770861,-0.16328015092236406,-0.0825692297553497,Banks—Regional,Financial Services,SHBI
2012Q2,2012,Q2,2012-08-09,2012-06-30,293000.0,13610000.0,0.0,0.03,13610000.0,1.0,1175333000.0,119467000.0,0.0,0.0,1055866000.0,0.0,87973000.0,50572860.0,-95450140.0,14.12640416223247,0.0,0.012150599021724056,0.11953928699975726,0.0,14.12640416223247,0.002452560121205019,3.715860396767083,43.15090443686007,0.4233207496630869,0.0,0.0,0.0,0.011579696988002548,0.0,0.0002492910519827147,10.604499895156216,1.0,1.0833333333333335,-0.9133853612392101,-6.10447731930752e-05,0.031241024285481762,-0.01154767957004866,1.0965085638998682,0.0,-0.8460245206773322,-0.12271172033294306,-0.07061967674261183,Banks—Regional,Financial Services,SHBI
2012Q1,2012,Q1,2012-05-09,2012-03-31,-3036000.0,13769000.0,0.0,-0.36,13769000.0,1.0,1169721000.0,118584000.0,0.0,0.0,1051137000.0,0.0,87680000.0,59960130.0,-75710870.0,14.021993614757006,0.0,0.01208664288321745,0.11922350401403224,0.0,14.021993614757006,-0.025602104837077515,4.354719296971457,-4.9374283596837945,0.5056342339607367,-0.027997364953886692,0.0,0.0014176086676263044,0.011771183042793966,0.0,-0.002595490719581849,12.916874192158552,1.0,-10.367753846153846,-1.8755915867069277,-0.0029229424305165556,0.026464050753057338,-0.006278868360277136,-10.34153846153846,0.0,-2.0484129212548323,-0.11186800190469388,-0.2319457246716589,Banks—Regional,Financial Services,SHBI
2011Q4,2011,Q4,2012-03-15,2011-12-31,325000.0,13856000.0,0.0,0.03842970320444602,13856000.0,1.0,1158193000.0,121249000.0,0.0,0.0,1036944000.0,0.0,90801000.0,43553550.0,-60936450.0,14.337117181033463,0.0,0.015776299804954787,0.15069815008783577,0.0,14.337117181033463,0.0026804344778101263,3.1432989318706697,33.50273076923077,0.35920749861854534,0.25846153846153846,0.0,0.0019286602355031907,0.011963463775035767,0.0,0.0002806095357164134,8.275422762682881,1.0,2.8429703204446017,-0.8955379421773284,0.07943607775384734,0.06890576951303588,-0.0539396422231326,2.4574468085106385,0.0,-0.8571421249741845,-0.08965406986290272,-0.054021510330209514,Banks—Regional,Financial Services,SHBI
2011Q3,2011,Q3,2011-11-09,2011-09-30,94000.0,14646000.0,0.0,0.01,14646000.0,1.0,1157536000.0,120986000.0,0.0,0.0,1036550000.0,0.0,90560000.0,36872520.0,-65715480.0,14.30601868274802,0.0,0.014015978768694882,0.13409816011769957,0.0,14.30601868274802,0.0007769493991040286,2.5175829578041786,98.06521276595745,0.3047668325260774,0.9042553191489362,0.0,0.0023052397829060774,0.012652738230171675,0.0,8.120697757996295e-05,7.0935975375144285,1.0,1.3333333333333335,-0.9707498617114703,0.13988961095836625,0.10280557203511016,0.022551141520631153,1.4034334763948497,0.0,-0.9696408136212048,-0.04147116897416535,-0.04307872576063671,Banks—Regional,Financial Services,SHBI
2011Q2,2011,Q2,2011-08-09,2011-06-30,-233000.0,14323000.0,0.0,-0.03,14323000.0,1.0,1124191000.0,120941000.0,0.0,0.0,1003250000.0,0.0,90551000.0,58953080.0,11304080.0,14.31932275633436,0.0,0.017063826342676645,0.1586145310523313,0.0,14.31932275633436,-0.001926559231360746,4.115972910703065,-63.25437768240344,0.48745322099205396,-0.3605150214592275,0.0,0.001424861941055497,0.012740717547107209,0.0,-0.00020726015419088038,11.374316033185414,1.0,0.7692307692307693,-1.0613044998088126,0.06862001000181805,0.12358461011850981,0.004629304902854738,0.7848568790397045,0.0,-1.0835888805047729,-0.041361736310113556,-0.024608299705470897,Banks—Regional,Financial Services,SHBI
2011Q1,2011,Q1,2011-05-10,2011-03-31,-1083000.0,14257000.0,0.0,-0.13,14257000.0,1.0,1131334000.0,120926000.0,0.0,0.0,1010408000.0,0.0,90868000.0,82319250.0,44944250.0,14.322634134786213,0.0,0.011499698585917156,0.10758645783371648,0.0,14.322634134786213,-0.008955890379240196,5.773953145823104,-19.002596952908586,0.6807407009245323,-0.46814404432132967,0.0,0.006158948241146512,0.012601937182123052,0.0,-0.0009572769845156249,16.255776066350712,1.0,-2.2912823529411765,-1.3006373532812832,0.07117263572363312,0.14480054662841088,-0.037599567976238694,-2.2741176470588234,0.0,-1.3206798531327728,-0.08350193350943247,-0.015967483384153276,Banks—Regional,Financial Services,SHBI
2010Q4,2010,Q4,2011-03-15,2010-12-31,850000.0,14814000.0,0.0,0.10067511548027952,14814000.0,1.0,1130311000.0,122513000.0,0.0,0.0,1007798000.0,0.0,92458000.0,88989220.0,64689220.0,14.510600497453511,0.0,0.015016221199298246,0.13854039979430754,0.0,14.510600497453511,0.006938039228490038,6.007102740650736,26.173299999999998,0.7263655285561532,0.5964705882352941,0.0,0.0056973192932806924,0.013106127428645744,0.0,0.000752005421516733,9.221680829015543,1.0,1.5922065616487031,-0.7330909518077807,0.20154495721193974,0.19042789566359725,-0.03365949119373777,1.6071428571428572,0.0,-0.7459008312877975,-0.023103471686882347,0.01737732102576706,Banks—Regional,Financial Services,SHBI
2010Q3,2010,Q3,2010-11-09,2010-09-30,-1400000.0,15330000.0,0.0,-0.17,15330000.0,1.0,1134503000.0,122355000.0,0.0,0.0,1012148000.0,0.0,92115000.0,80039640.0,59472640.0,14.491886770105413,0.0,0.016933406081782065,0.15701033876833803,0.0,14.491886770105413,-0.011442115156716113,5.221111545988259,-14.292792857142858,0.6541591271300723,-0.36142857142857143,0.0,0.006321867514646492,0.013512524867717406,0.0,-0.0012340205358646033,25.55544061302682,1.0,-4.4,-1.4363627268582753,0.2916644567913855,0.20209691913685568,0.004652991677043057,-4.146067415730337,0.0,-1.4145445931540923,0.12524569475292377,0.031169577839896823,Banks—Regional,Financial Services,SHBI
2010Q2,2010,Q2,2010-08-09,2010-06-30,445000.0,15259000.0,0.0,0.05,15259000.0,1.0,1129196000.0,124666000.0,0.0,0.0,1004530000.0,0.0,94021000.0,100556130.0,87552130.0,14.765604642899444,0.0,0.017085607812992606,0.15475751207225708,0.0,14.765604642899444,0.003569537805015,6.589955436136051,56.49220786516854,0.8066042866539394,1.1393258426966293,0.0,0.005041960147034298,0.013513154492222785,0.0,0.00039408570345626445,20.758903798513625,1.0,1.263157894736842,-0.874508613856727,0.2801752585800908,0.2568607276803559,-0.0011782418014007986,1.2848911651728554,0.0,-0.8682340400331636,0.12295144136884438,0.07790327115571502,Banks—Regional,Financial Services,SHBI
2010Q1,2010,Q1,2010-05-10,2010-03-31,-1562000.0,15277000.0,0.0,-0.19,15277000.0,1.0,1146334000.0,125108000.0,0.0,0.0,1021226000.0,0.0,94083000.0,120213000.0,109644000.0,14.830251303935514,0.0,0.01346030040110474,0.12333343990791956,0.0,14.830251303935514,-0.012485212776161396,7.868887870655233,-19.240236875800253,0.960873805032452,-0.323943661971831,0.0,0.004209195344929416,0.013326831447030273,0.0,-0.0013626046161066495,27.142244298938813,1.0,-2.318125,-1.495961195266843,0.3170981461294828,0.30370241387392194,0.023173263679592795,-2.2845394736842106,0.0,-1.4516069342770244,0.10903221488564797,0.08563163308695171,Banks—Regional,Financial Services,SHBI
2009Q4,2009,Q4,2010-03-16,2009-12-31,1216000.0,14931000.0,0.0,0.14414414414414414,14931000.0,1.0,1156516000.0,127810000.0,0.0,0.0,1028706000.0,0.0,96151000.0,122322000.0,129146000.0,15.150545282124229,0.0,0.018878251576286018,0.1708238791956811,0.0,15.150545282124229,0.009514122525623973,8.192485432991763,25.1484375,0.9570612628119866,1.1085526315789473,0.0,0.011020094504668008,0.01291032722418021,0.0,0.0010514337890699308,-106.27454387489139,1.0,-0.373286329808069,-0.4414925198806168,0.4655364455229317,0.35570037892186535,-0.0142602495543672,-0.3767298821117376,0.0,-0.6081782406624715,0.16607828964054624,0.129551014952627,Banks—Regional,Financial Services,SHBI
2009Q3,2009,Q3,2009-11-09,2009-09-30,1951000.0,15147000.0,0.0,0.23,15147000.0,1.0,1157685000.0,128219000.0,0.0,0.0,1029466000.0,0.0,96283000.0,140849870.0,145169870.0,15.229718493882883,0.0,0.016947615283950297,0.15301944329623535,0.0,15.229718493882883,0.015216153612179163,9.298862481019343,18.048420041004615,1.0985101272042366,0.690415171706817,0.0,0.00956337410890049,0.013083869964627683,0.0,0.00168525980728782,64.05178262846748,1.0,0.0454545454545455,-0.34413846493481426,0.43451558091857745,0.37614072338610816,-0.018531717747683536,0.0306391970417327,0.0,-0.3901638562516994,0.1842031505211648,0.17401065859324075,Banks—Regional,Financial Services,SHBI
2009Q2,2009,Q2,2009-08-10,2009-06-30,1893000.0,15433000.0,0.0,0.22,15433000.0,1.0,1158212000.0,127876000.0,0.0,0.0,1030336000.0,0.0,95679000.0,150929220.0,164852220.0,15.199809818138595,0.0,0.031119518706419897,0.28185898839500767,0.0,15.199809818138595,0.014803403296943914,9.779642324888227,19.932543581616486,1.1802779254903188,1.6006339144215531,0.0,0.020075635453492703,0.013324848991376363,0.0,0.0016344158064326739,41.97141824249166,1.0,-0.26666666666666666,-0.28188647166930303,0.5629742846720905,0.4194116038539844,0.001622533748701973,-0.3422515635858235,0.0,-0.4999801627288233,0.15595214330378668,0.19267319265039468,Banks—Regional,Financial Services,SHBI
2009Q1,2009,Q1,2009-05-11,2009-03-31,2878000.0,15408000.0,0.0,0.3,15408000.0,1.0,1076599000.0,153446000.0,0.0,0.0,923153000.0,0.0,97492000.0,140783750.0,155184750.0,18.256513979773946,0.0,0.03622890231181712,0.2541871407530988,0.0,18.256513979773946,0.018755783793647278,9.137055425752855,12.229304204308546,0.917480742411011,0.5104239054899236,0.0,0.010434442895575661,0.014311735381511594,0.0,0.002673233023623466,35.355035158211955,1.0,0.11521450685537374,0.09281452888308418,0.58281307332425,0.7128692950880071,0.01857605605870298,0.27288810260946483,0.0,-0.1974643310671006,0.16288471264201038,0.45923347527346464,Banks—Regional,Financial Services,SHBI
2008Q4,2008,Q4,2009-03-16,2008-12-31,2261000.0,15127000.0,0.0,0.2690065437239738,15127000.0,1.0,1044641000.0,127385000.0,0.0,0.0,917256000.0,0.0,96140000.0,201635950.0,245267950.0,15.155859607376561,0.0,0.05831285580405134,0.47820387015739685,0.0,15.155859607376561,0.017749342544255604,13.329539895551001,22.294996682883678,1.5828861325901793,0.5948695267580717,0.0,0.006670437488949764,0.014480572751787456,0.0,0.002164379916162586,48.38875689944805,1.0,-0.2729552872325032,-0.07041791297494007,0.6698284766645918,0.4569854669282184,-0.0018475750577367205,-0.2637577336372517,0.0,-0.2868120369138402,0.23247909937655756,0.2433639850086428,Banks—Regional,Financial Services,SHBI
2008Q3,2008,Q3,2008-11-10,2008-09-30,3071000.0,15155000.0,0.0,0.37,15155000.0,1.0,1037026000.0,125401000.0,0.0,0.0,911625000.0,0.0,95224000.0,215571600.0,254738600.0,14.95004768717215,0.0,0.05936495324128807,0.49092909944896773,0.0,14.95004768717215,0.02448943788327047,14.224453975585615,17.548974275480298,1.7190580617379447,0.4379680885704982,0.0,0.006239226317381325,0.014613905533708895,0.0,0.0029613529458277807,59.881,1.0,0.12121212121212115,0.37294349070100147,0.7965441281179995,0.5089646972451076,0.022190745986779982,0.11026753434562545,0.0,-0.03653088985143518,0.2852921717812318,0.24010120633643298,Banks—Regional,Financial Services,SHBI
2008Q2,2008,Q2,2008-08-11,2008-06-30,2766000.0,14826000.0,0.0,0.33,14826000.0,1.0,1019463000.0,123038000.0,0.0,0.0,896425000.0,0.0,93498000.0,156892320.0,203765320.0,14.680587042119079,0.0,0.0654736856560758,0.5424990653294104,0.0,14.680587042119079,0.022480859571839595,10.582242007284501,14.180433839479392,1.2751533672523936,0.48590021691973967,0.0,0.008566384893792125,0.014542950553379574,0.0,0.002713193122261426,410.7128795811518,1.0,-0.17500000000000002,0.07619205454247968,0.6477545633116744,0.4561487047864915,-0.045454545454545456,-0.1797153024911032,0.0,-0.2142090371097885,0.25304971163855045,0.2496239577568274,Banks—Regional,Financial Services,SHBI
2008Q1,2008,Q1,2008-05-09,2008-03-31,3372000.0,15532000.0,0.0,0.4,15532000.0,1.0,1003836000.0,122699000.0,0.0,0.0,881137000.0,0.0,92076000.0,180823500.0,214856500.0,14.555041518386714,0.0,0.057974609398347934,0.4743070440671888,0.0,14.555041518386714,0.02748188656794269,11.64199716713881,13.406249999999998,1.4737161672059267,0.3982799525504152,0.0,0.007427131982292125,0.015472646926390367,0.0,0.0033591144370195927,30.857252559726962,1.0,0.009580838323353347,0.2765957953193177,0.6635644369328805,0.47472141094022474,0.0258239218017304,0.009580838323353293,0.0,0.071428589826143,0.340035914635961,0.27950918515591083,Banks—Regional,Financial Services,SHBI
2007Q4,2007,Q4,2008-03-17,2007-12-31,3340000.0,15141000.0,0.0,0.3962040332147094,15141000.0,1.0,956911000.0,120235000.0,0.0,0.0,836676000.0,0.0,90365000.0,185038500.0,224983500.0,14.262752075919336,0.0,0.06288881620129771,0.5005114983157982,0.0,14.262752075919336,0.027778932923025742,12.221022389538339,13.850187125748503,1.5389736765500894,0.40179640718562876,0.0,0.0072525447406891,0.01582278811718122,0.0,0.003490397748588949,28.06164695177434,1.0,-0.009489916963226624,0.32539116960027414,0.7634777898469421,0.47068505241160685,0.12006213936972925,-0.003282602208296031,0.0,0.5351502311644435,0.48720652959760896,0.2762589090840563,Banks—Regional,Financial Services,SHBI
2007Q3,2007,Q3,2007-11-09,2007-09-30,3351000.0,13518000.0,0.0,0.4,13518000.0,1.0,939877000.0,117736000.0,0.0,0.0,822141000.0,0.0,88367000.0,202651725.0,234426725.0,14.053834676216056,0.0,0.058932179423477754,0.47045083916559083,0.0,14.053834676216056,0.02846198274104777,14.991250554815801,15.11875,1.7212384062648638,0.39988063264697105,0.0,0.006612329601438133,0.014382733059751436,0.0,0.0035653601481896034,61.20559498640894,1.0,0.0,0.30434774919614166,0.6124239563176355,0.4904492162487835,0.001110864252388358,-0.0014898688915375446,0.0,0.13207550255536626,0.2865810765851335,0.26988914637160194,Banks—Regional,Financial Services,SHBI
2007Q2,2007,Q2,2007-08-09,2007-06-30,3356000.0,13503000.0,0.0,0.4,13503000.0,1.0,940763000.0,114930000.0,0.0,0.0,825833000.0,0.0,86356000.0,216881500.0,239145500.0,13.698450536352802,0.0,0.057995478138489716,0.4747237448881928,0.0,13.698450536352802,0.02920038284172975,16.06172702362438,16.15625,1.887074741146785,0.3995828367103695,0.0,0.0061830999877813455,0.014353243059091397,0.0,0.0035673171670229376,118.90433114035088,1.0,-0.02439024390243891,0.5000000000000001,0.7738334158083392,0.48691396524273983,-0.003689220098871099,-0.013811342932706435,0.0,0.2765956923076924,0.37126272978615515,0.2792094031937124,Banks—Regional,Financial Services,SHBI
2007Q1,2007,Q1,2007-05-10,2007-03-31,3403000.0,13553000.0,0.0,0.41,13553000.0,1.0,960350000.0,113382000.0,0.0,0.0,846968000.0,0.0,84341000.0,219535000.0,233593000.0,13.660481927710844,0.0,0.06228458374550945,0.5275528743539539,0.0,13.660481927710844,0.03001358240285054,16.198258688113334,16.128048780487806,1.9362420842814554,0.39406406112253894,0.0,0.006108365408704763,0.01411256312802624,0.0,0.003543499765710418,41.398265132943614,1.0,0.11448801671568265,0.8636363850574712,1.088403620750791,0.5130660542548314,0.07580295081009478,0.11448801671568275,0.0,0.3085106001589826,0.40986790012955043,0.2816587041755853,Banks—Regional,Financial Services,SHBI
