Quarters,Year,Quarter,FillingDate,Date,NetIncome,Revenue,OperatingIncome,EPSDiluted,GrossProfit,GrossProfitRatio,TotalAssets,CommonStockEquity,CurrentAssets,CurrentLiability,TotalLiability,Inventory,RetainedEarnings,MarketCap,EnterpriseValue,bookValuePerShare,currentRatio,debtToAssets,debtToEquity,roic,shareholdersEquityPerShare,roe,priceToSalesRatio,peRatio,pbRatio,payoutRatio,inventoryTurnover,dividendYield,assetTurnover,quickRatio,returnOnAssets,priceToFreeCashFlowsRatio,grossProfitMargin,epsdilutedGrowth,fiveYNetIncomeGrowthPerShare,fiveYRevenueGrowthPerShare,fiveYShareholdersEquityGrowthPerShare,grossProfitGrowth,netIncomeGrowth,operatingIncomeGrowth,threeYNetIncomeGrowthPerShare,threeYRevenueGrowthPerShare,threeYShareholdersEquityGrowthPerShare,Industry,Sector,Symbol
2024Q1,2024,Q1,2023-05-23,2023-04-30,3873000000.0,37257000000.0,5551000000.0,3.82,12557000000.0,0.3370373353,76386000000.0,362000000.0,32423000000.0,25446000000.0,76024000000.0,25371000000.0,78651000000.0,300677000000.0,348845000000.0,0.3584158415841584,1.2741884775603238,0.6470819260073836,136.5414364640884,0.07385666998120692,0.3584158415841584,10.69889502762431,8.070349196124218,19.408533436612444,830.5994475138122,0.546862896979086,0.9735524811792992,0.007044103805745036,0.487746445683764,0.2150829206948047,0.050703008404681484,63.851560840942874,0.3370373352658561,0.1575757575757576,0.8375710449580733,0.7034157562547452,-0.75524893331064,0.052909609257085356,0.15199286139202856,0.16813973063973064,0.8327764669562724,0.4005998402388008,1.110194899146075,Home Improvement Retail,Consumer Cyclical,HD
2023Q4,2023,Q4,2023-03-15,2023-01-29,3362000000.0,35831000000.0,4752000000.0,3.3,11926000000.0,0.332840278,76445000000.0,1562000000.0,32471000000.0,23110000000.0,74883000000.0,24886000000.0,76896000000.0,318953600000.0,366560600000.0,1.5389162561576355,1.4050627434011251,0.658826607364772,32.24327784891165,0.06223273526238396,1.5389162561576355,2.1523687580025608,8.90161033741732,23.717549077929803,204.1956466069142,0.5749553837001785,0.9605802459214016,0.006060442647457185,0.4687160703773955,0.26282994374729557,0.043979331545555625,86.41387157951775,0.3328402779715888,-0.22169811320754726,1.1598008512005138,0.7145967544158726,0.22774611908036954,-0.09815486993345432,-0.22516708919105785,-0.22706571242680545,0.44588369142428264,0.48287566878484334,1.5348672353718613,Home Improvement Retail,Consumer Cyclical,HD
2023Q3,2023,Q3,2022-11-22,2022-10-30,4339000000.0,38872000000.0,6148000000.0,4.24,13224000000.0,0.3401934554,76866000000.0,1298000000.0,33681000000.0,24280000000.0,75568000000.0,25719000000.0,75467000000.0,302052600000.0,349303600000.0,1.272549019607843,1.387191103789127,0.6467488876746545,38.29969183359014,0.08043279050896779,1.272549019607843,3.342835130970724,7.77044144885779,17.403353307213642,232.70616332819725,0.448490435584236,0.9972393949998056,0.006442586489902752,0.5057112377384019,0.25510708401976934,0.05644888507272396,145.9191304347826,0.3401934554435069,-0.16039603960396032,1.2949563012271885,0.7786402533522001,-0.4155181852528664,-0.08692950355589311,-0.16122172820413685,-0.14729542302357837,0.6729940730354981,0.5245041498214096,2.280781776666304,Home Improvement Retail,Consumer Cyclical,HD
2023Q2,2023,Q2,2022-08-23,2022-07-31,5173000000.0,43792000000.0,7210000000.0,5.05,14483000000.0,0.3307225064,75825000000.0,237000000.0,32941000000.0,27834000000.0,75588000000.0,26088000000.0,73074000000.0,312853860000.0,358972860000.0,0.2316715542521994,1.1834806351943665,0.6248334981866139,199.9071729957806,0.10117687848423149,0.2316715542521994,21.827004219409282,7.144087047862623,15.119556350280302,1320.0584810126584,0.37657065532572975,1.1234667279975468,0.006226549354385463,0.5775403890537422,0.17906157936336853,0.06822288163534454,118.05806037735849,0.3307225063938619,0.23471882640586797,1.2387991612083753,0.8016646029885287,-0.922884792155219,0.10178775199695701,0.22264240132356417,0.21605667060212513,0.5915728977973413,0.5199628683602159,1.2186899585397917,Home Improvement Retail,Consumer Cyclical,HD
2023Q1,2023,Q1,2022-05-24,2022-05-01,4231000000.0,38908000000.0,5929000000.0,4.09,13145000000.0,0.3378482574,76567000000.0,-1709000000.0,33867000000.0,30387000000.0,78276000000.0,25297000000.0,69849000000.0,316179100000.0,361150100000.0,-1.659223300970874,1.1145226577154703,0.624485744511343,-27.978349912229373,0.08626765547409108,-1.659223300970874,-2.47571679344646,8.126326205407628,18.682291420467976,-185.00825043885314,0.46372016071850625,1.0184211566588923,0.006205343743466914,0.5081562553058105,0.22312172968703722,0.05525879295257748,102.4891734197731,0.33784825742777835,0.27414330218068533,1.4434482891603437,0.8945099519948497,-1.5017035624843784,0.10816051256111954,0.2622315035799523,0.2288082901554404,0.79970213144078,0.5765136942113752,0.14754789810129157,Home Improvement Retail,Consumer Cyclical,HD
2022Q4,2022,Q4,2022-03-23,2022-01-30,3352000000.0,35719000000.0,4825000000.0,3.21,11862000000.0,0.3320921638,71876000000.0,-1696000000.0,29055000000.0,28693000000.0,73572000000.0,22068000000.0,67580000000.0,380925240000.0,424851240000.0,-1.6339113680154143,1.012616317568745,0.6437336524013579,-27.28125,0.07077965611311916,-1.6339113680154143,-1.9764150943396226,10.66449900613119,28.410295346062053,-224.6021462264151,0.5134248210023866,1.0810676092079028,0.004517946881125546,0.4969530858701096,0.20105949186212665,0.04663587289220324,161.683039049236,0.33209216383437384,-0.18112244897959184,1.2330964628519911,0.8687850599626062,-1.4547650841972282,-0.05579877417814216,-0.18818115766529425,-0.16738567730802417,0.5374933417506756,0.4496654224152474,0.029049474597868878,Home Improvement Retail,Consumer Cyclical,HD
2022Q3,2022,Q3,2021-11-23,2021-10-31,4129000000.0,36820000000.0,5795000000.0,3.92,12563000000.0,0.3412004345,73031000000.0,1035000000.0,30466000000.0,26903000000.0,71996000000.0,20582000000.0,65951000000.0,384437520000.0,424635520000.0,0.9866539561487131,1.1324387614764153,0.6198052881652997,43.734299516908216,0.0834676600563397,0.9866539561487131,3.9893719806763284,10.440997284084737,23.27667231775248,371.43721739130433,0.42092516347783965,1.1785540763774172,0.004520890676851728,0.5041694622831401,0.31966695164108094,0.0565376347030713,140.10113702623906,0.34120043454644217,-0.13465783664459166,1.4468373226381652,0.8555116473419196,-0.7851895335599387,-0.08064398097328943,-0.14104431038069482,-0.12712757945473716,0.5582515345888904,0.5146607937907413,-0.15162709073576558,Home Improvement Retail,Consumer Cyclical,HD
2022Q2,2022,Q2,2021-08-24,2021-08-01,4807000000.0,41118000000.0,6639000000.0,4.53,13665000000.0,0.3323362031,70769000000.0,2069000000.0,28262000000.0,26666000000.0,68700000000.0,18909000000.0,63560000000.0,346198760000.0,383980760000.0,1.9555765595463137,1.0598514962874073,0.5983976034704461,20.46785886901885,0.09984444455331899,1.9555765595463137,2.3233446109231513,8.419640060314217,18.004928229665072,167.32661188980185,0.3642604535053048,1.451848326193876,0.005057788190806922,0.5810171120123218,0.29580739518487964,0.06792522149528749,110.99671689644117,0.33233620312272,0.17357512953367885,1.2987282475108208,0.813119872422179,-0.6372033872555659,0.07243760791084602,0.15971049457177322,0.1484172288531396,0.4825268483841366,0.45948510967502354,0.11357868796465057,Home Improvement Retail,Consumer Cyclical,HD
2022Q1,2022,Q1,2021-05-25,2021-05-02,4145000000.0,37500000000.0,5781000000.0,3.86,12742000000.0,0.3397866667,72567000000.0,1748000000.0,30672000000.0,27758000000.0,70819000000.0,19178000000.0,60504000000.0,353719170000.0,389014170000.0,1.6321195144724556,1.1049787448663448,0.5779899954524784,23.994851258581235,0.08836831771307818,1.6321195144724556,2.3712814645308926,9.4325112,21.334087454764777,202.35650457665903,0.428226779252111,1.2909583898216708,0.005018105182142094,0.5167638182645004,0.370055479501405,0.05711962737883611,61.133627722087795,0.3397866666666667,0.45660377358490567,1.6767375465623484,0.9182174231611633,-0.6787288027549878,0.17643800203120671,0.45082254112705633,0.41587068332108745,0.8546120611306088,0.6168731492276234,0.11452381782588544,Home Improvement Retail,Consumer Cyclical,HD
2021Q4,2021,Q4,2021-03-24,2021-01-31,2857000000.0,32261000000.0,4083000000.0,2.65,10831000000.0,0.3357304485,70581000000.0,3299000000.0,28477000000.0,23166000000.0,67282000000.0,16627000000.0,58134000000.0,290055180000.0,325582180000.0,3.0716945996275604,1.2292583959250627,0.6152080588260297,13.162170354652925,0.05870394911851463,3.0716945996275604,0.8660200060624431,8.9908924087908,25.381097304865243,87.92215216732343,0.5649282464123206,1.2888675046610933,0.00556445845924903,0.4570776837959224,0.46995596995596994,0.0404783156940253,625.1189224137931,0.3357304485291838,-0.16666666666666674,1.2641104810950883,0.7925545833311142,-0.3911080369325988,-0.054556564245810055,-0.16754079254079254,-0.15849134377576257,0.7345547003474217,0.4589575452834118,1.4505954164841612,Home Improvement Retail,Consumer Cyclical,HD
2021Q3,2021,Q3,2020-11-24,2020-11-01,3432000000.0,33536000000.0,4852000000.0,3.18,11456000000.0,0.3416030534,66919000000.0,1535000000.0,34505000000.0,25395000000.0,65384000000.0,16155000000.0,56892000000.0,290504020000.0,316896020000.0,1.4305684995340169,1.358732033864934,0.6133385137255488,26.738762214983712,0.07622288127490087,1.4305684995340169,2.2358306188925083,8.662452886450382,21.16142336829837,189.2534332247557,0.47027972027972026,1.3667595171773446,0.005555861154692455,0.5011431730898549,0.6819452648159087,0.05128588293309822,137.354146572104,0.3416030534351145,-0.2089552238805969,1.3511357834596216,0.816334993992556,-0.7619161494409853,-0.11475156479406537,-0.2077562326869806,-0.2002637217735289,0.7255696725633812,0.45868978461840515,-0.3429398319088746,Home Improvement Retail,Consumer Cyclical,HD
2021Q2,2021,Q2,2020-08-25,2020-08-02,4332000000.0,38053000000.0,6067000000.0,4.02,12941000000.0,0.3400783118,63349000000.0,-414000000.0,31361000000.0,24199000000.0,63763000000.0,13498000000.0,55074000000.0,285611140000.0,312044140000.0,-0.385834109972041,1.2959626430844249,0.6404520986913763,-98.0,0.09996467303616997,-0.385834109972041,-10.46376811594203,7.505614274827215,16.482637349953833,-689.8819806763286,0.3721144967682364,1.8604237664839236,0.005644037553997368,0.6006882508011177,0.6901524856399025,0.06838308418443859,33.03390469581309,0.34007831182823955,0.9326923076923074,1.318634072593261,0.8325532663924506,-1.0573144799229048,0.3445194805194805,0.9296213808463252,0.8519536019536019,0.7874628190031868,0.4926018614660456,-1.1284304310908622,Home Improvement Retail,Consumer Cyclical,HD
2021Q1,2021,Q1,2020-05-27,2020-05-03,2245000000.0,28260000000.0,3276000000.0,2.08,9625000000.0,0.3405874027,58737000000.0,-3490000000.0,27277000000.0,23348000000.0,62227000000.0,14989000000.0,52354000000.0,238034320000.0,271088320000.0,-3.2525629077353213,1.1682799383244817,0.7107955802986192,-11.962750716332378,0.05605904506184925,-3.2525629077353213,-0.6432664756446992,8.42301203113942,26.50716258351893,-68.20467621776505,0.7175946547884187,1.2432450463673361,0.00676793161591152,0.4811277389039277,0.4842384786705499,0.038221223419650306,46.21128324597166,0.34058740268931353,-0.08771929824561392,0.719923719224892,0.6363940772240668,-1.4586947690395966,0.10176282051282051,-0.0951229343006852,-0.03732001175433441,0.24455465978597168,0.3208930163614793,-1.9834857050648447,Home Improvement Retail,Consumer Cyclical,HD
2020Q4,2020,Q4,2020-03-25,2020-02-02,2481000000.0,25782000000.0,3403000000.0,2.28,8736000000.0,0.3388410519,51236000000.0,-3116000000.0,19810000000.0,18375000000.0,54352000000.0,14531000000.0,51729000000.0,250757820000.0,286001820000.0,-2.8771929824561404,1.078095238095238,0.7295065969240377,-11.995186136071887,0.0675848060799119,-2.8771929824561404,-0.7962130937098845,9.726080986734932,25.267817412333734,-80.47426829268292,0.5969367190648932,1.1730782465074667,0.005906096966387729,0.5032008743851979,0.23069387755102042,0.04842298383948786,110.3687588028169,0.3388410518966721,-0.09881422924901187,1.1695877417294238,0.6225216054049725,-1.4030909713674877,-0.06935123042505593,-0.10400866738894908,-0.13782619711173044,0.5841603344430608,0.2928423282968224,-1.8008065397743147,Home Improvement Retail,Consumer Cyclical,HD
2020Q3,2020,Q3,2019-11-26,2019-11-03,2769000000.0,27223000000.0,3947000000.0,2.53,9387000000.0,0.3448187195,52309000000.0,-1082000000.0,21174000000.0,19565000000.0,53391000000.0,15711000000.0,50729000000.0,255827880000.0,288685880000.0,-0.9935720844811754,1.0822386915410172,0.6700758951614445,-32.39463955637708,0.07467881954468455,-0.9935720844811754,-2.5591497227356745,9.39749035741836,23.097497291440952,-236.43981515711644,0.5366558324304803,1.1352555534338997,0.005808592871113187,0.5204266952149725,0.2261180679785331,0.052935441319849355,168.08664914586072,0.34481871946515813,-0.20189274447949532,1.1952911739982186,0.6169118201279353,-1.130412478348815,-0.10017254601226994,-0.20408163265306123,-0.19383169934640523,0.5806320278364232,0.32148881688329023,-1.2163166544654853,Home Improvement Retail,Consumer Cyclical,HD
2020Q2,2020,Q2,2019-08-27,2019-08-04,3479000000.0,30839000000.0,4896000000.0,3.17,10432000000.0,0.338272966,52010000000.0,-1160000000.0,20699000000.0,18798000000.0,53170000000.0,14741000000.0,49446000000.0,224409300000.0,256335300000.0,-1.0593607305936072,1.1011277795510162,0.6628148432993655,-29.718103448275862,0.0936998745399023,-1.0593607305936072,-2.9991379310344826,7.2768021012354485,16.125991664271343,-193.45629310344827,0.4288588674906582,1.3843701241435453,0.0066485658125576795,0.5929436646798693,0.2564634535588892,0.06689098250336474,66.84816800714924,0.3382729660494828,0.3964757709251101,1.0860826372647288,0.5920385977165308,-1.124456624192982,0.1569258068093601,0.38440111420612816,0.3611342785654712,0.6074574571765818,0.3139122788134202,-1.1965315460842878,Home Improvement Retail,Consumer Cyclical,HD
2020Q1,2020,Q1,2019-05-29,2019-05-05,2513000000.0,26381000000.0,3597000000.0,2.27,9017000000.0,0.341799022,51515000000.0,-2143000000.0,20553000000.0,19673000000.0,53658000000.0,15495000000.0,47459000000.0,219792630000.0,252108630000.0,-1.9464123524069028,1.0447313576983683,0.6638454818984761,-15.958002799813345,0.07157614821882921,-1.9464123524069028,-1.1726551563229117,8.331474546074826,21.865562077198568,-102.56305646290247,0.5964982093115798,1.120619554695063,0.0068200648948056174,0.5121032708919732,0.21343973974482794,0.04878190818208289,56.443921417565484,0.34179902202342594,0.08612440191387569,1.2626085192510728,0.6637685407877609,-1.2190635341462404,-0.0011077877478675086,0.07209897610921502,0.06483126110124333,0.5786138049259911,0.3126833279584399,-1.3831375222496303,Home Improvement Retail,Consumer Cyclical,HD
2019Q4,2019,Q4,2019-03-28,2019-02-03,2344000000.0,26491000000.0,3378000000.0,2.09,9027000000.0,0.3407572383,44003000000.0,-1878000000.0,18529000000.0,16716000000.0,45881000000.0,13925000000.0,46423000000.0,208055880000.0,235479880000.0,-1.6827956989247312,1.1084589614740368,0.6636365702338477,-15.549520766773163,0.09308803336652888,-1.6827956989247312,-1.248136315228967,7.85383262240006,22.19026023890785,-110.7858785942492,0.4931740614334471,1.2541472172351884,0.005556199613296196,0.6020271345135559,0.22218234027279254,0.05326909528895757,91.614214002642,0.34075723830734966,-0.16733067729083664,1.8654445612061126,0.8538179861232637,-1.1857230199579922,-0.013550431646814555,-0.1824206487617719,-0.12713178294573643,0.7876606019848492,0.4165535703913267,-1.333575081547461,Home Improvement Retail,Consumer Cyclical,HD
2019Q3,2019,Q3,2018-11-20,2018-10-28,2867000000.0,26302000000.0,3870000000.0,2.51,9151000000.0,0.3479203102,45200000000.0,1320000000.0,19809000000.0,18196000000.0,43880000000.0,14754000000.0,45235000000.0,196582000000.0,220602000000.0,1.1629955947136563,1.0886458562321388,0.5704424778761062,19.533333333333335,0.11227643255114207,1.1629955947136563,2.171969696969697,7.4740323929739185,17.141785838855945,148.9257575757576,0.4098360655737705,1.1624644164294429,0.0059771494846934115,0.5819026548672567,0.21625632007034512,0.06342920353982301,130.2730284956925,0.3479203102425671,-0.17704918032786887,1.6325652070419368,0.6758286667164439,-0.8847968342931738,-0.11712493970091654,-0.1822589845978323,-0.21036523158539075,0.8567865670688886,0.3467200413170997,-0.8064472484450825,Home Improvement Retail,Consumer Cyclical,HD
2019Q2,2019,Q2,2018-08-21,2018-07-29,3506000000.0,30463000000.0,4901000000.0,3.05,10365000000.0,0.3402488264,46232000000.0,2009000000.0,20802000000.0,18426000000.0,44223000000.0,14044000000.0,43543000000.0,225688320000.0,247696320000.0,1.756118881118881,1.1289482253337675,0.5515227548018689,12.691886510701842,0.1341941863680281,1.756118881118881,1.7451468392234943,7.408604536651019,16.093006274957215,112.33863613738178,0.3377067883628066,1.43107376815722,0.005246173129384808,0.6589159024052604,0.3068490176923912,0.07583491953625195,66.55509289295193,0.34024882644519583,0.4663461538461537,1.448333560589828,0.6954650557683147,-0.8372997496107717,0.2028548218637577,0.4584026622296173,0.44957113280094646,0.7600677075833744,0.3759861860721742,-0.7391338978261521,Home Improvement Retail,Consumer Cyclical,HD
2019Q1,2019,Q1,2018-05-22,2018-04-29,2404000000.0,24947000000.0,3381000000.0,2.08,8617000000.0,0.345412274,46650000000.0,1687000000.0,21214000000.0,18133000000.0,44963000000.0,14432000000.0,41221000000.0,212889600000.0,235083600000.0,1.4644097222222223,1.1699112116031545,0.5529046087888532,15.289270895080024,0.09413621340953249,1.4644097222222223,1.4250148192056906,8.53367539183068,22.139101497504164,126.19419087136929,0.49459234608985025,1.1315133037694014,0.005585054413179413,0.5347695605573419,0.3250978878288204,0.05153269024651661,62.157547445255474,0.34541227402092434,0.368421052631579,1.4987198658691316,0.6623144056915101,-0.8688614974548758,0.06474731249227728,0.35132096683530073,0.060206961429915336,0.7154361058335091,0.3454925931687755,-0.7934806801994302,Home Improvement Retail,Consumer Cyclical,HD
2018Q4,2018,Q4,2018-03-22,2018-01-28,1779000000.0,23883000000.0,3189000000.0,1.52,8093000000.0,0.3388602772,44529000000.0,1454000000.0,18933000000.0,16194000000.0,43075000000.0,12748000000.0,39935000000.0,237707200000.0,261140200000.0,1.2534482758620689,1.1691367173027047,0.6069752296256372,18.58872077028886,0.0676814607090223,1.2534482758620689,1.2235213204951858,9.95298748063476,33.40460933108488,163.48500687757908,0.5834738617200674,1.2386256667712583,0.004366716700209333,0.5363470996429294,0.342534271952575,0.039951492285926024,136.06594161419576,0.3388602771846083,-0.1739130434782609,1.2215719882468168,0.66890414337389,-0.8957163750914102,-0.06417668825161887,-0.17829099307159355,-0.13342391304347825,0.4524355479982997,0.4032441182080913,-0.8243935369796329,Home Improvement Retail,Consumer Cyclical,HD
2018Q3,2018,Q3,2017-11-21,2017-10-29,2165000000.0,25026000000.0,3680000000.0,1.84,8648000000.0,0.345560617,45023000000.0,2543000000.0,19682000000.0,16002000000.0,42480000000.0,13419000000.0,39193000000.0,193082080000.0,215122080000.0,2.17722602739726,1.2299712535933007,0.5683539524243164,10.06252457727094,0.0824956990864382,2.17722602739726,0.8513566653558788,7.715259330296492,22.295852193995383,75.92688950058987,0.48221709006928404,1.2205082345927416,0.005407026897576409,0.5558492326144415,0.35714285714285715,0.04808653354951913,140.8330269876003,0.3455606169583633,-0.18222222222222217,1.9105565882165738,0.7573641470657124,-0.8174802625583647,-0.08593171969136455,-0.18974550898203593,-0.175442527447905,0.6003394577588436,0.3858838374058869,-0.7142256242971153,Home Improvement Retail,Consumer Cyclical,HD
2018Q2,2018,Q2,2017-08-22,2017-07-30,2672000000.0,28108000000.0,4463000000.0,2.25,9461000000.0,0.3365945638,45959000000.0,3554000000.0,20511000000.0,15823000000.0,42405000000.0,12868000000.0,38073000000.0,176976800000.0,197113800000.0,3.004226542688081,1.2962775706250396,0.5432450662547053,7.02504220596511,0.09922110531733025,3.004226542688081,0.7518289251547552,6.2963142165931405,16.558458083832335,49.79651097355092,0.3970808383233533,1.4490985390115014,0.005995136085633823,0.6115885898300659,0.4434683688301839,0.05813877586544529,60.816769759450175,0.3365945638252455,0.34730538922155696,1.2129603676098952,0.7337704664730579,-0.744281272509084,0.16028942850134903,0.32671300893743793,0.33263660794266947,0.4830059996288889,0.34311322402153077,-0.6470551692015224,Home Improvement Retail,Consumer Cyclical,HD
2018Q1,2018,Q1,2017-05-23,2017-04-30,2014000000.0,23887000000.0,3349000000.0,1.67,8154000000.0,0.3413572236,44944000000.0,3962000000.0,19896000000.0,16438000000.0,40982000000.0,13609000000.0,36461000000.0,184743580000.0,204115580000.0,3.307178631051753,1.210366224601533,0.5103462086151656,5.789247854618879,0.08067843565445708,3.307178631051753,0.508329126703685,7.734063716665969,22.93242055610725,46.628869257950534,0.5307845084409136,1.1560731868616356,0.005786398639671267,0.5314836240655038,0.34852171797055603,0.04481132075471698,44.993565513882125,0.3413572235944237,0.1597222222222222,1.4721621381852203,0.7041361800965069,-0.7199707440077459,0.0795710313782603,0.15481651376146788,0.1441749231294841,0.6665060573520527,0.38450256531411064,-0.6277858398939776,Home Improvement Retail,Consumer Cyclical,HD
2017Q4,2017,Q4,2017-03-23,2017-01-29,1744000000.0,22207000000.0,2927000000.0,1.44,7553000000.0,0.3401179808,42966000000.0,4333000000.0,17724000000.0,14133000000.0,38633000000.0,12549000000.0,35519000000.0,166994820000.0,188057820000.0,3.5928689883913765,1.2540861812778603,0.5492947912302751,5.446803600276945,0.0678829986751833,3.5928689883913765,0.40249249942303256,7.519918043860044,23.938477637614678,38.540230786983614,0.47993119266055045,1.1677424495975774,0.005012131514019417,0.5168505329795653,0.32314441378334396,0.040590234138621235,120.31327089337175,0.34011798081685957,-0.10000000000000009,1.8679170898307775,0.765026134884878,-0.6918620014984488,-0.0608057697090276,-0.11427120365667852,-0.11837349397590362,0.972866827429159,0.43805507198786064,-0.6034702969208686,Home Improvement Retail,Consumer Cyclical,HD
2017Q3,2017,Q3,2016-11-22,2016-10-30,1969000000.0,23154000000.0,3320000000.0,1.6,8042000000.0,0.3473265958,44502000000.0,5622000000.0,19348000000.0,14431000000.0,38880000000.0,13241000000.0,34612000000.0,149340240000.0,168632240000.0,4.5931372549019605,1.340724828494214,0.5141566671160847,4.069903948772679,0.07436675949144635,4.5931372549019605,0.35023123443614373,6.4498678414096915,18.96143219908583,26.563543223052296,0.43118334179786694,1.1413035269239484,0.005685004925665045,0.5202912228663881,0.3869447716720948,0.04424520246281066,251.41454545454545,0.3473265958365725,-0.18781725888324868,1.6523946480805025,0.6813844318750242,-0.6019229347431471,-0.09913744819088159,-0.19336337566571077,-0.19083597367779673,0.6765310614746763,0.3679849340866291,-0.5450163743561306,Home Improvement Retail,Consumer Cyclical,HD
2017Q2,2017,Q2,2016-08-23,2016-07-31,2441000000.0,26472000000.0,4103000000.0,1.97,8927000000.0,0.3372242369,44247000000.0,6657000000.0,18941000000.0,14525000000.0,37590000000.0,12323000000.0,33492000000.0,171380950000.0,188305950000.0,5.390283400809716,1.3040275387263338,0.47332022510000676,3.146011716989635,0.09364584385226742,5.390283400809716,0.36668168844824994,6.474046161982472,17.552329987709957,25.744471984377352,0.3506759524784924,1.4237604479428712,0.004994720825155887,0.5982778493457184,0.41397590361445785,0.0551675819829593,59.73543046357616,0.337224236929586,0.3680555555555556,1.2737935192968595,0.6612195695919239,-0.5364468615987695,0.14580926710306763,0.3538546866333888,0.333441663958401,0.5790123261872273,0.36477793912349127,-0.5006030238557221,Home Improvement Retail,Consumer Cyclical,HD
2017Q1,2017,Q1,2016-05-24,2016-05-01,1803000000.0,22762000000.0,3077000000.0,1.44,7791000000.0,0.3422809946,44576000000.0,6335000000.0,19010000000.0,15149000000.0,38241000000.0,13219000000.0,31907000000.0,169654350000.0,187345350000.0,5.080192461908581,1.2548683081391512,0.4699389806173726,3.3067087608524073,0.07159995673929956,5.080192461908581,0.2846093133385951,7.453402600825938,23.523897670549086,26.780481452249408,0.47809206877426513,1.1325365004917165,0.005080918939007458,0.5106335247666905,0.3462934847184633,0.040447774587221826,51.23961038961039,0.3422809946401898,0.2307692307692308,1.8472244717370954,0.7349580740195063,-0.5536197523578513,0.08873672442705421,0.2256968048946295,0.2071400549234994,0.7312702198163031,0.401171470806237,-0.5450666422203504,Home Improvement Retail,Consumer Cyclical,HD
2016Q4,2016,Q4,2016-03-24,2016-01-31,1471000000.0,20980000000.0,2549000000.0,1.17,7156000000.0,0.3410867493,42549000000.0,6316000000.0,16993000000.0,12526000000.0,36233000000.0,11809000000.0,30973000000.0,158390520000.0,177489520000.0,5.044728434504792,1.3566182340731279,0.5009518437566101,3.3747625079164028,0.05866921435432921,5.044728434504792,0.23290056998100064,7.5495958055290755,26.91885112168593,25.077663077897405,0.5057783820530252,1.1706325683800491,0.004697250820314245,0.49307856823897156,0.32779817978604503,0.03457190533267527,99.80499054820416,0.34108674928503335,-0.13333333333333344,2.2545487696687005,0.8013479107763158,-0.565740460876447,-0.05406477197620621,-0.1472463768115942,-0.1449178128144918,0.7019655915862729,0.35831863362585664,-0.5802917615664854,Home Improvement Retail,Consumer Cyclical,HD
2016Q3,2016,Q3,2015-11-24,2015-11-01,1725000000.0,21819000000.0,2981000000.0,1.35,7565000000.0,0.3467161648,44152000000.0,7619000000.0,18606000000.0,15976000000.0,36533000000.0,12495000000.0,30246000000.0,157751880000.0,175573880000.0,6.0086750788643535,1.164621932899349,0.4725040768255119,2.7381546134663344,0.06586986996624324,6.0086750788643535,0.22640766504790655,7.23002337412347,22.862591304347827,20.70506365664785,0.4371014492753623,1.1407763105242097,0.0047796577765032025,0.49417919913027725,0.3118427641462193,0.03906957782206921,149.66971537001896,0.3467161648104863,-0.2196531791907514,1.6702533871956065,0.6971041986359195,-0.48541976959974126,-0.09563658099222953,-0.2278424350940018,-0.18261584864272004,1.1361455234694318,0.41133058475329765,-0.4962848211595843,Home Improvement Retail,Consumer Cyclical,HD
2016Q2,2016,Q2,2015-08-25,2015-08-02,2234000000.0,24829000000.0,3647000000.0,1.73,8365000000.0,0.3369044263,43798000000.0,8637000000.0,19531000000.0,16399000000.0,35161000000.0,11859000000.0,29275000000.0,149969870000.0,164408870000.0,6.731878409976617,1.1909872553204464,0.4423717977989863,2.243255760101887,0.08163172841726267,6.731878409976617,0.25865462544865114,6.040109146562488,16.782662264995523,17.363652888734514,0.341987466427932,1.388312673918543,0.005094356619766357,0.5668980318736015,0.4044149033477651,0.051006895292022465,69.85089427107592,0.336904426275726,0.4297520661157025,1.4146440023644247,0.6480860762726464,-0.4277297499773028,0.16520406741886057,0.4148195060164661,0.40431266846361186,0.7059976922560334,0.4121439595078835,-0.42698483081689337,Home Improvement Retail,Consumer Cyclical,HD
2016Q1,2016,Q1,2015-05-27,2015-05-03,1579000000.0,20891000000.0,2597000000.0,1.21,7179000000.0,0.3436408023,42510000000.0,9204000000.0,17995000000.0,17005000000.0,33306000000.0,12306000000.0,27805000000.0,142857880000.0,156902880000.0,7.090909090909091,1.0582181711261394,0.3968948482709951,1.833116036505867,0.06541519554130651,7.090909090909091,0.17155584528465884,6.838249964099373,22.618410386320456,15.521282051282052,0.487017099430019,1.1142532098163498,0.005382972223863324,0.4914373088685015,0.27438988532784475,0.03714420136438485,46.35232965606749,0.3436408022593461,0.1523809523809523,1.8138600499442112,0.6005998033458616,-0.38612077097441816,0.0678268630075859,0.145032632342277,0.1853035143769968,0.7888821896191093,0.3755742645053485,-0.3995903401188519,Home Improvement Retail,Consumer Cyclical,HD
2015Q4,2015,Q4,2015-03-26,2015-02-01,1379000000.0,19162000000.0,2191000000.0,1.05,6723000000.0,0.3508506419,39946000000.0,9322000000.0,15302000000.0,11269000000.0,30624000000.0,11079000000.0,26995000000.0,136385580000.00002,151859580000.0,7.137825421133231,1.3578844617978525,0.43050618334751917,1.8447757991847242,0.05443525630200648,7.137825421133231,0.14792962883501395,7.117502348397871,24.725449601160264,14.630506329113926,0.448150833937636,1.1227547612600415,0.004531270827898374,0.47969759174886095,0.2845860324784808,0.03452160416562359,87.87730670103093,0.35085064189541804,-0.08695652173913032,4.226993274406025,0.7050019251474502,-0.37687111648643534,-0.06430062630480167,-0.10279765777488614,-0.1417939678809244,1.094057045399686,0.40639144041459907,-0.38783316451896804,Home Improvement Retail,Consumer Cyclical,HD
2015Q3,2015,Q3,2014-11-25,2014-11-02,1537000000.0,20516000000.0,2553000000.0,1.15,7185000000.0,0.3502144668,41512000000.0,10110000000.0,16749000000.0,12260000000.0,31402000000.0,12008000000.0,26234000000.0,127511430000.0,142057430000.0,7.61868877166541,1.3661500815660685,0.40294372711505105,1.6545004945598418,0.05992401303070082,7.61868877166541,0.1520276953511375,6.215218853577696,20.740310670136633,12.612406528189911,0.40793754066363047,1.1101765489673552,0.004917206245745969,0.49421853921757564,0.3092985318107667,0.037025438427442665,264.5465352697095,0.35021446675765255,-0.243421052631579,1.8275462292041038,0.5894172215646718,-0.33877014891944174,-0.11959318710942286,-0.2502439024390244,-0.2595707656612529,0.909751189671281,0.374181755581886,-0.3397050645300956,Home Improvement Retail,Consumer Cyclical,HD
2015Q2,2015,Q2,2014-08-27,2014-08-03,2050000000.0,23811000000.0,3448000000.0,1.52,8161000000.0,0.3427407501,43479000000.0,11457000000.0,18491000000.0,12839000000.0,32022000000.0,11665000000.0,25324000000.0,107720380000.0,120240380000.0,8.511887072808321,1.4402212010281175,0.3849214563352423,1.4607663437199965,0.0769771926370799,8.511887072808321,0.17892991184428733,4.523975473520641,13.136631707317074,9.402145413284455,0.31170731707317073,1.3416202314616374,0.005932025119109308,0.547643690057269,0.45587662590544437,0.04714919846362612,45.39417614833544,0.34274075007349547,0.52,1.2968293150553611,0.5611449371602152,-0.25267327750344803,0.18533042846768338,0.4865844815083394,0.5142731664470795,0.7521004601553037,0.37100745762233855,-0.26799545164463073,Home Improvement Retail,Consumer Cyclical,HD
2015Q1,2015,Q1,2014-05-28,2014-05-04,1379000000.0,19687000000.0,2277000000.0,1.0,6885000000.0,0.3497231676,42629000000.0,12146000000.0,17515000000.0,13265000000.0,30483000000.0,12343000000.0,23913000000.0,107569230000.0,119799230000.0,8.885149963423554,1.3203920090463626,0.3457974618217645,1.213650584554586,0.05342380198432047,8.885149963423554,0.11353532027004776,5.4639726723218365,19.50131073241479,8.856350238761733,0.4684554024655547,1.037187069594102,0.0060054348255537396,0.46182176452649604,0.327327553712778,0.032348870487227004,47.1588031565103,0.34972316757250976,0.36986301369863017,2.303062174263277,0.49847966360977297,-0.16896146557508934,0.1119186046511628,0.36130306021717673,0.293015332197615,0.9864982468531648,0.3688505838642459,-0.21929031808362107,Home Improvement Retail,Consumer Cyclical,HD
2014Q4,2014,Q4,2014-03-27,2014-02-02,1013000000.0,17696000000.0,1761000000.0,0.73,6192000000.0,0.3499095841,40518000000.0,12522000000.0,15279000000.0,10749000000.0,27996000000.0,11057000000.0,23180000000.0,103774380000.0,116569380000.0,9.060781476121562,1.4214345520513536,0.36339404709018214,1.1758505031145186,0.04136043847291255,9.060781476121562,0.0808976201884683,5.864284584086799,25.610656465942743,8.287364638236705,0.5370187561697927,1.0404268789002442,0.005242141653845583,0.4367441630880103,0.30951716438738486,0.025001234019448145,84.9217512274959,0.3499095840867993,-0.23157894736842102,23.817883368172804,0.4735801095305792,-0.1432089969420968,-0.08914386584289496,-0.25018504811250925,-0.23201046663759267,1.0304104611000033,0.3764597353288813,-0.22003119910139976,Home Improvement Retail,Consumer Cyclical,HD
2014Q3,2014,Q3,2013-11-27,2013-11-03,1351000000.0,19470000000.0,2293000000.0,0.95,6798000000.0,0.3491525424,43814000000.0,14214000000.0,18598000000.0,12529000000.0,29600000000.0,11348000000.0,22711000000.0,108416000000.0,119572000000.0,10.095170454545455,1.4843962008141112,0.3653854932213448,1.126283945405938,0.048693358780491774,10.095170454545455,0.09504713662586182,5.568361581920904,20.06217616580311,7.627409596172787,0.41154700222057733,1.1166725414169898,0.005128394332939787,0.44437850915232574,0.5155239843562934,0.030834892956589217,120.73051224944321,0.34915254237288135,-0.23387096774193553,1.1335293034511782,0.30707816717273967,-0.07751785528968741,-0.11954410050511592,-0.24735376044568244,-0.24022531477799866,0.8833685892195335,0.36381736504398127,-0.13545414417520749,Home Improvement Retail,Consumer Cyclical,HD
2014Q2,2014,Q2,2013-08-28,2013-08-04,1795000000.0,22522000000.0,3018000000.0,1.24,7721000000.0,0.3428203534,42192000000.0,15478000000.0,16895000000.0,12995000000.0,26714000000.0,11086000000.0,21916000000.0,114232440000.0,123571440000.0,10.793584379358437,1.300115429011158,0.3023795980280622,0.8242667011241762,0.06741330500469041,10.793584379358437,0.11597105569194986,5.072038007281769,15.909810584958217,7.3803101175862516,0.3153203342618384,1.335107342594263,0.004954809684534446,0.5337978763746681,0.38176221623701423,0.042543610163064086,67.19555294117647,0.34282035343219963,0.49397590361445787,0.7495248504932502,0.25705605976944595,-0.02765715280593197,0.15601137894894446,0.4641109298531811,0.44126074498567336,0.7358488248013253,0.3375348944490072,-0.08244818827053248,Home Improvement Retail,Consumer Cyclical,HD
2014Q1,2014,Q1,2013-05-29,2013-05-05,1226000000.0,19124000000.0,2094000000.0,0.83,6679000000.0,0.3492470195,44195000000.0,16393000000.0,18620000000.0,14018000000.0,27802000000.0,11825000000.0,20687000000.0,110481680000.0,118936680000.0,11.166893732970028,1.3282921957483236,0.28944450729720556,0.7803330689928628,0.045506726493963756,11.166893732970028,0.07478801927652047,5.7771219410165235,22.528890701468193,6.7395644482401025,0.4706362153344209,1.052431289640592,0.005222585319122591,0.4327186333295622,0.42766443144528465,0.027740694648715918,45.67245969408847,0.3492470194519975,0.2205882352941175,2.9388107338578817,0.2214636353828721,0.05891870426164445,0.049167452089224004,0.2007835455435847,0.19657142857142856,0.9317880296908766,0.29554022551671033,-0.0332517273145043,Home Improvement Retail,Consumer Cyclical,HD
2013Q4,2013,Q4,2013-03-28,2013-02-03,1021000000.0,18246000000.0,1750000000.0,0.68,6366000000.0,0.3488983887,41084000000.0,17777000000.0,15372000000.0,11462000000.0,23307000000.0,10710000000.0,20038000000.0,98146440000.0,106448440000.0,12.019607843137255,1.3411272029314256,0.26277869730308634,0.6073015694436632,0.03932881175812059,12.019607843137255,0.05743376272711931,5.3790660966787245,24.03193927522037,5.520978792822186,0.42213516160626835,1.1092436974789917,0.004391397181599251,0.44411449712783563,0.33929506194381437,0.024851523707526045,84.1736192109777,0.3488983886879316,0.07936507936507943,0.7284002865753938,0.1736609951404147,0.13994248484083704,0.015797032072762087,0.0781414994720169,0.009809578765147143,2.417341810690802,0.4335957715101823,0.049306248565532465,Home Improvement Retail,Consumer Cyclical,HD
2013Q3,2013,Q3,2012-11-21,2012-10-28,947000000.0,18130000000.0,1733000000.0,0.63,6267000000.0,0.34567016,41661000000.0,17738000000.0,15955000000.0,10666000000.0,23923000000.0,10960000000.0,19448000000.0,89279480000.0,97538480000.0,11.92871553463349,1.4958747421713856,0.25954729843258684,0.6095952193031909,0.03631167668332004,11.92871553463349,0.05338820611117375,4.9244059569773855,23.569028511087645,5.033232607960311,0.45617740232312565,1.0823905109489051,0.004838737860032339,0.4351791843690742,0.39368085505344086,0.022731091428434266,113.44279542566709,0.34567015995587425,-0.37623762376237624,0.05655676418357205,0.16386919144939388,0.237588852326414,-0.10802732707087959,-0.3818537859007833,-0.32541845075905024,0.5546970698155178,0.25343836218520716,0.035299253315455574,Home Improvement Retail,Consumer Cyclical,HD
2013Q2,2013,Q2,2012-08-22,2012-07-29,1532000000.0,20570000000.0,2569000000.0,1.01,7026000000.0,0.3415653865,41983000000.0,17634000000.0,16231000000.0,11234000000.0,24349000000.0,10910000000.0,18933000000.0,79928250000.0,87923250000.0,11.748167888074617,1.4448103970090795,0.2573660767453493,0.6127367585346489,0.05723375654263383,11.748167888074617,0.08687762277418623,3.8856708799222166,13.043121736292427,4.53262164001361,0.2845953002610966,1.2414298808432631,0.00545489235658231,0.48996022199461686,0.38410183371906714,0.03649096062692042,55.19906767955801,0.3415653864851726,0.4852941176470587,0.26054170145758754,0.2107927567461337,-0.15266204008735057,0.1363415817564289,0.4801932367149758,0.49883313885647607,0.5392104188605448,0.20938408529911937,0.03146572881368778,Home Improvement Retail,Consumer Cyclical,HD
2013Q1,2013,Q1,2012-05-24,2012-04-29,1035000000.0,17808000000.0,1714000000.0,0.68,6183000000.0,0.347203504,43300000000.0,17975000000.0,17352000000.0,12099000000.0,25325000000.0,11582000000.0,17837000000.0,78824380000.0,86458380000.0,11.81011826544021,1.4341681130671957,0.25,0.6022253129346314,0.03778949386503067,11.81011826544021,0.05757997218358832,4.426346585804133,19.039705314009662,4.38522280945758,0.4289855072463768,1.0037126575720947,0.005632775037367881,0.411270207852194,0.3892883709397471,0.02390300230946882,34.84720601237843,0.34720350404312667,0.3600000000000001,0.27358650562935444,0.061898182688189606,-0.0988189271998843,0.10469894586385564,0.3372093023255814,0.2887218045112782,1.2266230180440443,0.2174196889718443,0.10461426257285056,Home Improvement Retail,Consumer Cyclical,HD
2012Q4,2012,Q4,2012-03-22,2012-01-29,774000000.0,16014000000.0,1330000000.0,0.5,5597000000.0,0.3495066817,40518000000.0,17898000000.0,14520000000.0,9376000000.0,22620000000.0,10325000000.0,17246000000.0,68721950000.0,77522950000.0,11.659934853420195,1.5486348122866893,0.2662520361320894,0.6027489104927924,0.03041169317815222,11.659934853420195,0.043245055313442846,4.29136692893718,22.197012273901812,3.8396440943122143,0.5749354005167958,1.008910411622276,0.006475369223370408,0.3952317488523619,0.3447098976109215,0.019102621057307864,122.93729874776386,0.34950668165355314,-0.16666666666666663,0.09241729025442375,0.03167416101476284,-0.06645987030547058,-0.061063579936252305,-0.17130620985010706,-0.17647058823529413,16.696634093376765,0.20059941810951828,0.10256795233162776,Home Improvement Retail,Consumer Cyclical,HD
2012Q3,2012,Q3,2011-11-29,2011-10-30,934000000.0,17326000000.0,1615000000.0,0.6,5961000000.0,0.3440494055,41499000000.0,17769000000.0,15478000000.0,10586000000.0,23730000000.0,10717000000.0,16917000000.0,55131999999.99999,63680999999.99999,11.538311688311689,1.4621197808426223,0.2598375864478662,0.606843378918341,0.03625962566006793,11.538311688311689,0.052563453205019976,3.1820385547731727,14.756959314775159,3.102706961562271,0.4164882226980728,1.0604646822804888,0.007055793368642531,0.41750403624183713,0.34177215189873417,0.022506566423287307,64.63305978898006,0.344049405517719,-0.3023255813953489,-0.1684119236468229,-0.004328498012708517,-0.15077560417822686,-0.1330715532286213,-0.3147468818782098,-0.2959895379250218,0.3485655878513022,0.06344700621016418,0.05435431333180851,Home Improvement Retail,Consumer Cyclical,HD
2012Q2,2012,Q2,2011-09-01,2011-07-31,1363000000.0,20232000000.0,2294000000.0,0.86,6876000000.0,0.3398576512,42277000000.0,18233000000.0,15857000000.0,10947000000.0,24044000000.0,10756000000.0,16372000000.0,53704000000.0,61928000000.0,11.628188775510203,1.4485247099662009,0.2548667123968115,0.5909614435364449,0.05018075666020599,11.628188775510203,0.07475456589699994,2.654408857255832,9.8503301540719,2.9454286184390943,0.28980190755685986,1.2417255485310523,0.007355131833755401,0.47855808122619864,0.3547090527085046,0.03223975211107694,25.344030202925907,0.3398576512455516,0.72,-0.035970826300445014,0.023777047128695553,-0.11800882198609472,0.17982155113246398,0.6785714285714286,0.6132208157524613,0.21493938673639168,0.032736677329340595,0.04752840060363247,Home Improvement Retail,Consumer Cyclical,HD
2012Q1,2012,Q1,2011-06-02,2011-05-01,812000000.0,16823000000.0,1422000000.0,0.5,5828000000.0,0.3464304821,42797000000.0,18198000000.0,16161000000.0,11458000000.0,24599000000.0,11694000000.0,15404000000.0,59722650000.0,68679650000.0,11.380863039399625,1.4104555768895095,0.25148959039184987,0.5914386196285306,0.031075306127683257,11.380863039399625,0.04462028794373008,3.5500594424300065,18.387515394088673,3.2818249258160237,0.4963054187192118,0.9402257567983582,0.006747858643245066,0.3930883005818165,0.28469191831035084,0.018973292520503775,31.44952606635071,0.34643048207810734,0.38888888888888895,-0.2765997616434801,0.03635849009703573,-0.13453201678870436,0.11157734121686058,0.3833049403747871,0.3712632594021215,1.395015142891273,-0.013532358992030757,0.07920868875815937,Home Improvement Retail,Consumer Cyclical,HD
2011Q4,2011,Q4,2011-03-24,2011-01-30,587000000.0,15126000000.0,1037000000.0,0.36,5243000000.0,0.346621711,40125000000.0,18889000000.0,13479000000.0,10122000000.0,21236000000.0,10625000000.0,14995000000.0,59788020000.00001,68992020000.0,11.616851168511685,1.331653823355068,0.2429657320872274,0.5161204934088623,0.022374357221358443,11.616851168511685,0.031076287786542433,3.9526656088853636,25.463381601362865,3.165229498650008,0.65587734241908,0.9301647058823529,0.006439417127377692,0.3769719626168224,0.16103536850424818,0.014629283489096574,311.39593750000006,0.34662171096125877,-0.2941176470588236,-0.4021585040753131,0.01574717425043833,-0.0813237472000868,-0.07774846086191732,-0.2961630695443645,-0.2838397790055249,-0.0961334352538757,-0.11499295071097829,0.10174494541603424,Home Improvement Retail,Consumer Cyclical,HD
2011Q3,2011,Q3,2010-12-02,2010-10-31,834000000.0,16598000000.0,1448000000.0,0.51,5685000000.0,0.3425111459,41741000000.0,19115000000.0,15076000000.0,11360000000.0,22626000000.0,10993000000.0,0.0,50272270000.0,58622270000.0,11.676847892486256,1.327112676056338,0.23418221892144414,0.5113784985613392,0.03200692069035158,11.676847892486256,0.043630656552445725,3.028814917459935,15.069625299760194,2.6299905833115353,0.46882494004796166,0.9927226416810697,0.007777647597771097,0.39764260559162456,0.23943661971830985,0.01998035504659687,147.4260117302053,0.3425111459211953,-0.29166666666666663,-0.294429135093613,0.04110415688495476,-0.03568214907739893,-0.13628076572470374,-0.30033557046979864,-0.29331381161542214,-0.15477721592840193,-0.03211353323803226,0.21145790928580335,Home Improvement Retail,Consumer Cyclical,HD
2011Q2,2011,Q2,2010-09-02,2010-08-01,1192000000.0,19410000000.0,2049000000.0,0.72,6582000000.0,0.3391035549,42535000000.0,19445000000.0,15757000000.0,12739000000.0,23090000000.0,10759000000.0,14350000000.0,48135360000.0,55489360000.0,11.76346037507562,1.2369102755318313,0.22919948277888796,0.5013628182051941,0.04400910061398117,11.76346037507562,0.06130110568269478,2.479925811437403,10.095503355704698,2.475462072512214,0.33053691275167785,1.1923041174830376,0.008185250925722795,0.4563300811096744,0.2836172384017584,0.028023980251557543,44.40531365313653,0.3391035548686244,0.6744186046511628,-0.1271594495679048,0.12658568248880914,0.0013845102295965874,0.1360027614773904,0.6441379310344828,0.5701149425287356,-0.10940029603809838,0.03745411254362956,-0.1515590677038375,Home Improvement Retail,Consumer Cyclical,HD
2011Q1,2011,Q1,2010-06-03,2010-05-02,725000000.0,16863000000.0,1305000000.0,0.43,5794000000.0,0.3435924806,43619000000.0,19371000000.0,16646000000.0,13977000000.0,24248000000.0,11479000000.0,13552000000.0,60153989999.99999,67414989999.99999,11.550983899821109,1.1909565715103385,0.22231137806919002,0.5005936709514223,0.02916548293878203,11.550983899821109,0.03742708172009705,3.567217576943604,20.742755172413794,3.1053631717515873,0.5503448275862068,0.9642826030141999,0.006632976465900268,0.3865975836218162,0.2707304857980969,0.016621197184713082,32.133541666666666,0.34359248057878194,1.15,-0.2504610947012246,0.14583335494078906,0.048370227589657824,0.15579493317374826,1.1198830409356726,0.7950481430536451,-0.19033065738121552,-0.08739223347559252,-0.11859239435400802,Home Improvement Retail,Consumer Cyclical,HD
2010Q4,2010,Q4,2010-03-25,2010-01-31,342000000.0,14569000000.0,727000000.0,0.2,5013000000.0,0.3440867596,40877000000.0,19393000000.0,13900000000.0,10363000000.0,21484000000.0,10188000000.0,13226000000.0,48064270000.0,56325270000.0,11.45481393975192,1.3413104313422755,0.23685691220001467,0.49925230753364613,0.018537670115930854,11.45481393975192,0.017635229206414686,3.299078179696616,35.13470029239766,2.478433971020471,1.1140350877192982,0.9379662347860228,0.007926886229625459,0.3564106955011376,0.23072469362153816,0.008366563103945984,762.9249206349207,0.3440867595579655,-0.5121951219512194,-0.572891257611014,0.1266095969197037,0.043631322187017915,-0.09854342744110771,-0.5036284470246735,-0.4243863816310372,-0.5623518143069236,-0.14901110201233533,-0.08288265540300242,Home Improvement Retail,Consumer Cyclical,HD
2010Q3,2010,Q3,2009-12-03,2009-11-01,689000000.0,16361000000.0,1263000000.0,0.41,5561000000.0,0.3398936495,43050000000.0,19380000000.0,15899000000.0,12455000000.0,23670000000.0,10817000000.0,13265000000.0,42150920000.0,49856920000.0,11.521997621878716,1.276515455640305,0.2421602787456446,0.5379256965944272,0.026566586360020756,11.521997621878716,0.03555211558307533,2.5763046268565493,15.294238026124818,2.174970072239422,0.5544267053701016,0.9984283997411482,0.009062672890651022,0.3800464576074332,0.3141710156563629,0.01600464576074332,37.60117752007137,0.3398936495324247,-0.37878787878787884,-0.318525149490293,0.13531319446854967,0.06306888405003866,-0.12946149029430182,-0.3826164874551971,-0.3109656301145663,-0.4383376293801722,-0.13916019405098826,-0.15197632605021197,Home Improvement Retail,Consumer Cyclical,HD
2010Q2,2010,Q2,2009-09-03,2009-08-02,1116000000.0,19071000000.0,1833000000.0,0.66,6388000000.0,0.334958838,43998000000.0,19169000000.0,16563000000.0,12563000000.0,24829000000.0,10797000000.0,12958000000.0,44296560000.0,52619560000.0,11.389780154486036,1.3183952877497414,0.25978453566071186,0.596275236058219,0.03998371588901723,11.389780154486036,0.05821899942615682,2.3227182633317605,9.923064516129033,2.310843549480933,0.34139784946236557,1.1746781513383346,0.008601119364573683,0.43345152052366015,0.34529968956459445,0.025364789308604935,31.19476056338028,0.3349588380263227,1.2000000000000002,-0.0527733070280186,0.2529425160481391,0.11969910026506377,0.17211009174311925,1.171206225680934,0.8704081632653061,-0.2646053636765711,-0.10091245652742974,-0.13609197358994796,Home Improvement Retail,Consumer Cyclical,HD
2010Q1,2010,Q1,2009-06-04,2009-05-03,514000000.0,16175000000.0,980000000.0,0.3,5450000000.0,0.3369397218,43767000000.0,17994000000.0,16314000000.0,13548000000.0,25773000000.0,11428000000.0,12226000000.0,44111430000.0,53332430000.0,10.691622103386809,1.204162976085031,0.2612699065505975,0.6354896076469935,0.02126267050986383,10.691622103386809,0.028565077247971547,2.7271363214837714,21.454975680933856,2.451452150716906,0.7412451361867705,0.938484424221211,0.008637217156641714,0.36957068110676994,0.2585621493947446,0.011744008042589165,28.367479099678455,0.3369397217928903,10.345794392523366,-0.3763911481687117,0.22777464607529954,0.0690668430913044,0.09879032258064516,10.518518518518519,2.6842105263157894,-0.5649390688236415,-0.053293842610715625,-0.18694596472679897,Home Improvement Retail,Consumer Cyclical,HD
2009Q4,2009,Q4,2009-04-02,2009-02-01,-54000000.0,14607000000.0,266000000.0,-0.0321,4960000000.0,0.3395632231,41164000000.0,17777000000.0,13362000000.0,11153000000.0,23387000000.0,10673000000.0,12093000000.0,36259170000.0,47174170000.0,10.575252825698989,1.1980633013538957,0.2777669808570596,0.6431906395904821,0.0005874941057334791,10.575252825698989,-0.003037632896439219,2.482314643663997,-167.86652777777778,2.039667547955223,-7.037037037037037,0.9038695774383959,0.01048010751487141,0.35484889709454864,0.13422397561194296,-0.0013118258672626566,121.67506711409396,0.3395632231122065,-1.0713333333333335,-1.076678107705906,0.3041387210485689,0.07135376955133235,-0.17250583917250584,-1.0714285714285714,-0.798941798941799,-1.0531979065638621,-0.051198453625161566,-0.16369474848238705,Home Improvement Retail,Consumer Cyclical,HD
2009Q3,2009,Q3,2008-12-04,2008-11-02,756000000.0,17784000000.0,1323000000.0,0.45,5994000000.0,0.3370445344,44162000000.0,18396000000.0,15607000000.0,12881000000.0,25766000000.0,11869000000.0,12518000000.0,37351820000.0,49873820000.0,10.943486020226056,1.2116295318686436,0.3031112721344142,0.7276581865622962,0.02685176295939295,10.943486020226056,0.0410958904109589,2.100304768331084,12.351792328042327,2.030431615568602,0.503968253968254,0.9933440053921981,0.010200306169819838,0.4026991531180653,0.1835261237481562,0.01711878990987727,56.679544764795146,0.33704453441295545,-0.3661971830985915,-0.10602471750789755,0.4532516442460365,0.12084578977204116,-0.1392877656519242,-0.37104825291181365,-0.35210577864838394,-0.377158775235188,0.08629763975816454,-0.09624592032097162,Home Improvement Retail,Consumer Cyclical,HD
2009Q2,2009,Q2,2008-09-04,2008-08-03,1202000000.0,20990000000.0,2042000000.0,0.71,6964000000.0,0.3317770367,45099000000.0,18649000000.0,15834000000.0,12637000000.0,26450000000.0,11864000000.0,12183000000.0,40135200000.0,50750200000.0,11.100595238095238,1.252987259634407,0.25867535865540253,0.6255563300981286,0.04295278007097011,11.100595238095238,0.06445385811571666,1.9121105288232492,8.347587354409319,2.152136843798595,0.31697171381031614,1.1822319622387054,0.00949291395084614,0.4654205193019801,0.20321278784521643,0.026652475664648883,37.43955223880597,0.33177703668413533,2.380952380952381,0.2640630155064336,0.5939651612493348,0.16153130312445044,0.1469038208168643,2.3764044943820224,1.804945054945055,-0.13398243912949798,0.1987115850599375,-0.055043008491833016,Home Improvement Retail,Consumer Cyclical,HD
2009Q1,2009,Q1,2008-06-04,2008-05-04,356000000.0,17907000000.0,728000000.0,0.21,6072000000.0,0.3390852739,45596000000.0,17706000000.0,16340000000.0,14119000000.0,27890000000.0,12637000000.0,11365000000.0,49312230000.0,60679230000.0,10.545562835020846,1.1573057581981727,0.26611983507325204,0.6853044165819496,0.015399387751221646,10.545562835020846,0.020106178696487068,2.753796280784051,34.629374999999996,2.7850576075906472,1.0646067415730338,0.9365355701511434,0.007685720155020367,0.39273181858057726,0.16644238260500036,0.007807702430037723,29.850018159806297,0.3390852739152287,-0.47500000000000003,-0.4641951652588923,0.6184331813226194,0.16889592890355834,0.002973240832507433,-0.46944858420268254,-0.41713370696557245,-0.6323889663960629,0.21532328925964733,-0.04288204318395239,Home Improvement Retail,Consumer Cyclical,HD
2008Q4,2008,Q4,2008-04-03,2008-02-03,671000000.0,17659000000.0,1249000000.0,0.4,6054000000.0,0.3428280197,44324000000.0,17714000000.0,14674000000.0,12706000000.0,26610000000.0,11731000000.0,11388000000.0,49308000000.0,62293000000.0,10.54404761904762,1.1548874547457895,0.3029961194838011,0.7581573896353166,0.025458662310466278,10.54404761904762,0.03787964322005194,2.7922305906336713,18.371087928464977,2.7835610251778253,0.5648286140089419,0.9892592276873242,0.007686379492171655,0.3984071834671961,0.135054305052731,0.015138525403844418,-103.80631578947369,0.34282801970666515,-0.33333333333333326,0.3443521796473692,0.836873812947566,0.2294821711130669,-0.04495977283483199,-0.384967919340055,-0.2919501133786848,-0.15553325556927858,0.37612373673000027,-0.03934726345211475,Home Improvement Retail,Consumer Cyclical,HD
2008Q3,2008,Q3,2007-11-28,2007-10-28,1091000000.0,18961000000.0,1764000000.0,0.6,6339000000.0,0.3343178102,45506000000.0,17446000000.0,16125000000.0,14339000000.0,28060000000.0,12588000000.0,35335000000.0,56834000000.0,68688000000.0,9.63867403314917,1.1245554083269405,0.27224981321144465,0.710134128166915,0.03863519031304266,9.63867403314917,0.06253582483090679,2.997415748114551,13.023373052245645,3.257709503611143,0.4069660861594867,1.0027009850651414,0.007812225076538692,0.4166703291873599,0.1505683799428133,0.023974860457961586,-239.80590717299577,0.33431781024207585,-0.25925925925925936,0.49857000117550254,0.6913083903472361,0.11961733761467318,-0.1364936657131181,-0.3125393824826717,-0.3101290574892452,0.002773338031773156,0.2226847497095122,-0.11069462219944276,Home Improvement Retail,Consumer Cyclical,HD
2008Q2,2008,Q2,2007-09-04,2007-07-29,1587000000.0,22184000000.0,2557000000.0,0.81,7341000000.0,0.3309141724,56864000000.0,27175000000.0,21872000000.0,15187000000.0,29689000000.0,12287000000.0,34688000000.0,74107600000.0,84763600000.0,13.864795918367347,1.44017910054652,0.2047516882386044,0.4284452621895124,0.04153837310433765,13.864795918367347,0.058399264029438826,3.3405878110349803,11.67416509136736,2.727050597976081,0.2791430371770636,1.2080247415968097,0.005977794450231825,0.3901238041643219,0.30144202278264304,0.027908694428812605,59.14413407821229,0.33091417237648757,0.5283018867924528,0.6125375530923031,0.6368763736987084,0.6122174269826486,0.03438072424968296,0.517208413001912,0.39346049046321524,0.15663067168615022,0.2514848063473886,0.3630113403936185,Home Improvement Retail,Consumer Cyclical,HD
2008Q1,2008,Q1,2007-06-06,2007-04-29,1046000000.0,21585000000.0,1835000000.0,0.53,7097000000.0,0.3287931434,56081000000.0,25673000000.0,21519000000.0,15843000000.0,30408000000.0,14413000000.0,33544000000.0,74187330000.0,84908330000.0,13.105155691679428,1.358265480022723,0.20789572225887556,0.45413469403653645,0.03071362251672839,13.105155691679428,0.040743193238032174,3.436985406532314,17.73119741873805,2.8897024110933662,0.4235181644359465,1.005203635606744,0.005971370043914507,0.3848897130935611,0.35409960234804017,0.018651593231219128,45.569613022113025,0.3287931433866111,0.15217391304347827,0.4652323567717652,0.8122228624771692,0.613925276279489,0.06914733353419705,0.1308108108108108,0.14544319600499375,0.09026109934904158,0.40758977849330075,0.31039867365735796,Home Improvement Retail,Consumer Cyclical,HD
2007Q4,2007,Q4,2007-03-29,2007-01-28,925000000.0,20265000000.0,1602000000.0,0.46,6638000000.0,0.3275598322,52263000000.0,25030000000.0,18000000000.0,12931000000.0,27233000000.0,12822000000.0,33052000000.0,79979640000.0,91040640000.0,12.49001996007984,1.3920037120098987,0.22312152000459215,0.46588094286855775,0.027307159185839213,12.49001996007984,0.03695565321614063,3.9466883789785343,21.616118918918918,3.195351178585697,0.4962162162162162,1.0627827172048043,0.005738960565463911,0.3877504161643993,0.29672879127677676,0.017698945716855135,188.18738823529412,0.32755983222304463,-0.3698630136986301,0.5329552163279073,0.7678488663242908,0.6287726504738559,-0.11927822741143691,-0.37919463087248323,-0.351417004048583,0.10176597383571438,0.5176770426089968,0.2653342843478036,Home Improvement Retail,Consumer Cyclical,HD
2007Q3,2007,Q3,2006-12-06,2006-10-29,1490000000.0,23085000000.0,2470000000.0,0.73,7537000000.0,0.3264890622,52628000000.0,27758000000.0,18840000000.0,16128000000.0,24870000000.0,13707000000.0,32843000000.0,,,,,,,,,,,,,,,,,,,,,,,,,,,,,,,Home Improvement Retail,Consumer Cyclical,HD
2007Q2,2007,Q2,2006-09-06,2006-07-30,1862000000.0,26026000000.0,3179000000.0,0.9,8380000000.0,0.3219857066,51769000000.0,27225000000.0,18810000000.0,15886000000.0,24544000000.0,13641000000.0,31661000000.0,,,,,,,,,,,,,,,,,,,,,,,,,,,,,,,Home Improvement Retail,Consumer Cyclical,HD
2007Q1,2007,Q1,2006-06-01,2006-04-30,1484000000.0,21461000000.0,2422000000.0,0.7,7228000000.0,0.3367969806,52679000000.0,27799000000.0,20279000000.0,16278000000.0,24880000000.0,13401000000.0,30109000000.0,,,,,,,,,,,,,,,,,,,,,,,,,,,,,,,Home Improvement Retail,Consumer Cyclical,HD
