Quarters,Year,Quarter,FillingDate,Date,NetIncome,Revenue,OperatingIncome,EPSDiluted,GrossProfit,GrossProfitRatio,TotalAssets,CommonStockEquity,CurrentAssets,CurrentLiability,TotalLiability,Inventory,RetainedEarnings,MarketCap,EnterpriseValue,bookValuePerShare,currentRatio,debtToAssets,debtToEquity,roic,shareholdersEquityPerShare,roe,priceToSalesRatio,peRatio,pbRatio,payoutRatio,inventoryTurnover,dividendYield,assetTurnover,quickRatio,returnOnAssets,priceToFreeCashFlowsRatio,grossProfitMargin,epsdilutedGrowth,fiveYNetIncomeGrowthPerShare,fiveYRevenueGrowthPerShare,fiveYShareholdersEquityGrowthPerShare,grossProfitGrowth,netIncomeGrowth,operatingIncomeGrowth,threeYNetIncomeGrowthPerShare,threeYRevenueGrowthPerShare,threeYShareholdersEquityGrowthPerShare,Industry,Sector,Symbol
2023Q1,2023,Q1,2023-05-09,2023-03-31,38624000.0,196990000.0,78288000.0,5.21,98376000.0,0.4993959084,3585035000.0,837900000.0,213400000.0,435379000.0,2747120000.0,0.0,155792000.0,1379375550.0,3477068550.0,115.65217391304348,0.49014766444867575,0.6446500522310104,2.7581966821816444,0.019869638708135563,115.65217391304348,0.046096192863110154,7.002261789938576,8.928228238918805,1.6462293233082705,0.3646178541839271,0.0,0.010209692349556291,0.054947859644327045,0.7150069250009762,0.010773674455061109,-31.062119710856397,0.4993959084217473,0.49712643678160917,0.6469286321482627,0.5192560223504745,0.3674147901089988,-0.1020072842785552,0.4950261273466228,0.05146663801439776,10.233981122457608,0.39751519818079645,0.30805483349706225,Asset Management,Financial Services,VRTS
2022Q4,2022,Q4,2023-02-27,2022-12-31,25835000.0,197227000.0,74456000.0,3.48,109551000.0,0.555456403,3952934000.0,817000000.0,688453000.0,279909000.0,3016280000.0,250945000.0,130261000.0,1390237280.0,3390376280.0,112.50344257780226,2.4595600713088897,1.1185749622938304,5.4120599755201955,0.009384758120945939,112.50344257780226,0.03162178702570379,7.048919671241767,13.453041223146894,1.701636817625459,0.4648732339849042,0.34938333100878677,0.00863881308088645,0.04989382570010023,1.9213530111571975,0.006535651746272516,-59.7514625864959,0.5554564030279829,-0.1811764705882353,3.643333912063765,0.523719523355704,0.3717018129736101,-0.09408826666887182,-0.18450126262626262,-0.03341555238218876,0.06935041402126152,0.2812427702750656,0.14568200985624857,Asset Management,Financial Services,VRTS
2022Q3,2022,Q3,2022-11-08,2022-09-30,31680000.0,209159000.0,77030000.0,4.25,120929000.0,0.5781678054,3546037000.0,799200000.0,500325000.0,125598000.0,2615656000.0,184084000.0,107324000.0,1165772160.0,2976943160.0,109.35960591133005,3.9835427315721588,1.123878290046043,4.986629129129129,0.011563772433006875,109.35960591133005,0.03963963963963964,5.573617009069655,9.19959090909091,1.458673873873874,0.34892676767676767,0.47929206231937593,0.00948212727948487,0.05898387411073263,4.077612700839185,0.008933916933184849,10.040671461177382,0.5781678053538217,0.8558951965065502,0.6636782867460633,0.6716724458954973,0.35008392489478934,-0.1029338674381514,0.820480404551201,-0.07284369658891215,0.2503663646097411,0.36421133097123637,0.1412297090989536,Asset Management,Financial Services,VRTS
2022Q2,2022,Q2,2022-08-09,2022-06-30,17402000.0,224165000.0,83082000.0,2.29,134805000.0,0.6013650659,3543915000.0,784700000.0,467079000.0,120551000.0,2613063000.0,107704000.0,88196000.0,1273927980.0,3183703980.0,105.34299906027655,3.8745344294116184,0.609573310872298,2.752996049445648,0.013086530352454332,105.34299906027655,0.02217662801070473,5.682992349385497,18.301459315021262,1.623458621129094,0.662395126996897,0.8296813488821214,0.009048392201888838,0.06325349225362346,2.975902315202694,0.004910388652098033,10.83871170289701,0.6013650659112707,-0.5410821643286573,588.3779030742382,1.2620330407548257,0.29731581368578497,-0.07143103151369037,-0.5551522278176845,0.2674212838662436,-0.3927530500876958,0.5016398917639163,0.132497715826147,Asset Management,Financial Services,VRTS
2022Q1,2022,Q1,2022-05-10,2022-03-31,39119000.0,251168000.0,65552000.0,4.99,145175000.0,0.5779995859,3701866000.0,816500000.0,460054000.0,198079000.0,2738895000.0,110066000.0,81783000.0,1810964540.0,3830138540.0,108.20302146832759,2.322578365197724,0.6062818049059583,2.7487740355174526,0.014999402452554949,108.20302146832759,0.04791059399877526,7.210172235316601,11.573433242158542,2.2179602449479487,0.3237045936757075,0.9629949303145385,0.006992406378095067,0.06784902532938794,1.7633974323376027,0.010567373319293567,-21.48620205255977,0.577999585934514,-0.3618925831202046,1.6033770388321298,1.7551077517666849,0.281461882672685,-0.16207808098998014,-0.3691806556689726,-0.2163819588060201,0.6723194280572884,0.7906783128420659,0.198156612524377,Asset Management,Financial Services,VRTS
2021Q4,2021,Q4,2022-02-25,2021-12-31,62013000.0,264752000.0,83653000.0,7.82,173256000.0,0.6544086541,3934181000.0,828277000.0,710018000.0,248388000.0,2958589000.0,0.0,60962000.0,2264793300.0,4185856300.0,108.6549914731733,2.8585036314153665,0.5846103674436941,2.7768041367803282,0.018534544005311557,108.6549914731733,0.07486988048684196,8.554395434217684,9.130316627158823,2.734342858729628,0.18352603486365762,0.0,0.005025182651326282,0.06729532779503536,2.8560719519461486,0.015762619970967274,9.396156973704954,0.6544086541367015,0.06249999999999999,3.198428027254681,1.7959462348686686,1.1661888325021386,0.059280997798972855,0.05579201852356306,-0.1032246306897365,51.925788702965775,0.7917792292924615,0.2265988331103942,Asset Management,Financial Services,VRTS
2021Q3,2021,Q3,2021-11-09,2021-09-30,58736000.0,250905000.0,93282000.0,7.36,163560000.0,0.6518801937,3777924000.0,812297000.0,720457000.0,160704000.0,2825145000.0,0.0,23032000.0,2386671120.0,4144317120.0,105.61656481601872,4.483130475906013,0.6221845648562544,2.893727294327075,0.02174791650994801,105.61656481601872,0.07230852754595918,9.512250134513062,10.158468060473984,2.9381754703021183,0.10695314628166712,0.0,0.0026321179937016208,0.06641345882024095,4.479583582238152,0.015547162939222705,12.97012232831376,0.6518801936988103,-0.06361323155216285,2.751772500845144,2.05005544397031,0.7256587424148618,0.053818448910165136,-0.0671939269776232,0.07951533948224185,1.0296066080548458,0.5398423188819936,0.17722178431383678,Asset Management,Financial Services,VRTS
2021Q2,2021,Q2,2021-08-06,2021-06-30,62967000.0,242837000.0,86411000.0,7.86,155207000.0,0.6391406581,3692822000.0,780869000.0,525979000.0,176664000.0,2771460000.0,0.0,-35704000.0,2138273459.9999998,4055254460.0,101.4379059495973,2.9772845627858535,0.6288513229178119,2.9739123975980606,0.021513579884521968,101.4379059495973,0.08063708509365848,8.805385752583007,8.489659107151365,2.738325455358069,0.10530913017930027,0.0,0.003101100080997124,0.06575919445887184,2.9738769641805916,0.01705118741168678,24.50658957285136,0.6391406581369395,0.21296296296296294,7.262586316689448,2.2273092253689244,0.777387263702187,0.24746419328393,0.7209740898655297,0.39054101895658333,1.5567189863376263,0.7144068454762066,0.17148398017688504,Asset Management,Financial Services,VRTS
2021Q1,2021,Q1,2021-05-06,2021-03-31,36588000.0,216177000.0,62142000.0,6.48,124418000.0,0.5755376381,3702159000.0,729378000.0,515879000.0,282455000.0,2850982000.0,0.0,-98671000.0,1797571500.0,3792007500.0,95.55587580243679,1.8264112867536422,0.6464933029618664,3.2814548834760577,0.015423429481676128,95.55587580243679,0.05016328981680281,8.315276370751745,12.282520908494588,2.4645266240550168,0.19451732808571115,0.0,0.003959230550773641,0.05839214361133598,1.8238126427218495,0.009882881853534654,12.179411346220299,0.5755376381391175,-0.1584415584415584,2.235145622592459,1.9494944142151764,0.5771209501190431,0.2712058360749535,-0.4080952535024428,-0.22189249089065025,0.4808099684619921,0.5824842613454899,0.1298059814449718,Asset Management,Financial Services,VRTS
2020Q4,2020,Q4,2021-02-26,2020-12-31,61814000.0,171401000.0,79863000.0,7.7,97874000.0,0.5710235063,3466943000.0,711141000.0,424348000.0,80199000.0,2630490000.0,0.0,-135259000.0,1658097000.0,3716263000.0,93.06910090302317,5.291188169428547,0.689846069000846,3.3631262998477096,0.020961663528548134,93.06910090302317,0.08692228404774861,9.673788367629127,6.705992978936811,2.331600906149413,0.10256576180153364,0.0,0.0038236604975462837,0.04943865532257092,5.211910372947294,0.017829540318372698,10.773159638749918,0.5710235062805935,0.50390625,9.437716440265977,1.236618201011582,0.5636187501602837,0.12218948140844102,1.0849298434970318,0.15797181301473148,9.558794624679166,0.25851402491300435,0.13474798206476907,Asset Management,Financial Services,VRTS
2020Q3,2020,Q3,2020-11-05,2020-09-30,29648000.0,154696000.0,68968000.0,5.12,87217000.0,0.5637960904,3390724000.0,679030000.0,333063000.0,158651000.0,2603435000.0,0.0,-178574000.0,1065386600.0,3223897600.0,88.36933888599688,2.099343842774392,0.7104532837234762,3.5476355978380925,0.017278379964587632,88.36933888599688,0.043662282962461156,6.886969281687955,8.983629587155963,1.568983108257367,0.17336751214247167,0.0,0.004824539749232813,0.04562329461200617,2.061480860505134,0.008743855294621444,15.4111267014798,0.5637960903966489,1.4975609756097563,10.143268194408265,0.9183018620019276,0.43699701038241784,0.2019155240129539,1.62860182640305,0.25139259339901654,0.4807807502345189,0.17588511806428084,0.09095147965601681,Asset Management,Financial Services,VRTS
2020Q2,2020,Q2,2020-08-06,2020-06-30,11279000.0,132728000.0,55113000.0,2.05,72565000.0,0.546719607,3340087000.0,658166000.0,324488000.0,155265000.0,2582889000.0,0.0,-208222000.0,897758800.0,3043521800.0,85.25466321243523,2.089897916465398,0.7159550035672724,3.6333569342688623,0.012315141335757467,85.25466321243523,0.01713701406636016,6.763899101922729,19.898900611756364,1.3640309587550863,0.48656795815231846,0.0,0.006113000507485975,0.039737887067013526,2.048265868032074,0.003376858147706931,-4.545407044742265,0.546719607015852,13.642857142857139,0.32831350250482133,0.5424693447375721,0.3548066305696601,-0.0729005634270675,3.63220536756126,1.2401837249004146,367.5920429311621,0.2923327893976485,0.04992475781577213,Asset Management,Financial Services,VRTS
2020Q1,2020,Q1,2020-05-06,2020-03-31,-4285000.0,144401000.0,24602000.0,0.14,78271000.0,0.5420391826,3392057000.0,656219000.0,460200000.0,178615000.0,2638476000.0,0.0,-219501000.0,564888420.0,2564064420.0,88.4153866882242,2.576491336113988,0.7032821087617337,3.63533058323517,0.0007202375383177269,88.4153866882242,-0.006529832266362297,3.9119425765749543,-32.95731738623104,0.8608230179254182,-1.8473745624270712,0.0,0.014013386926926207,0.042570334165964785,2.536018811410016,-0.0012632452815503985,-2.235605869921402,0.5420391825541374,-0.950530035335689,-1.2675656420402628,0.6909891258790458,0.4018400869402615,-0.0855443786290935,-1.1871832954744015,-0.6367153467905081,-1.2899319008629075,0.6104243662569668,0.04711445526398611,Asset Management,Financial Services,VRTS
2019Q4,2019,Q4,2020-02-27,2019-12-31,22892000.0,145858000.0,67721000.0,2.83,85593000.0,0.5868241715,3204634000.0,675699000.0,396071000.0,579490000.0,2454532000.0,0.0,-215216000.0,837555320.0,2628457320.0,98.19779101874728,0.6834820272998672,0.6591623255573024,3.126205603382571,0.017597328170888146,98.19779101874728,0.03387899049724803,5.742265216854749,9.14681242355408,1.2395390847107957,0.2978333042110781,0.0,0.008140357821379488,0.045514714004781825,0.7904467721617284,0.007143405455974068,12.748566470821029,0.5868241714544283,-0.04067796610169495,0.5896732846855373,0.7154086118028506,0.5719188148888978,0.0133786391674461,-0.04953290429728047,-0.007154481080209356,0.7169674819357279,0.706452415318749,0.9577099532855613,Asset Management,Financial Services,VRTS
2019Q3,2019,Q3,2019-11-06,2019-09-30,24085000.0,145745000.0,68209000.0,2.95,84463000.0,0.5795258842,3113131000.0,665704000.0,353205000.0,194180000.0,2343905000.0,0.0,-238108000.0,768129790.0,2607935790.0,95.8261119907874,1.8189566381707694,0.6788143512110476,3.174440892648985,0.01719292478556132,95.8261119907874,0.03617974354968575,5.270368040069985,7.973113867552418,1.1538608600819582,0.24650197218185593,0.0,0.0077291625416584875,0.04681621171739962,1.9187712431764343,0.007736584165587635,19.29828882245057,0.5795258842498885,-0.09509202453987718,-0.15544975967322858,0.6249846588579556,0.5548905316463818,0.02829350247750764,-0.10551140161925276,0.10952241525148025,0.7031946797178639,0.9614515954740188,0.5656934894311908,Asset Management,Financial Services,VRTS
2019Q2,2019,Q2,2019-08-06,2019-06-30,26926000.0,140262000.0,61476000.0,3.26,82139000.0,0.5856112133,3066698000.0,651035000.0,322803000.0,165500000.0,2342524000.0,0.0,-262193000.0,747563190.0,2633932190.0,93.01828832690384,1.9504712990936557,0.6969186401791112,3.282832720207055,0.01676666124966268,93.01828832690384,0.04135875951369742,5.329762801043761,6.940904608928173,1.1482688181126974,0.22413280843794103,0.0,0.00807289615209652,0.04573714138138154,2.2773836858006042,0.008780127681304126,-6.028929884834994,0.5856112133008228,0.2490421455938697,0.7978691219819367,0.6280876186181,0.6510945491694594,0.18112534690766863,0.23820472730617126,0.20030458636780757,2.886124964298277,1.0502539671869562,0.6298593648587938,Asset Management,Financial Services,VRTS
2019Q1,2019,Q1,2019-05-06,2019-03-31,21746000.0,130394000.0,51217000.0,2.61,69543000.0,0.5333297544,2845302000.0,633510000.0,272216000.0,458908000.0,2139841000.0,0.0,-289119000.0,719879300.0,2480208300.0,90.30791161796151,0.5931820757101641,0.6881606943656596,3.090756262726713,0.01663878911405235,90.30791161796151,0.0343262142665467,5.520800803717963,8.27599673503173,1.1363345487837604,0.3000551825623103,0.0,0.009064019482154856,0.04582782425204776,0.7173572916575871,0.007642773948072999,-27.920695807314896,0.5333297544365538,16.400000000000002,0.2881279172880586,0.5791463650515205,0.6136780870406163,-0.11032788772755767,18.895699908508693,0.7523265361981661,1.092194877813797,0.9358124893913583,0.4905048818625759,Asset Management,Financial Services,VRTS
2018Q4,2018,Q4,2019-02-27,2018-12-31,1093000.0,137835000.0,29228000.0,0.15,78167000.0,0.5671055973,2870535000.0,629909000.0,324703000.0,528917000.0,2169187000.0,0.0,-310865000.0,564826730.0,2260550730.0,88.58233722401913,0.6139016140528665,0.6791221845405124,3.0948025825952636,0.0010851971920040314,88.58233722401913,0.0017351712707708573,4.0978469184169475,129.19184126258006,0.8966798855072717,5.516925892040256,0.0,0.010675840359042498,0.04801718146617268,0.7625487552867463,0.00038076525804423217,18.869699996659204,0.5671055972721007,-0.9529780564263323,-0.9434811193615884,0.6633198469260344,0.6358611075614105,-0.1191557453713616,-0.9595155196681235,-0.5271085799343116,-0.8016837373165331,0.9326692419152842,0.4882383312246908,Asset Management,Financial Services,VRTS
2018Q3,2018,Q3,2018-11-08,2018-09-30,26998000.0,152010000.0,61807000.0,3.19,88741000.0,0.5837839616,2884282000.0,643718000.0,299999000.0,534042000.0,2164809000.0,0.0,-313026000.0,818308750.0,2546508750.0,89.7167944250871,0.5617516974320372,0.6752491607963438,3.0255624357249604,0.01926312338393545,89.7167944250871,0.04194072559723357,5.383256035787119,7.577494166234536,1.2712224141627235,0.2016075264834432,0.0,0.006651523645567764,0.05270289104879481,0.6872324648623142,0.00936038847796436,15.562526149632955,0.5837839615814749,0.15999999999999998,0.4265012904493203,0.6949613383824306,0.5397255602702385,0.14039529145676982,0.17026441265713047,0.1604769057453999,9.916678350071182,1.0187171561963262,0.4589083385161932,Asset Management,Financial Services,VRTS
2018Q2,2018,Q2,2018-08-08,2018-06-30,23070000.0,132684000.0,53260000.0,2.75,77816000.0,0.5864761388,2689900000.0,624395000.0,248338000.0,437215000.0,2046114000.0,0.0,-340024000.0,922647450.0,2557875450.0,86.58923866315351,0.5679997255354917,0.6746756384995725,2.9065095011971587,0.01551369740266916,86.58923866315351,0.03694776543694296,6.95372049380483,9.99834687906372,1.4776663009793483,0.23437364542696143,0.0,0.0058603099157755216,0.04932674077103238,0.7215260226661939,0.008576527008438976,-9.840838017428032,0.5864761387959362,-0.007220216606498201,0.6263607485530516,0.5012323737614509,1.6410771386517362,0.14225321100917432,-0.009871244635193134,0.15631784628745116,1.9087030745406228,0.6507995874006254,0.3760147569230921,Asset Management,Financial Services,VRTS
2018Q1,2018,Q1,2018-05-08,2018-03-31,23300000.0,128821000.0,46060000.0,2.77,68125000.0,0.5288345844,2538209000.0,608787000.0,199135000.0,399987000.0,1908641000.0,0.0,-363094000.0,891112400.0,2461091400.0,84.57724367879966,0.49785368024460797,0.6719616075744748,2.801602202412338,0.015624371712284693,84.57724367879966,0.03827282777063242,6.917446689592535,9.561291845493562,1.4637507042693094,0.23587982832618026,0.0,0.006167572126703657,0.05075271579290752,0.7612622410228332,0.009179701119962934,-14.137908932254483,0.5288345844233471,5.021739130434782,0.8132822632202037,0.6305243347068693,1.6979377582856612,-0.0706383094825587,3.2379046926154964,-0.08351075472073542,0.5001840634680373,0.5554870071986248,0.3409857160942257,Asset Management,Financial Services,VRTS
2017Q4,2017,Q4,2018-02-27,2017-12-31,5498000.0,127905000.0,50257000.0,0.46,73303000.0,0.5731050389,2590799000.0,588557000.0,299930000.0,149089000.0,1981397000.0,0.0,-386216000.0,825598800.0,2297888800.0,82.01741917502787,2.0117513699870546,0.6583895547280973,2.8981984752538836,0.004093864682797934,82.01741917502787,0.009341491138496357,6.454781282983464,37.540869407057116,1.402750795589892,0.9663514005092761,0.0,0.006435329121117909,0.049368939852146,2.614552381463421,0.00212212525942769,-10.427255389822802,0.5731050388960557,-0.7918552036199095,-0.508670741313079,0.8046816775822536,1.6275204192626547,0.05750393121456497,-0.707428693060877,0.3486019427896742,-0.6339014558654739,0.44242746007456096,0.31290860020712996,Asset Management,Financial Services,VRTS
2017Q3,2017,Q3,2017-11-06,2017-09-30,18792000.0,123476000.0,37266000.0,2.21,69317000.0,0.5613803492,2741558000.0,584187000.0,448547000.0,547679000.0,2073657000.0,0.0,-391714000.0,836952600.0,2155361600.0,81.00207986688852,0.8189961638112836,0.6217165567899713,2.9176821805346576,0.011084079279726126,81.00207986688852,0.032167781891757265,6.77826136253199,11.134426883780332,1.4326792619486568,0.2861323967645807,0.0,0.006424497635827884,0.045038624023274354,0.962596703543499,0.006854496603755966,-5.264515033337527,0.5613803492176618,551.5,0.7553830713913505,0.8662602876196335,1.684019283708736,0.3595567323722664,670.1428571428571,2.085444610034774,-0.36526357160490414,0.3261105605416159,0.3143533052952998,Asset Management,Financial Services,VRTS
2017Q2,2017,Q2,2017-08-08,2017-06-30,28000.0,93977000.0,12078000.0,0.004,50985000.0,0.5425263628,2291559000.0,573602000.0,239255000.0,478487000.0,1644890000.0,0.0,-410506000.0,783750800.0,1949256800.0,81.20073612684031,0.5000240340907903,0.5867381114778193,2.344038200703624,9.240443147416143e-05,81.20073612684031,4.8814334678052027e-05,8.33981506113198,6997.775000000001,1.3663669234068223,187.5,0.0,0.006698557755858112,0.04101007218230035,0.6570648732358455,1.2218755877548865e-05,11.256258976273912,0.5425263628334592,-0.9975308641975309,-0.9963223774140468,0.5456352026822104,1.7847365274036011,0.29423262425750113,-0.9978506179473401,-0.2696377819435206,-0.9981476222047513,0.08079823387020095,0.4413304654284454,Asset Management,Financial Services,VRTS
2017Q1,2017,Q1,2017-05-08,2017-03-31,13027000.0,79035000.0,16537000.0,1.62,39394000.0,0.4984374012,1013423000.0,552388000.0,443333000.0,76514000.0,416059000.0,0.0,-410200000.0,692797800.0,766887800.0,84.43717517578722,5.794142248477403,0.32152714118388864,0.5898806635915335,0.01423792197466872,84.43717517578722,0.0235830611816332,8.76570886316189,13.295421048591388,1.2541869120980182,0.22215398787134413,0.0,0.0041772649970886165,0.07798816486304337,5.779674307969783,0.012854454655163737,-44.20044659946408,0.4984374011513886,-0.1336898395721925,1.7286113440605377,0.4459143148582719,1.8093435455912668,-0.14738983637780279,0.04836632866570095,0.2936712821716342,-0.17255114807721242,0.026363904238546145,0.5087761068951332,Asset Management,Financial Services,VRTS
2016Q4,2016,Q4,2017-02-27,2016-12-31,12426000.0,79661000.0,12783000.0,1.87,46204000.0,0.580007783,824388000.0,321673000.0,264895000.0,123183000.0,465449000.0,0.0,-424279000.0,757054650.0,1033128650.0,50.15951972555746,2.1504184830699042,0.4351846460647171,1.1152972117647424,0.017983708522851822,50.15951972555746,0.03862929123675285,9.503454011373194,15.231262071463062,2.3534914338474167,0.21366489618541767,0.0,0.0035070123405225766,0.09663047011843938,2.142430367826729,0.015072999606981179,24.35042296558379,0.5800077829803794,-0.060301507537688384,-0.8971300880528789,0.6514633347694115,1.0452146723292464,-0.056290849673202616,-0.204736,-0.4739289682702992,-0.2875175387125295,0.06593678956490229,-0.07369787178351991,Asset Management,Financial Services,VRTS
2016Q3,2016,Q3,2016-11-07,2016-09-30,15625000.0,82102000.0,24299000.0,1.99,48960000.0,0.5963313927,929564000.0,469799000.0,356784000.0,91993000.0,429464000.0,0.0,-436705000.0,751173360.0,895752360.0,61.20362167795727,3.878382050808214,0.3483912888192744,0.6893416120511112,0.021530262720991056,61.20362167795727,0.03325890433994112,9.149269932522959,12.01877376,1.598924987068938,0.222784,0.0,0.00463408340253174,0.08832312783197284,3.8681204004652527,0.016808955596387124,-14.05559867522407,0.5963313926579134,1.0515463917525774,5.5569406818481095,0.1994522268956406,7.012827317064888,0.04631034556450751,0.9318743818001978,0.5171703296703297,-0.2283017041031914,-0.14428663817576953,0.05038060357080114,Asset Management,Financial Services,VRTS
2016Q2,2016,Q2,2016-08-09,2016-06-30,8088000.0,79858000.0,16016000.0,0.97,46793000.0,0.5859525658,975003000.0,466273000.0,417696000.0,148493000.0,481752000.0,0.0,-452163000.0,581540600.0,653586600.0,57.07135862913097,2.8129002713932643,0.3279128371912702,0.6856841378334152,0.011988829166099725,57.07135862913097,0.017346061213066165,7.282183375491497,17.975414193867458,1.2472105397481734,0.46080613254203756,0.0,0.006408838866968187,0.08190538900905946,2.8061255412713058,0.008295359091202796,6.474655414282215,0.5859525658043027,-0.3310344827586207,0.9322249507110326,0.2468526191343043,5.753251041002313,0.0600321681806855,-0.34578985683086627,-0.09442496890195635,-0.49674989826600724,-0.20251736710078785,0.7407458810621541,Asset Management,Financial Services,VRTS
2016Q1,2016,Q1,2016-05-03,2016-03-31,12363000.0,80120000.0,17686000.0,1.45,44143000.0,0.5509610584,781304000.0,505553000.0,368388000.0,66536000.0,235493000.0,0.0,-460251000.0,651749840.0,747962840.0,60.588806327900286,5.536671876878682,0.19898016649089215,0.3075127632513307,0.016348741479471136,60.588806327900286,0.02445440932998123,8.134670993509735,13.179443500768421,1.289182024436607,0.31634716492760656,0.0,0.0060007686384702455,0.10254651198509158,5.42186184922448,0.01582354627648137,-16.726116101216444,0.5509610584123814,0.9078947368421052,1.1324748407811578,0.3584543924933357,6.480129135655727,-0.1427711428294009,0.8630198915009042,0.07148915545862111,-0.17001372913158264,-0.12517918834539438,0.9327282518485984,Asset Management,Financial Services,VRTS
2015Q4,2015,Q4,2016-02-24,2015-12-31,6636000.0,85871000.0,16506000.0,0.76,51495000.0,0.5996785876,859729000.0,509624000.0,478378000.0,110760000.0,276408000.0,0.0,-472614000.0,1005692520.0,1060905520.0,59.52160710114459,4.3190501986276635,0.17749430343747855,0.29943056057014583,0.009860581803900655,59.52160710114459,0.013021364770889911,11.711666569621874,37.88775316455696,1.9734010172205392,0.5878541289933695,0.0,0.0038789191750178277,0.09988147427852265,4.225577825929939,0.00771871136137085,-6.554347460554357,0.5996785876489152,2.8095238095238093,0.08716361030841796,0.5366844510985861,6.6969934022238355,-0.121065747251997,2.7920604914933835,-0.2861344174379379,-0.5029712901992897,0.015469337016735493,0.906841737019742,Asset Management,Financial Services,VRTS
2015Q3,2015,Q3,2015-10-30,2015-09-30,-3703000.0,92092000.0,23122000.0,-0.42,58588000.0,0.6361898971,826763000.0,539626000.0,505352000.0,215593000.0,237538000.0,0.0,-479051000.0,881887500.0,762180500.0,61.49584045584046,2.344009313845997,0.011055163329757136,0.016937656821576424,-0.026152226203030707,61.49584045584046,-0.006862160088653994,9.57615753811406,-59.53871860653524,1.6342568742054682,-1.0745341614906831,0.0,0.0045119133676347605,0.11138863253435385,2.2768689150389854,-0.004478913545961781,-14.884177215189874,0.6361898970594623,-1.3888888888888888,-1.6925063794222168,0.8000633695355747,3.6449147809652764,-0.10533549155544697,-1.3787460366165492,0.42657946692991117,-1.28428975352528,0.14398455327365267,1.037676340195088,Asset Management,Financial Services,VRTS
2015Q2,2015,Q2,2015-07-31,2015-06-30,9777000.0,99079000.0,16208000.0,1.08,65486000.0,0.6609473249,721998000.0,559363000.0,530039000.0,94296000.0,107468000.0,0.0,-478402000.0,1175570250.0,979864250.0,62.92755090561368,5.62101255620599,0.0,0.0,0.015511141313884789,62.92755090561368,0.017478810718621004,11.864978956186478,30.059584995397362,2.101623185659402,0.4130101258054618,0.0,0.0034349287080036265,0.13722891199144596,5.5055463646390095,0.013541588757863595,47.35429003021148,0.6609473248619788,-0.48815165876777245,14.590332421086867,0.8756507070912389,10.660110879038474,-0.0300382142962941,-0.494519698066384,-0.33958112623258085,0.02049886531312569,0.2949852518549346,1.1580672533951175,Asset Management,Financial Services,VRTS
2015Q1,2015,Q1,2015-05-11,2015-03-31,19342000.0,103136000.0,24542000.0,2.11,67514000.0,0.6546113869,680374000.0,565368000.0,493545000.0,70697000.0,80253000.0,0.0,-488179000.0,1172222280.0,1004133280.0,63.07095046854083,6.9811307410498324,0.0,0.0,0.027988116520083046,63.07095046854083,0.034211345530698586,11.365791576171269,15.151254782338953,2.0733792503289896,0.21347327060283322,0.0,0.0035223694946320246,0.15158721526689733,6.845990636094884,0.02842848198196874,-44.65778810621357,0.6546113869066087,0.02926829268292686,10.873688254064476,1.0065188417002706,10.835821963227444,-0.1279401697257779,0.024524604057418294,-0.3306423019228147,1.9567005227843077,0.37702579427117255,1.098459206436257,Asset Management,Financial Services,VRTS
2014Q4,2014,Q4,2015-03-02,2014-12-31,18879000.0,111472000.0,36665000.0,2.05,77419000.0,0.6945152146,698773000.0,563542000.0,504867000.0,103268000.0,112350000.0,0.0,-507521000.0,1537990290.0,1334686290.0,62.470014410819196,4.888900724328931,0.0,0.0,0.035811263147250506,62.470014410819196,0.03350060865028694,13.79709963040046,20.366416256157635,2.729149362425516,0.21600720377138619,0.0,0.0026515121886757816,0.159525339416377,4.809205174884766,0.027017357568194535,35.93519217738732,0.6945152145830343,-0.4900497512437811,7.536507822074833,1.1628825097860762,11.256562195032235,-0.05803696358393459,-0.49440278521692554,-0.05810876769337478,-0.88889270809018,0.6428409983705407,1.5471653387567785,Asset Management,Financial Services,VRTS
2014Q3,2014,Q3,2014-11-07,2014-09-30,37340000.0,117435000.0,38927000.0,4.02,82189000.0,0.6998680121,696001000.0,560576000.0,489164000.0,104380000.0,113306000.0,0.0,-526400000.0,1579975200.0,1406211200.0,61.628847845206685,4.68637670051734,0.0,0.0,0.07300291462682916,61.628847845206685,0.06661005822582487,13.454040107293396,10.578302088912695,2.8184852722913574,0.0,0.0,0.0,0.16872820585027895,4.56669860126461,0.05364934820495947,-136.6760553633218,0.6998680120917955,0.914285714285714,212.46525945470535,1.4738098762077676,11.57978444730421,0.06824975954664796,0.9106585478176329,0.5776525897706087,10.189929449443516,0.4478090431898485,7.068498268480073,Asset Management,Financial Services,VRTS
2014Q2,2014,Q2,2014-07-29,2014-06-30,19543000.0,112419000.0,24674000.0,2.1,76938000.0,0.6843860913,640679000.0,514529000.0,447444000.0,83105000.0,115855000.0,0.0,-563740000.0,1933912750.0,1763184750.0,56.33734807839702,5.384080380241863,0.0,0.0,0.02975472435676569,56.33734807839702,0.03798231003500289,17.202721515046388,24.739200097221513,3.758607872442564,0.0,0.0,0.0,0.1754685263603146,5.240190120931352,0.030503575113278256,-32.84944880418535,0.6843860913190831,-0.10256410256410248,6.531365325695057,1.6315504781457562,10.532208316315524,0.064532196917287,-0.10917130093900994,-0.24373199288910685,3.1765373940682173,0.5701639762160736,5.666395608874568,Asset Management,Financial Services,VRTS
2014Q1,2014,Q1,2014-05-07,2014-03-31,21938000.0,107303000.0,32626000.0,2.34,72274000.0,0.6735505997,585827000.0,510168000.0,355027000.0,50018000.0,71864000.0,0.0,-583283000.0,1578617720.0,1341279720.0,55.96401930671347,7.09798472549882,0.0,0.0,0.038908570389288695,55.96401930671347,0.0430015210675699,14.711776185195195,17.98953550916218,3.0943095607721376,0.0,0.0,0.0,0.18316499580934303,7.09798472549882,0.037447915510893146,-46.88499316899317,0.673550599703643,-0.11698113207547173,3.411535957227419,1.5962126368106428,9.719232253328624,-0.004819343467724169,-0.11383099046695751,-0.03735394783429718,2.463594631457252,0.6652750102561605,5.909165516465693,Asset Management,Financial Services,VRTS
2013Q4,2013,Q4,2014-02-24,2013-12-31,24756000.0,106081000.0,33892000.0,2.65,72624000.0,0.6846089309,644954000.0,492930000.0,470360000.0,91487000.0,109900000.0,0.0,-605221000.0,1821055150.0,1549510150.0,54.15028012743052,5.1412769027293495,0.0,0.0,0.04471326240570417,54.15028012743052,0.05022214107479764,17.166647656036425,18.390038273549848,3.6943483861805935,0.0,0.0,0.0,0.16447839690892685,5.1412769027293495,0.038384132821875666,757.82569704536,0.6846089309112847,0.035156249999999944,1.0878637696076683,0.9340513508812451,7.558913571135148,0.08538207469623829,0.17388211864004932,0.07151438507745811,2.814693810041634,0.7855271664414744,6.002404154866818,Asset Management,Financial Services,VRTS
2013Q3,2013,Q3,2013-11-04,2013-09-30,21089000.0,99933000.0,31630000.0,2.56,66911000.0,0.6695586043,601634000.0,465853000.0,461138000.0,108903000.0,116975000.0,0.0,-629977000.0,1300306800.0,1063651800.0,58.26804252657911,4.234392073680247,0.013416794928478111,0.017327354337097756,0.04127364867073395,58.26804252657911,0.04526964514557167,13.01178589655069,15.414514675897387,2.7912384378763258,0.0,0.0,0.0,0.1661026471243314,4.150326437288229,0.03505287267674367,369.4053409090909,0.6695586042648575,0.34031413612565453,1.045142688086639,0.610202901832616,0.0,0.06238290305166556,0.3707507312317192,0.17662376311286362,3.32867231317772,1.1438948039900014,3.4011121725211924,Asset Management,Financial Services,VRTS
2013Q2,2013,Q2,2013-08-02,2013-06-30,15385000.0,95860000.0,26882000.0,1.91,62982000.0,0.6570206551,342600000.0,256416000.0,200825000.0,54156000.0,76798000.0,0.0,-651066000.0,1392059790.0,1343816790.0,32.78557729190641,3.7082687052219514,0.0660887332165791,0.08830182203918632,0.057512387664821835,32.78557729190641,0.060000155996505676,14.521800438138953,22.62040607734807,5.4289115733807565,0.0,0.0,0.0,0.27980151780502044,3.3461296993869563,0.04490659661412726,51.50245255096378,0.657020655122053,0.10404624277456644,4.306444568507484,0.47240114443796843,0.0,0.17895249148290968,0.10207736389684814,0.2740284360189573,26.882896145071644,1.0625210776768932,5.074977668053686,Asset Management,Financial Services,VRTS
2013Q1,2013,Q1,2013-05-07,2013-03-31,13960000.0,85833000.0,21100000.0,1.73,53422000.0,0.6223946501,314732000.0,245148000.0,154211000.0,44919000.0,67463000.0,0.0,-666451000.0,1452956000.0,1429569000.0,31.348849104859337,3.433090674324896,0.07162919563311007,0.09196077471568195,0.04804255090371379,31.348849104859337,0.0569451922920032,16.92770845712022,26.019985673352437,5.926852350416891,0.0,0.0,0.0,0.27271774080805256,3.2928159576125915,0.04435519743782011,-237.2560418027433,0.622394650076311,0.15333333333333332,2.1231719576675325,0.253714877664961,0.0,-0.4761984135544029,0.1430442970605093,0.03067604533020711,8.823466679534816,0.9141781091694713,4.88288893699593,Asset Management,Financial Services,VRTS
2012Q4,2012,Q4,2013-03-01,2012-12-31,12213000.0,77353000.0,20472000.0,1.5,101989000.0,1.3184879707,332749000.0,244474000.0,164826000.0,62411000.0,85115000.0,0.0,-680411000.0,947202080.0,906460080.0,31.214759959141983,2.640976750893272,0.06823161001235165,0.0928687713212857,0.04011076164348838,31.214759959141983,0.0499562325646081,12.245188680464882,19.38921804634406,3.87444914387624,0.0,0.0,0.0,0.2324665137986891,2.559356523689734,0.03670334095669709,39.309515272244354,1.318487970731581,0.048951048951048994,1.0503806282434156,0.6391527301643045,3.9337590129786,2.6053803733031673,0.04904655557464353,0.1522485506838521,5.360710318792545,0.7287265470606672,5.124308605505387,Asset Management,Financial Services,VRTS
2012Q3,2012,Q3,2012-11-07,2012-09-30,11642000.0,71951000.0,17767000.0,1.43,28288000.0,0.3931564537,311979000.0,236697000.0,134277000.0,52449000.0,75047000.0,0.0,-692624000.0,681948850.0,661311850.0,30.17939563942369,2.5601441400217353,0.07243436256927549,0.09547227045547683,0.042160278325562066,30.17939563942369,0.04918524527138071,9.477962085308057,14.644151563305275,2.8811047457297727,0.0,0.0,0.0,0.23062770250561737,2.4350511925870846,0.03731661425929309,-361.0105082053997,0.39315645369765534,0.3749999999999999,1.0254036006787532,0.1818021266561739,0.0,0.1086811679404272,0.3914186685789411,0.24654458710446925,76.18781078668877,0.7578177188753872,5.160269178606602,Asset Management,Financial Services,VRTS
2012Q2,2012,Q2,2012-08-07,2012-06-30,8367000.0,66818000.0,14253000.0,1.04,25515000.0,0.3818581819,286673000.0,226363000.0,102227000.0,37780000.0,60310000.0,0.0,-704266000.0,628803000.0,602648000.0,29.15921679762978,2.705849655902594,0.07859128693668396,0.09953040028626586,0.03438153275885875,29.15921679762978,0.03696275451376771,9.410682750157143,18.788185729652202,2.7778523875368326,0.0,0.0,0.0,0.2330808970499489,2.561249338274219,0.029186564482877705,25.477209189254893,0.38185818192702564,0.5294117647058822,2.8116162784338083,0.03398655962097918,0.0,0.48714810281517745,0.5352293577981652,0.7921539041870992,3.7860874973583516,0.8401334960439506,4.968867437333615,Asset Management,Financial Services,VRTS
2012Q1,2012,Q1,2012-05-08,2012-03-31,5450000.0,62398000.0,7953000.0,0.68,17157000.0,0.2749607359,278116000.0,224457000.0,86602000.0,30852000.0,53659000.0,0.0,-712633000.0,640605040.0,630591040.0,30.05583824317086,2.8070141319849604,0.08200535028549238,0.10160966242977497,0.019301234917090758,30.05583824317086,0.024280819934330407,10.266435462675085,29.385552293577984,2.8540212156448677,0.0,0.0,0.0,0.22435961972702037,2.6116621288733306,0.019596139740252268,-59.03105786951714,0.2749607359210231,-0.9614949037372593,1.459155488094308,-0.045628193706826116,0.0,-0.06204898316203805,-0.9612554651121459,-0.029411764705882353,1.7312960358102496,0.8428885520865813,4.7568329560342475,Asset Management,Financial Services,VRTS
2011Q4,2011,Q4,2012-03-01,2011-12-31,140665000.0,56172000.0,8194000.0,17.66,18292000.0,0.3256426689,286379000.0,183155000.0,92595000.0,46657000.0,103224000.0,0.0,-718083000.0,567642680.0,543725680.0,24.525307980717727,1.984589665002036,0.0745515558054187,0.11656793426332887,0.653232739451595,24.525307980717727,0.7680107013185553,10.105438296660259,1.0088555788575695,3.099247522590156,0.057391675256815836,0.0,0.01422197499314181,0.1961456671054791,1.8721949546691814,0.49118475865897987,34.10084584885258,0.325642668945382,40.24444444444444,1.6085491242594447,0.2483331869428806,2.8764340797214363,1.737913486005089,51.635349172066235,4.7483989021043005,1.6085491242594447,0.2483331869428806,2.8764340797214363,Asset Management,Financial Services,VRTS
2011Q3,2011,Q3,2011-11-04,2011-09-30,-2778000.0,55457000.0,-2186000.0,-0.45,6681000.0,0.1204717168,151362000.0,47502000.0,81420000.0,37996000.0,103860000.0,0.0,-858748000.0,333462780.0,315395780.0,7.638205499276411,2.142857142857143,0.1397840937619746,0.44541282472316956,-0.022836582014948998,7.638205499276411,-0.05848174813692055,6.012997096849811,-30.009249460043197,7.019973474801061,-0.25377969762419006,0.0,0.0021141789797350097,0.36638654351818817,2.021581219075692,-0.018353351567764697,50.69364244451201,0.1204717168256487,-2.5,0.9923552800220932,0.14875116111331563,0.0,-0.5045606229143492,-1.8692115143929913,-1.6319745591211332,0.9923552800220932,0.14875116111331563,0.0,Asset Management,Financial Services,VRTS
2011Q2,2011,Q2,2011-08-05,2011-06-30,3196000.0,48902000.0,3459000.0,0.3,13485000.0,0.2757555928,151314000.0,52717000.0,79800000.0,32426000.0,98597000.0,0.0,-855970000.0,378646600.0,363476600.0,8.450945815966657,2.460988095972368,0.14185732979103058,0.4071741563442533,0.041246854343462376,8.450945815966657,0.06062560464366334,7.7429675677886385,29.618789111389237,7.182627994764497,0.2202753441802253,0.0,0.0018592534569173472,0.32318225676407997,2.3673286868562267,0.021121641090712028,56.60735535954552,0.27575559281828965,-0.3023255813953489,1.861167104206413,-0.05825730857792416,0.0,0.0007421150278293135,-0.263085081853816,-0.22147197839297772,1.861167104206413,-0.05825730857792416,0.0,Asset Management,Financial Services,VRTS
2011Q1,2011,Q1,2011-05-05,2011-03-31,4337000.0,44121000.0,4443000.0,0.43,13475000.0,0.3054101222,142568000.0,50560000.0,71845000.0,25718000.0,92008000.0,0.0,-859166000.0,367778640.0,356359640.0,8.099967958987504,2.7935687067423594,0.15139442231075698,0.4268987341772152,0.05776272750059282,8.099967958987504,0.08577927215189873,8.335682328143061,21.20005994927369,7.274102848101266,0.1623241872261932,0.0,0.0019141949081110312,0.309473374109197,2.6350416051014856,0.030420571236182033,-52.49481016271767,0.3054101221640489,-0.328125,1.4371527798878838,-0.19262959954859413,0.0,1.233535528596187,-0.02539325842696629,-0.0015730337078651685,1.4371527798878838,-0.19262959954859413,0.0,Asset Management,Financial Services,VRTS
2010Q4,2010,Q4,2011-03-01,2010-12-31,4450000.0,40739000.0,4450000.0,0.64,-57700000.0,-1.4163332433,148911000.0,48270000.0,78366000.0,34160000.0,100641000.0,0.0,-863503000.0,283199540.0,261026540.0,7.733098365908362,2.2940866510538642,0.14622828400856888,0.4511083488709343,0.05789701295999893,7.733098365908362,0.09218976590014502,6.95155845749773,15.910086516853932,5.86698860575927,0.15820224719101122,0.0,0.0024858797440137086,0.2735795206532761,2.2060011709601874,0.029883621760648977,30.438471625107482,-1.4163332433294877,0.7297297297297298,1.023032980884699,0.08318225968848011,0.22228214508106084,-6.0371017023134,0.19655821457381017,0.4006924771797293,1.023032980884699,0.08318225968848011,0.22228214508106084,Asset Management,Financial Services,VRTS
2010Q3,2010,Q3,2010-11-04,2010-09-30,3719000.0,35582000.0,3177000.0,0.37,11455000.0,0.3219324377,138000000.0,80800000.0,69000000.0,28000000.0,57200000.0,0.0,-868000000.0,184676780.0,168476780.0,13.239390463706373,2.4642857142857144,0.1492753623188406,0.25495049504950495,0.031080643201106095,13.239390463706373,0.046027227722772276,5.19017424540498,12.414411132024739,2.2856037128712874,0.4840010755579457,0.0,0.00974675863419321,0.2578405797101449,2.335714285714286,0.02694927536231884,22.5270529397414,0.32193243774942387,5.625,1.010428760788663,-0.2489356759315484,0.0,-0.6707197884327929,8.004842615012107,0.37116961588260683,1.010428760788663,-0.2489356759315484,0.0,Asset Management,Financial Services,VRTS
2010Q2,2010,Q2,2010-08-06,2010-06-30,413000.0,34788000.0,2317000.0,-0.08,34788000.0,1.0,131770000.0,31593000.0,61645000.0,24339000.0,100177000.0,0.0,-871672000.0,109586880.0,98471880.0,5.396822685343355,2.53276634208472,0.15535402595431433,0.6479599911372772,0.03646767013248651,5.396822685343355,0.013072516063684994,3.150134529147982,66.3358837772397,3.4687076251068274,0.0,0.0,0.0,0.2640054640661759,2.409178684415958,0.0031342490703498522,11.649503561177847,1.0,-3.666666666666667,1.118583254454789,-0.28611583155484765,0.0,0.04009328190869136,-0.6103773584905661,1.3764102564102565,1.118583254454789,-0.28611583155484765,0.0,Asset Management,Financial Services,VRTS
2010Q1,2010,Q1,2010-05-04,2010-03-31,1060000.0,33447000.0,975000.0,0.03,33447000.0,1.0,125865000.0,31083000.0,54082000.0,19559000.0,94782000.0,0.0,-872085000.0,121559720.0,120098720.0,5.328818789645123,2.7650697888440106,0.16490684463512492,0.6677605121770743,0.01956499232043289,5.328818789645123,0.03410224238329634,3.634398301790893,28.669745283018866,3.910810410835505,0.8490566037735849,0.0,0.007403768287718992,0.26573709927303063,2.6024336622526714,0.008421721685933341,-22.12187807097361,1.0,-0.8695652173913043,1.1143356000796982,-0.34503750112943976,0.0,0.0036609152288072017,-0.25874125874125875,-0.2453560371517028,1.1143356000796982,-0.34503750112943976,0.0,Asset Management,Financial Services,VRTS
2009Q4,2009,Q4,2010-03-08,2009-12-31,1430000.0,33325000.0,1292000.0,0.23,33325000.0,1.0,134023000.0,29730000.0,60777000.0,28657000.0,104293000.0,0.0,-873145000.0,92744700.0,85293700.0,5.096862677867307,2.120843074990404,0.15795050103340472,0.712041708711739,0.0332404322659534,5.096862677867307,0.0480995627312479,2.7830367591897973,16.21410839160839,3.119566094853683,0.6293706293706294,0.0,0.009704058560758727,0.24865135088753423,2.00523432320201,0.010669810405676638,15.746129032258064,1.0,2.642857142857143,1.0079205978135126,-0.051814913728642595,-0.19439738739758383,0.09639743378845204,11.767857142857142,8.511627906976743,1.0079205978135126,-0.051814913728642595,-0.19439738739758383,Asset Management,Financial Services,VRTS
2009Q3,2009,Q3,2009-11-04,2009-09-30,112000.0,30395000.0,-172000.0,-0.14,30395000.0,1.0,128145000.0,28532000.0,54408000.0,23487000.0,99613000.0,0.0,-874575000.0,90912640.0,88909640.0,4.899038461538462,2.3165155192234,0.1693316165281517,0.7605145100238329,-0.0012741135951902212,4.899038461538462,0.003925417075564278,2.9910393156769204,202.92999999999998,3.186339548577036,16.071428571428573,0.0,0.01979922703817643,0.237192243162043,2.1615787456891047,0.000874009910648094,18.629639344262294,1.0,0.641025641025641,1.0003291141492399,-0.3276878973479317,0.0,0.1182443618704242,1.0498220640569396,0.9345758843666794,1.0003291141492399,-0.3276878973479317,0.0,Asset Management,Financial Services,VRTS
2009Q2,2009,Q2,2009-08-13,2009-06-30,-2248000.0,27181000.0,-2629000.0,-0.39,27181000.0,1.0,127425000.0,28388000.0,55139000.0,32289000.0,99037000.0,0.0,-874687000.0,85363590.0,81195590.0,4.885217690586818,1.7076713431818886,0.1681067294486953,0.7545793997463717,-0.05647458106721602,4.885217690586818,-0.07918838946033535,3.140561053677201,-9.493281806049822,3.0070307876567566,0.0,0.0,0.0,0.2133097900725917,1.622595930502648,-0.01764175004904846,-4742.421666666667,1.0,0.61,0.34976332216719497,-0.43809155050765786,0.0,0.03542722182012114,0.6109380408445829,0.3482895389191869,0.34976332216719497,-0.43809155050765786,0.0,Asset Management,Financial Services,VRTS
2009Q1,2009,Q1,2009-05-13,2009-03-31,-5778000.0,26251000.0,-4034000.0,-1.0,26251000.0,1.0,125889000.0,30229000.0,52160000.0,26165000.0,95660000.0,0.0,-872439000.0,37692900.0,32801900.0,5.220898100172712,1.993502770877126,0.1740263247781776,0.7247345264481128,-0.07905599046869427,5.220898100172712,-0.1911409573588276,1.4358653003695097,-1.630880062305296,1.2469119057858347,0.0,0.0,0.0,0.20852497041044094,1.8818650869482132,-0.04589757643638443,-1.622875226039783,1.0,0.9676898222940226,0.37213458625468915,-0.48213265245334475,0.0,-0.24754206437928167,0.9677586755277299,0.4241256245538901,0.37213458625468915,-0.48213265245334475,0.0,Asset Management,Financial Services,VRTS
2008Q4,2008,Q4,2009-04-10,2008-12-31,-179211000.0,34887000.0,-7005000.0,-30.95,34887000.0,1.0,159009000.0,36632000.0,84847000.0,51672000.0,122377000.0,0.0,-866661000.0,60795000.0,30917000.0,6.3267702936096715,1.6420305000774114,0.13318742964234728,0.5781284123170998,-0.15377506798096532,6.3267702936096715,-4.892198078183009,1.742626193137845,-0.08480924720022767,1.6596145446604063,-0.01220349197314897,0.0,0.035973353071798664,0.2194026753202649,1.4622426072147392,-1.127049412297417,9.113326337880379,1.0,0.47030634947800787,0.0,0.0,0.0,-0.22137660134803375,0.4686407585636391,-1.04167881084232,0.0,0.0,0.0,Asset Management,Financial Services,VRTS
2008Q3,2008,Q3,2008-09-30,2008-09-30,-337269000.0,44806000.0,-3431000.0,-58.43,44806000.0,1.0,,,,,,,,60606000.0,,,0.0,0.0,0.0,0.0,,0.0,1.3526313440164264,-0.044924081371249654,0.0,0.0,0.0,0.0,0.0,0.0,0.0,17.56186612576065,1.0,-98.03389830508475,0.0,0.0,0.0,-0.06747419247419248,-97.2146185206756,0.11389462809917356,0.0,0.0,0.0,Asset Management,Financial Services,VRTS
2008Q2,2008,Q2,2008-06-30,2008-06-30,-3434000.0,48048000.0,-3872000.0,-0.59,48048000.0,1.0,,,,,,,,60606000.0,,,0.0,0.0,0.0,0.0,,0.0,1.2613636363636365,-4.412201514269074,0.0,0.0,0.0,0.0,0.0,0.0,0.0,13.558389261744967,1.0,0.6289308176100629,0.0,0.0,0.0,-0.049175786119961214,0.6256812731632876,-0.19543068848410003,0.0,0.0,0.0,Asset Management,Financial Services,VRTS
2008Q1,2008,Q1,2008-03-31,2008-03-31,-9174000.0,50533000.0,-3239000.0,-1.59,50533000.0,1.0,,,,,,,,60606000.0,,,0.0,0.0,0.0,0.0,,0.0,1.1993350879623217,-1.6515696533682145,0.0,0.0,0.0,0.0,0.0,0.0,0.0,-4.647342995169082,1.0,0.0,0.0,0.0,0.0,0.0,0.0,0.0,0.0,0.0,0.0,Asset Management,Financial Services,VRTS
