Quarters,Year,Quarter,FillingDate,Date,NetIncome,Revenue,OperatingIncome,EPSDiluted,GrossProfit,GrossProfitRatio,TotalAssets,CommonStockEquity,CurrentAssets,CurrentLiability,TotalLiability,Inventory,RetainedEarnings,MarketCap,EnterpriseValue,bookValuePerShare,currentRatio,debtToAssets,debtToEquity,roic,shareholdersEquityPerShare,roe,priceToSalesRatio,peRatio,pbRatio,payoutRatio,inventoryTurnover,dividendYield,assetTurnover,quickRatio,returnOnAssets,priceToFreeCashFlowsRatio,grossProfitMargin,epsdilutedGrowth,fiveYNetIncomeGrowthPerShare,fiveYRevenueGrowthPerShare,fiveYShareholdersEquityGrowthPerShare,grossProfitGrowth,netIncomeGrowth,operatingIncomeGrowth,threeYNetIncomeGrowthPerShare,threeYRevenueGrowthPerShare,threeYShareholdersEquityGrowthPerShare,Industry,Sector,Symbol
2023Q1,2023,Q1,2023-04-28,2023-03-31,-6300000.0,479700000.0,15400000.0,-0.15,260900000.0,0.5438815927,3450700000.0,1204700000.0,781300000.0,844400000.0,2246000000.0,0.0,1511400000.0,8628775000.0,9614475000.0,28.345882352941178,0.9252723827569872,0.3877184339409395,1.1105669461276666,-0.0168061113132048,28.345882352941178,-0.005229517722254503,17.987856993954555,-342.4117063492064,7.162592346642318,-2.5238095238095237,0.0,0.0018426717581580237,0.1390152722635987,0.8092136428233065,-0.0018257165212855362,-1414.5532786885246,0.5438815926620805,-2.8749999999999996,-1.1503579952267302,0.9700205338809035,0.40358848887335436,-0.06821428571428571,-2.909090909090909,-0.5661971830985916,-1.2660792517843957,0.49449019607843137,0.17753302308625604,Financial Data & Stock Exchanges,Financial Services,MORN
2022Q4,2022,Q4,2023-02-24,2022-12-31,3300000.0,475000000.0,35500000.0,0.08,280000000.0,0.5894736842,3474800000.0,1207100000.0,810800000.0,882500000.0,2267700000.0,0.0,1535000000.0,9205075000.0,10152075000.0,28.40235294117647,0.9187535410764872,0.3809140094393922,1.0965123022119128,0.0017752574123247866,28.40235294117647,0.002733824869521995,19.379105263157896,697.3541666666666,7.625776654792478,4.636363636363637,0.0,0.0016621265986425965,0.13669851502244734,0.8186968838526912,0.0009496949464717394,136.57381305637983,0.5894736842105263,1.4444444444444446,-0.9151670951156813,0.9539284245166598,0.4996894024102374,0.026392961876832845,1.4285714285714286,3.3292682926829267,-0.8795907928388746,0.4390882706873362,0.12183527674635748,Financial Data & Stock Exchanges,Financial Services,MORN
2022Q3,2022,Q3,2022-10-28,2022-09-30,-7700000.0,468200000.0,8200000.0,-0.18,272800000.0,0.5826569842,3415100000.0,1179000000.0,788800000.0,806400000.0,2236100000.0,0.0,1563000000.0,9023600000.0,10008100000.0,27.741176470588236,0.9781746031746031,0.3974114960030453,1.151145038167939,0.010034422806142073,27.741176470588236,-0.006530958439355386,19.27296027338744,-292.97402597402595,7.653604749787956,-1.9870129870129871,0.0,0.0016955538809344385,0.13709701033644695,0.8694196428571429,-0.002254692395537466,131.92397660818713,0.5826569841947885,-1.2571428571428571,-1.2271386430678466,1.0365376250543714,0.5130903490759753,0.0,-1.255813953488372,-0.8478664192949907,-1.157929795135977,0.5025651407790649,0.13957419420402772,Financial Data & Stock Exchanges,Financial Services,MORN
2022Q2,2022,Q2,2022-07-29,2022-06-30,30100000.0,470400000.0,53900000.0,0.7,272800000.0,0.5799319728,3465900000.0,1240800000.0,818100000.0,801300000.0,2225100000.0,0.0,1572000000.0,10301958000.0,11254158000.0,29.12676056338028,1.02096593036316,0.38443117227848467,1.0738233397807866,0.016030664878074793,29.12676056338028,0.024258542875564153,21.900420918367345,85.56443521594684,8.302674081237912,0.5116279069767442,0.0,0.0014948614622579512,0.13572232320609365,0.9192562086609259,0.008684612943247065,278.4312972972973,0.5799319727891157,-0.33962264150943405,-0.3424734960740582,1.0668092323574958,0.6906210636842295,0.026721866767030485,-0.3413566739606127,-0.044326241134751775,-0.2833573093350284,0.7214466058857709,0.23949838155903716,Financial Data & Stock Exchanges,Financial Services,MORN
2022Q1,2022,Q1,2022-04-29,2022-03-31,45700000.0,457000000.0,56400000.0,1.06,265700000.0,0.5814004376,2869400000.0,1351700000.0,902800000.0,720500000.0,1517700000.0,0.0,1557200000.0,11746310000.0,11933710000.0,31.434883720930234,1.2530187369882027,0.23381194674844916,0.49633794481023896,0.01868913295526972,31.434883720930234,0.03380927720648073,25.70308533916849,64.25771334792123,8.690027372937783,0.33916849015317285,0.0,0.0013195633352090996,0.15926674566111382,1.1399028452463567,0.015926674566111382,-2610.291111111111,0.5814004376367615,-0.17187499999999997,1.5329844961240309,1.1763112615862794,0.8771666364531,-0.025311812179016874,-0.17953321364452424,-0.2703751617076326,0.36370131689548885,0.748740197795683,0.3831089098446891,Financial Data & Stock Exchanges,Financial Services,MORN
2021Q4,2021,Q4,2022-02-25,2021-12-31,55700000.0,462200000.0,77300000.0,1.28,272600000.0,0.5897879706,2862700000.0,1415900000.0,887600000.0,783500000.0,1446800000.0,0.0,1526500000.0,14739769000.0,14787469000.0,32.851508120649655,1.1328653477983408,0.1856638837461138,0.37537961720460483,0.027377725382772854,32.851508120649655,0.03933893636556254,31.890456512332324,66.15695242369839,10.410176566141676,0.24416517055655296,0.0,0.0009226738899368096,0.1614559681419639,1.0515634971282706,0.01945715583190694,139.449091769158,0.5897879705755085,0.13274336283185853,-0.20951969187406963,1.1730801612102575,1.0281620232418307,0.10903173311635476,0.13673469387755102,0.140117994100295,0.3014873265332926,0.743092656396143,0.5007589566189582,Financial Data & Stock Exchanges,Financial Services,MORN
2021Q3,2021,Q3,2021-10-29,2021-09-30,49000000.0,428900000.0,67800000.0,1.13,245800000.0,0.5730939612963395,2744400000.0,1385500000.0,797000000.0,693400000.0,1358900000.0,0.0,1499100000.0,11164192999.999998,11264392999.999998,32.146171693735496,1.1494087107008941,0.19210027692756157,0.38051245037892456,0.0244617372951985,32.146171693735496,0.03536629375676651,26.029827465609696,56.96016836734693,8.057880187657885,0.27755102040816326,0.0,0.001218180301970774,0.15628188310741875,1.0631670031727718,0.017854540154496428,120.82459956709954,0.5730939612963395,0.48684210526315774,0.6225165562913906,1.1871494135645082,1.0938491763639107,-0.004858299595141701,0.48936170212765956,0.4364406779661017,-0.14883032470365648,0.6223664827744201,0.4763118953785383,Financial Data & Stock Exchanges,Financial Services,MORN
2021Q2,2021,Q2,2021-07-30,2021-06-30,32900000.0,415400000.0,47200000.0,0.76,247000000.0,0.594607607125662,2712000000.0,1349800000.0,759200000.0,685100000.0,1362200000.0,0.0,1450100000.0,11055730000.0,11205630000.0,31.390697674418604,1.1081593927893738,0.19819321533923304,0.398207141798785,0.016032728198149562,31.390697674418604,0.024373981330567493,26.614660568127107,84.01010638297873,8.19064305823085,0.41033434650455924,0.0,0.001221086260246949,0.15317109144542773,1.0135746606334841,0.012131268436578172,101.89612903225806,0.594607607125662,-0.4015748031496063,0.03459119496855343,1.0958627648839558,1.1120325457674853,0.04883227176220807,-0.4007285974499089,-0.2976190476190476,-0.22024034716813173,0.6304905465669113,0.5345922893392615,Financial Data & Stock Exchanges,Financial Services,MORN
2021Q1,2021,Q1,2021-04-30,2021-03-31,54900000.0,392800000.0,67200000.0,1.27,235500000.0,0.5995417515274949,2675300000.0,1321400000.0,730800000.0,610600000.0,1353900000.0,0.0,1430800000.0,9654216000.0,9841016000.0,30.801864801864802,1.1968555519161481,0.21320973348783315,0.4316633873164825,0.025811929526639778,30.801864801864802,0.04154684425609202,24.57794297352342,43.962732240437155,7.306051157862872,0.2459016393442623,0.0,0.0013983528025476124,0.14682465517885845,1.0854896822797249,0.020521063058348596,232.6317108433735,0.5995417515274949,-0.27011494252873564,0.9173509417411856,1.0495347096075884,1.1016823016188295,0.020363951473136917,-0.27091633466135456,0.03225806451612903,0.29804562978787336,0.5981007356777377,0.5252001096111547,Financial Data & Stock Exchanges,Financial Services,MORN
2020Q4,2020,Q4,2021-02-26,2020-12-31,75300000.0,380400000.0,65100000.0,1.74,230800000.0,0.6067297581493165,2696000000.0,1271400000.0,730000000.0,626500000.0,1424600000.0,0.0,1389400000.0,9934353000.0,10138553000.0,29.636363636363637,1.1652035115722266,0.2324554896142433,0.49292118924020767,0.02494929859837279,29.636363636363637,0.05922605002359604,26.115544164037853,32.9825796812749,7.8137116564417175,0.1699867197875166,0.0,0.0012884583424808843,0.14109792284866468,1.071827613727055,0.02793026706231454,107.28242980561555,0.6067297581493165,-0.011363636363636374,1.0611185061587205,0.9264901764901765,1.02728834495194,0.056292906178489706,-0.011811023622047244,0.46952595936794583,0.9176838585578945,0.5501980536945572,0.5648471295135478,Financial Data & Stock Exchanges,Financial Services,MORN
2020Q3,2020,Q3,2020-10-30,2020-09-30,76200000.0,357200000.0,44300000.0,1.76,218500000.0,0.6117021276595744,2563000000.0,1177100000.0,622600000.0,559700000.0,1385900000.0,0.0,1340500000.0,6890169000.000001,7203869000.000001,27.43822843822844,1.112381633017688,0.2593835349200156,0.5647778438535384,0.017907938604347744,27.43822843822844,0.0647353665788803,19.289386898096307,22.60554133858268,5.853512021068728,0.16929133858267717,0.0,0.0018722327420415954,0.13936792820912994,1.0217973914597105,0.029730784237222006,97.31877118644069,0.6117021276595744,0.5714285714285713,1.3435549525101764,0.8844047231144002,0.7840095571781361,0.11026422764227642,0.5809128630705395,-0.27732463295269166,1.2268292179796605,0.5392321177445143,0.49656661784485184,Financial Data & Stock Exchanges,Financial Services,MORN
2020Q2,2020,Q2,2020-07-31,2020-06-30,48200000.0,327900000.0,61300000.0,1.12,196800000.0,0.6001829826166514,2350900000.0,1086900000.0,613500000.0,490200000.0,1264000000.0,0.0,1264300000.0,6047613000.0,6361013000.0,25.335664335664337,1.2515299877600978,0.2837636649793696,0.6137639157236177,0.02416389073842848,25.335664335664337,0.04434630600791241,18.443467520585543,31.367287344398342,5.564093292851228,0.26556016597510373,0.0,0.0021165375496084156,0.1394784975966651,1.1517747858017136,0.02050278616699987,54.6800452079566,0.6001829826166514,1.0363636363636364,0.5457441109615022,0.6754116739272603,0.6781847040519291,0.052406417112299465,1.0167364016736402,0.3775280898876405,0.045553145336225606,0.43062827225130895,0.47057231768366936,Financial Data & Stock Exchanges,Financial Services,MORN
2020Q1,2020,Q1,2020-05-01,2020-03-31,23900000.0,324000000.0,44500000.0,0.55,187000000.0,0.5771604938271605,2292000000.0,1032700000.0,580700000.0,456400000.0,1259300000.0,0.0,1229000000.0,4987125000.0,5195025000.0,24.07226107226107,1.2723488168273445,0.23141361256544501,0.5136051128110778,0.019081802715183498,24.07226107226107,0.02314321681030309,15.39236111111111,52.16657949790795,4.829209838287984,0.5397489539748954,0.0,0.00258666065117678,0.14136125654450263,1.1814198071866784,0.010427574171029668,148.42633928571428,0.5771604938271605,-0.14062499999999994,-0.16902513872210842,0.7627683170359673,0.6157593416684325,-0.017341040462427744,-0.13405797101449277,0.12090680100755667,0.3277777777777778,0.5465393794749402,0.43749999999999994,Financial Data & Stock Exchanges,Financial Services,MORN
2019Q4,2019,Q4,2020-03-02,2019-12-31,27600000.0,332400000.0,39700000.0,0.64,190300000.0,0.572503008423586,2370900000.0,1083600000.0,603200000.0,495800000.0,1287300000.0,0.0,1217900000.0,6476068000.0,6655068000.0,25.317757009345794,1.216619604679306,0.2164157071154414,0.47351421188630494,0.016700763412862887,25.317757009345794,0.02547065337763012,19.482755716004814,58.660036231884064,5.976437799926172,0.4311594202898551,0.0,0.0018375347510248502,0.1401999240794635,1.1341266639774104,0.011641148930785777,108.65885906040269,0.572503008423586,-0.4385964912280701,-0.09117205882091284,0.7561535381526955,0.7206882059156967,0.026429341963322545,-0.4378818737270876,-0.19959677419354838,-0.6055622764919371,0.5737665929690734,0.5630488893063447,Financial Data & Stock Exchanges,Financial Services,MORN
2019Q3,2019,Q3,2019-10-31,2019-09-30,49100000.0,313800000.0,49600000.0,1.14,185400000.0,0.5908221797323135,2282500000.0,1041900000.0,560700000.0,431700000.0,1240600000.0,0.0,1215300000.0,6254791999.999999,6478791999.999999,24.343457943925234,1.2988186240444752,0.23912376779846659,0.5238506574527306,0.022364306497848152,24.343457943925234,0.04712544390056627,19.932415551306562,31.847209775967407,6.003255590747672,0.24439918533604887,0.0,0.0019185290254256258,0.13748083242059145,1.2073198980773685,0.021511500547645127,73.07,0.5908221797323135,0.1632653061224489,0.7004200652781134,0.698443622702596,0.6263534488033636,0.1141826923076923,0.166270783847981,-0.023622047244094488,0.6372238039239958,0.6114203605827658,0.5856174057475858,Financial Data & Stock Exchanges,Financial Services,MORN
2019Q2,2019,Q2,2019-07-26,2019-06-30,42100000.0,273900000.0,50800000.0,0.98,166400000.0,0.6075209930631618,1572300000.0,1003400000.0,619900000.0,381400000.0,568900000.0,0.0,1166200000.0,6191073000.0,5852373000.0,23.498829039812648,1.625327739905611,0.009540164090822362,0.014949172812437711,0.03422047663816913,23.498829039812648,0.04195734502690851,22.60340635268346,36.76409144893112,6.170094678094479,0.2850356294536817,0.0,0.0019382746738731717,0.17420339629841633,1.5317252228631357,0.02677606054824143,89.85592162554427,0.6075209930631618,0.27272727272727265,5.519174428118579,0.5166088013593118,0.5760001856014446,0.08192457737321196,0.2680722891566265,0.026262626262626262,0.3332007718026895,0.39164659925275963,0.5810509289812923,Financial Data & Stock Exchanges,Financial Services,MORN
2019Q1,2019,Q1,2019-04-29,2019-03-31,33200000.0,258900000.0,49500000.0,0.77,153800000.0,0.5940517574353033,1551600000.0,968200000.0,586500000.0,372800000.0,583400000.0,0.0,1136100000.0,5490713999.999999,5201113999.999999,22.727699530516432,1.5732296137339057,0.019334880123743233,0.03098533360875852,0.03249875124875125,22.727699530516432,0.03429043586035943,21.2078563151796,41.34573795180722,5.671053501342697,0.35843373493975905,0.0,0.002167295546626541,0.1668600154679041,1.4817596566523605,0.02139726733694251,136.24600496277912,0.5940517574353033,-0.2222222222222222,0.32304477964745304,0.5021148723267211,0.4628349763729688,0.0,-0.2169811320754717,0.004056795131845842,0.16765634457149398,0.3603903483367671,0.5507633764078174,Financial Data & Stock Exchanges,Financial Services,MORN
2018Q4,2018,Q4,2019-03-01,2018-12-31,42400000.0,262700000.0,49300000.0,0.99,153800000.0,0.5854586981347545,1453800000.0,934700000.0,601600000.0,362800000.0,519100000.0,0.0,1114800000.0,4690168000.0,4417468000.0,21.88992974238876,1.6582138919514884,0.04814967670931352,0.07489033914625014,0.04349330872173512,21.88992974238876,0.04536214828287151,17.85370384468976,27.65429245283019,5.01783245961271,0.25235849056603776,0.0,0.002281368172739228,0.18069885816480946,1.5708379272326352,0.02916494703535562,55.570710900473934,0.5854586981347545,-0.25000000000000006,0.4503313203946974,0.5595634297131961,0.45104740016072287,-0.04649721016738995,-0.2548330404217926,-0.24617737003058104,0.16601264511430197,0.33664408386305356,0.4973901651048377,Financial Data & Stock Exchanges,Financial Services,MORN
2018Q3,2018,Q3,2018-10-26,2018-09-30,56900000.0,261300000.0,65400000.0,1.32,161300000.0,0.6172981247608114,1439500000.0,927600000.0,583900000.0,321300000.0,511900000.0,0.0,1095000000.0,5340762000.0,5151462000.0,21.774647887323944,1.8173046996576407,0.06252170892671066,0.09702457956015524,0.0500360099660014,21.774647887323944,0.061341095299698147,20.439196326061996,23.465562390158173,5.75761319534282,0.18629173989455183,0.0,0.0019847355115243854,0.1815213615838833,1.7021475256769374,0.03952761375477597,88.71697674418604,0.6172981247608114,0.36082474226804134,0.9562078954354164,0.6292504917099001,0.3248613241114836,0.05701179554390563,0.361244019138756,0.22014925373134328,0.7623011702053116,0.38819295702530576,0.41576851518052116,Financial Data & Stock Exchanges,Financial Services,MORN
2018Q2,2018,Q2,2018-07-27,2018-06-30,41800000.0,252400000.0,53600000.0,0.97,152600000.0,0.6045958795562599,1427200000.0,871400000.0,566100000.0,330800000.0,555800000.0,0.0,1038100000.0,5463450000.0,5326150000.0,20.455399061032864,1.7113059250302298,0.08758408071748879,0.14344732614184072,0.04127440604357506,20.455399061032864,0.04796878586183154,21.645998415213946,32.67613636363637,6.269738352077117,0.25598086124401914,0.0,0.0019584694652646224,0.17684977578475336,1.5816203143893592,0.029288116591928252,105.47200772200772,0.6045958795562599,-0.01020408163265307,0.4629555122795726,0.5671076110461861,0.32540876245897926,0.0815024805102764,-0.002386634844868735,0.12842105263157894,0.34994022103636313,0.29872489099200183,0.35492550598647715,Financial Data & Stock Exchanges,Financial Services,MORN
2018Q1,2018,Q1,2018-05-03,2018-03-31,41900000.0,243500000.0,47500000.0,0.98,141100000.0,0.5794661190965092,1436500000.0,858300000.0,549700000.0,327300000.0,578200000.0,0.0,1007000000.0,4059600000.0,3943000000.0,20.19529411764706,1.6794989306446686,0.10442046641141664,0.17476406850751486,0.03599525348061791,20.19529411764706,0.04881742980309915,16.67186858316222,24.221957040572793,4.729814750087382,0.2529832935560859,0.0,0.0026110946891319342,0.16950922380786634,1.5692025664527955,0.02916811695092238,95.97163120567376,0.5794661190965092,0.07692307692307687,0.5446976997294968,0.5745906710625691,0.2700916114732213,0.010021474588403722,0.07712082262210797,0.11502347417840375,0.47052485640720926,0.3372652327527429,0.3555326203208556,Financial Data & Stock Exchanges,Financial Services,MORN
2017Q4,2017,Q4,2018-03-01,2017-12-31,38900000.0,243100000.0,42600000.0,0.91,139700000.0,0.5746606334841629,1405700000.0,804900000.0,529800000.0,323200000.0,600800000.0,0.0,958700000.0,4121225000.0,4038125000.0,18.938823529411764,1.6392326732673268,0.12805008180977448,0.22363026462914648,0.04046592811598333,18.938823529411764,0.04832898496707665,16.952797202797203,26.486021850899743,5.12017020747919,0.2493573264781491,0.0,0.00235366911537225,0.1729387493775343,1.5516707920792079,0.027673045457779044,63.20897239263804,0.5746606334841629,0.15189873417721517,0.3018188497809991,0.5728499668833414,0.22461228094626876,0.005035971223021582,0.14749262536873156,-0.19318181818181818,0.2899623323340886,0.2934250439121247,0.28715234406223467,Financial Data & Stock Exchanges,Financial Services,MORN
2017Q3,2017,Q3,2017-10-27,2017-09-30,33900000.0,229900000.0,52800000.0,0.79,139000000.0,0.6046107003044802,1383700000.0,779200000.0,497900000.0,294600000.0,604500000.0,0.0,940200000.0,3612075000.0,3600475000.0,18.334117647058825,1.6900882552613714,0.14815350148153503,0.26309034907597534,0.035800290255325475,18.334117647058825,0.04350616016427105,15.711505002174858,26.637721238938052,4.635619866529773,0.2920353982300885,0.0,0.0027408068769336187,0.1661487316614873,1.6028513238289206,0.024499530244995304,73.11892712550608,0.6046107003044802,-0.26168224299065423,0.4136356722223428,0.6123846203325507,0.16475576646818452,0.038088125466766244,-0.2646420824295011,0.14782608695652175,0.18230429189568464,0.25311811068715084,0.22487756401516393,Financial Data & Stock Exchanges,Financial Services,MORN
2017Q2,2017,Q2,2017-07-28,2017-06-30,46100000.0,229200000.0,46000000.0,1.07,133900000.0,0.5842059336823735,1376000000.0,739100000.0,507400000.0,301800000.0,636900000.0,0.0,906300000.0,3360786000.0,3359186000.0,17.22843822843823,1.681245858184228,0.16715116279069767,0.3111892842646462,0.03585170007724831,17.22843822843823,0.06237315654173995,14.663115183246074,18.225520607375273,4.547132999594101,0.21258134490238612,0.0,0.0029159845345701867,0.16656976744186047,1.6010603048376408,0.033502906976744184,91.57455040871935,0.5842059336823735,1.547619047619048,0.8956023059938719,0.5836307479274797,0.06524686874468193,0.1902222222222222,1.5611111111111111,0.6197183098591549,5.9254795090602235,0.26318434845509325,0.15546275942684806,Financial Data & Stock Exchanges,Financial Services,MORN
2017Q1,2017,Q1,2017-04-28,2017-03-31,18000000.0,209500000.0,28400000.0,0.42,112500000.0,0.5369928400954654,1355600000.0,718400000.0,486100000.0,299900000.0,636900000.0,0.0,870000000.0,3371939999.9999995,3392839999.9999995,16.745920745920746,1.6208736245415138,0.17335497196813218,0.3271158129175947,0.02066482590565364,16.745920745920746,0.02505567928730512,16.095178997613363,46.832499999999996,4.693680400890869,0.55,0.0,0.0029359953024075164,0.1545441133077604,1.533177725908636,0.013278253172027146,104.71863354037265,0.5369928400954654,-0.7423312883435583,0.04052276868485843,0.5169895326527303,-0.030680864039504773,-0.09420289855072464,-0.7439544807965861,-0.4308617234468938,-0.28770274311675587,0.20700044396674555,0.07782657658823586,Financial Data & Stock Exchanges,Financial Services,MORN
2016Q4,2016,Q4,2017-03-01,2016-12-31,70300000.0,212200000.0,49900000.0,1.63,124200000.0,0.5852968897266729,1350900000.0,696500000.0,472000000.0,294900000.0,654100000.0,0.0,861900000.0,3163080000.0,3198880000.0,16.197674418604652,1.6005425567989149,0.18506181064475535,0.3589375448671931,0.04246270494056455,16.197674418604652,0.10093323761665471,14.90612629594722,11.24850640113798,4.541392677674085,0.1337126600284495,0.0,0.002971786992425105,0.15708046487526833,1.5252628009494744,0.052039381153305204,57.302173913043475,0.5852968897266729,1.3285714285714285,1.9172922429319543,0.5524074682707608,-0.05539287907776063,0.11690647482014388,1.3278145695364238,0.12895927601809956,1.3878998798124214,0.25097251819880195,0.07371716722564854,Financial Data & Stock Exchanges,Financial Services,MORN
2016Q3,2016,Q3,2016-10-28,2016-09-30,30200000.0,196100000.0,44200000.0,0.7,111200000.0,0.5670576236613972,1059500000.0,661700000.0,413100000.0,314200000.0,397500000.0,0.0,801500000.0,3416537000.0,3257137000.0,15.352668213457077,1.3147676639083385,0.056630486078338836,0.09067553271875473,0.03941856745128119,15.352668213457077,0.04564001813510654,17.422422233554308,28.282591059602645,5.163271875472268,0.31456953642384106,0.0,0.0027805933317859577,0.1850873053327041,1.2393380012730746,0.028504011326097214,80.76919621749408,0.5670576236613972,-0.04109589041095894,0.6477828011086537,0.4292885847972385,-0.07564572061992937,-0.008028545941123996,-0.050314465408805034,-0.0045045045045045045,0.02622363557002436,0.20853261025549263,-0.06587897801249869,Financial Data & Stock Exchanges,Financial Services,MORN
2016Q2,2016,Q2,2016-07-29,2016-06-30,31800000.0,198200000.0,44400000.0,0.73,112100000.0,0.565590312815338,1052000000.0,639100000.0,409000000.0,328600000.0,412600000.0,0.0,780800000.0,3516540000.0,3389140000.0,14.862790697674418,1.2446743761412051,0.07129277566539924,0.1173525269910812,0.041975470584377256,14.862790697674418,0.04975747144421843,17.742381432896064,27.64575471698113,5.502331403536223,0.29874213836477986,0.0,0.002701519106849346,0.18840304182509507,1.1670724284844796,0.03022813688212928,63.36108108108108,0.565590312815338,0.08955223880597006,0.4007463636722848,0.43608605103248027,-0.1281788663526269,0.04962546816479401,0.10801393728222997,0.04964539007092199,0.1026129817374494,0.21914191524144805,-0.03696461914457537,Financial Data & Stock Exchanges,Financial Services,MORN
2016Q1,2016,Q1,2016-04-29,2016-03-31,28700000.0,192100000.0,42300000.0,0.67,106800000.0,0.5559604372722541,1032700000.0,630200000.0,400400000.0,323800000.0,402200000.0,0.0,758400000.0,3795610000.0,3685410000.0,14.655813953488373,1.2365657813465103,0.0726251573545076,0.11900983814662013,0.03952149850774753,14.655813953488373,0.04554109806410663,19.758511192087454,33.06280487804877,6.02286575690257,0.3310104529616725,0.0,0.002502891498336236,0.1860172363706788,1.1575046324891909,0.027791226880991577,-1807.4333333333334,0.5559604372722541,-0.21176470588235288,0.47484601549286926,0.46592213492500206,-0.11290888807408159,-0.08483290488431877,-0.23056300268096513,-0.15568862275449102,0.04575957109677187,0.22776867257748712,-0.07828891952743189,Financial Data & Stock Exchanges,Financial Services,MORN
2015Q4,2015,Q4,2016-02-26,2015-12-31,37300000.0,201600000.0,50100000.0,0.85,116700000.0,0.5788690476190477,1029000000.0,640300000.0,409900000.0,304400000.0,388400000.0,0.0,739200000.0,3521958000.0,3349858000.0,14.618721461187215,1.3465834428383705,0.034013605442176874,0.05466187724504139,0.05330101400456324,14.618721461187215,0.05825394346400125,17.47002976190476,23.605616621983913,5.500481024519756,0.225201072386059,0.0,0.002385036959554884,0.19591836734693877,1.2743101182654402,0.036248785228377066,100.62737142857142,0.5788690476190477,0.1184210526315789,0.5395793212511212,0.508018229555846,-0.07221825142330222,0.04289544235924933,0.11343283582089553,0.08441558441558442,0.21122438497924012,0.26563269679280277,-0.05473189476101063,Financial Data & Stock Exchanges,Financial Services,MORN
2015Q3,2015,Q3,2015-10-29,2015-09-30,33500000.0,195300000.0,46200000.0,0.76,111900000.0,0.5729646697388633,1023600000.0,679800000.0,420100000.0,273000000.0,343500000.0,0.0,711400000.0,3547492000.0,3323792000.0,15.380090497737557,1.538827838827839,0.0,0.0,0.04711593375214163,15.380090497737557,0.049279199764636655,18.164321556579623,26.47382089552239,5.21843483377464,0.2507462686567164,0.0,0.0023678700332516603,0.19079718640093787,1.417948717948718,0.03272762797967956,56.04252764612954,0.5729646697388633,0.05555555555555561,0.8012187612036498,0.561189906379564,0.007112494371526247,-0.05887300252312868,0.040372670807453416,-0.07042253521126761,0.3432265435514093,0.3170388310592699,-0.02291184986935344,Financial Data & Stock Exchanges,Financial Services,MORN
2015Q2,2015,Q2,2015-07-30,2015-06-30,32200000.0,202100000.0,49700000.0,0.72,118900000.0,0.5883226125680356,1047600000.0,668800000.0,435400000.0,305000000.0,377700000.0,0.0,686400000.0,3524065000.0,3333465000.0,15.09706546275395,1.4275409836065573,0.03340969835815197,0.05233253588516747,0.04436354309493988,15.09706546275395,0.04814593301435407,17.437234042553193,27.360753105590064,5.269235944976077,0.2639751552795031,0.0,0.002411987293083414,0.19291714394807177,1.319672131147541,0.03073692248949981,56.20518341307815,0.5883226125680356,0.07462686567164169,0.9879090434646963,0.6504345377851259,0.03941955110226252,0.0702070207020702,0.08417508417508418,0.11685393258426967,0.28219990571767867,0.35225685486652586,-0.0665374598559894,Financial Data & Stock Exchanges,Financial Services,MORN
2015Q1,2015,Q1,2015-05-01,2015-03-31,29700000.0,189800000.0,44500000.0,0.67,111100000.0,0.5853530031612223,1025800000.0,660000000.0,418500000.0,293200000.0,364800000.0,0.0,662800000.0,3318513000.0,3158913000.0,14.89841986455982,1.4273533424283766,0.04386820042893352,0.06818181818181818,0.04193724771232369,14.89841986455982,0.045,17.484262381454162,27.93361111111111,5.0280499999999995,0.2828282828282828,0.0,0.0025312542093401474,0.18502632092025736,1.3144611186903137,0.02895301228309612,161.0928640776699,0.5853530031612223,-0.05633802816901398,0.6215426011295179,0.630679504163729,0.03782460749061896,-0.03408102938619371,-0.057561718601256584,-0.04467486743522037,0.662605060527262,0.3309089049453707,-0.1376214130351916,Financial Data & Stock Exchanges,Financial Services,MORN
2014Q4,2014,Q4,2015-02-27,2014-12-31,31514000.0,196415000.0,46581000.0,0.71,115020000.0,0.5855968230532291,1019281000.0,653496000.0,399773000.0,293759000.0,364883000.0,0.0,641527000.0,2874029939.9999995,2718879939.9999995,14.71373891115414,1.360887666420433,0.029432511741119476,0.04590693745638841,0.0463489367710077,14.71373891115414,0.04822370756668748,14.632436117404472,22.799628260455666,4.397930423445591,0.2407184108650124,0.0,0.0026394992948472907,0.19269955978773273,1.2533301107370327,0.030917872500321304,69.47303391428363,0.5855968230532291,0.059701492537313314,1.4009673112568597,0.7606820376955648,0.06324867146733318,0.018200488651251727,0.044201457919151754,0.029164181083051632,0.2661253675992165,0.3911807590640137,-0.14193221868302375,Financial Data & Stock Exchanges,Financial Services,MORN
2014Q3,2014,Q3,2014-10-30,2014-09-30,30180000.0,193106000.0,45261000.0,0.67,112964000.0,0.584984412705975,1020175000.0,669584000.0,388344000.0,290887000.0,349656000.0,0.0,618484000.0,3037438600.0000005,2878137600.0000005,14.96812268073501,1.3350338791351968,0.029423383243071043,0.044829326865635975,0.04289816252736712,14.96812268073501,0.04507276159525914,15.729384897413858,25.16102220013254,4.536307020478387,0.251921802518224,0.0,0.002503095865048926,0.18928713210968706,1.2279716865999513,0.029583159752003332,-904.8074471254097,0.584984412705975,4.045454545454546,0.4516758068078123,0.7418668170040527,0.11524264330176073,0.04598233300616678,4.089364315692497,2.8265133171912833,0.5865428083091976,0.3560560361879576,-0.098798458883143,Financial Data & Stock Exchanges,Financial Services,MORN
2014Q2,2014,Q2,2014-07-31,2014-06-30,-9769000.0,189385000.0,-24780000.0,-0.22,107998000.0,0.5702563561000079,1051223000.0,667644000.0,402585000.0,322188000.0,382561000.0,0.0,595911000.0,3215436370.0,3039182370.0,14.910422761685687,1.2495344333122276,0.0,0.0,-0.02018929191654415,14.910422761685687,-0.014632049415556793,16.978305409615334,-82.28673277715222,4.8160941609600325,-0.7846248336574879,0.0,0.0023838133049418732,0.18015682685785986,1.1626224440388842,-0.009292985408424282,71.77633755971249,0.5702563561000079,-1.379310344827586,-1.5091165311021728,0.6963280930259965,0.15660209796851887,0.024153398260803597,-1.370374582954201,-1.6431018374338213,-1.4132339131519576,0.3177585857094008,-0.12538486616188435,Financial Data & Stock Exchanges,Financial Services,MORN
2014Q1,2014,Q1,2014-05-01,2014-03-31,26376000.0,181165000.0,38532000.0,0.58,105451000.0,0.5820715921949604,1007417000.0,695689000.0,424942000.0,247857000.0,310700000.0,0.0,613326000.0,3538278540.0,3333645540.0,15.536748777274047,1.7144643887402817,0.0,0.0,0.03619677645568108,15.536748777274047,0.03791349295446672,19.53069599536334,33.53691367151956,5.0860061607988625,0.2898089171974522,0.0,0.0021603725974609113,0.17983119204857573,1.5954239743077663,0.026181809518799067,-397.1577663037378,0.5820715921949604,-0.14705882352941188,0.11802441039186769,0.6421245821462361,0.3051350499371277,-0.019625890184265818,-0.15804258307530245,-0.08031601307969545,0.3016288894735082,0.32761239536641895,-0.059587424329634174,Financial Data & Stock Exchanges,Financial Services,MORN
2013Q4,2013,Q4,2014-02-28,2013-12-31,31327000.0,180500000.0,41897000.0,0.68,107562000.0,0.5959113573407202,1030668000.0,690257000.0,446893000.0,280291000.0,339378000.0,0.0,594626000.0,3573086040.0,3404926040.0,15.085606259288399,1.5943894024424616,0.0,0.0,0.04241159343286341,15.085606259288399,0.045384545176651594,19.79549052631579,28.51442876751684,5.176457522343128,0.1841223225971207,0.0,0.0016142908218353454,0.17512913954833176,1.486455148399342,0.03039485071817501,73.20097598951078,0.5959113573407202,0.0,0.6833164390451677,0.5670072940542181,0.3346090492306077,0.06433801701959233,-0.004322537583828624,-0.060879115952749197,0.23776473105935478,0.2924666009026272,-0.04258726108558658,Financial Data & Stock Exchanges,Financial Services,MORN
2013Q3,2013,Q3,2013-11-06,2013-09-30,31463000.0,173482000.0,44613000.0,0.68,101060000.0,0.5825388224714956,1074150000.0,757344000.0,489400000.0,255339000.0,315674000.0,0.0,576828000.0,3652300800.0,3475341800.0,16.435416666666665,1.916667645757209,0.0,0.0,0.040391604132587536,16.435416666666665,0.041543869100435206,21.052909235540287,29.020601976925278,4.82251235898086,0.18332644693767283,0.0,0.0015792784646872459,0.16150630731275892,1.8015892597683862,0.029291067355583483,96.09042068983662,0.5825388224714956,0.030303030303030328,0.4309771192418109,0.3948404553243785,0.45454940566709856,-0.1925212736207103,0.010989364094984095,0.023609581497797356,0.6226751451478088,0.3302023498796641,0.07621691027350586,Financial Data & Stock Exchanges,Financial Services,MORN
2013Q2,2013,Q2,2013-07-31,2013-06-30,31121000.0,175428000.0,43584000.0,0.66,125155000.0,0.7134265909660944,1039057000.0,716104000.0,462385000.0,253296000.0,321781000.0,0.0,545347000.0,3615024000.0,3445214000.0,15.433275862068966,1.8254729644368644,0.0,0.0,0.04006678261238044,15.433275862068966,0.043458771351647246,20.606881455639922,29.04006940651007,5.04818294549395,0.1892291378811735,0.0,0.0016290348279845445,0.16883385608296753,1.7052026088055081,0.029951196132647198,74.23199655023717,0.7134265909660944,0.04761904761904766,0.1000296200541644,0.31292307268063363,0.4233325986738316,0.035656951822981314,0.05074616787088932,0.07455621301775148,0.8343403821989127,0.3677812551388662,0.06256733854440419,Financial Data & Stock Exchanges,Financial Services,MORN
2013Q1,2013,Q1,2013-05-01,2013-03-31,29618000.0,168856000.0,40560000.0,0.63,120846000.0,0.7156748945847349,1045549000.0,737886000.0,480178000.0,243232000.0,306427000.0,0.0,520096000.0,3230321660.0,3005429660.0,15.900659397491705,1.974156361005131,0.0,0.0,0.03850993537706568,15.900659397491705,0.040138991659958316,19.13063000426399,27.26654112364103,4.3778058670309505,0.0,0.0,0.0,0.161499843622824,1.844921720826207,0.028327701523314545,184.01148732554827,0.7156748945847349,-0.08695652173913036,0.250806228717996,0.3117813137097886,0.6040406437478583,-0.015439013858449906,-0.1020494785350473,0.032875805342636684,0.5436798417591528,0.38490024535016726,0.10764065908082202,Financial Data & Stock Exchanges,Financial Services,MORN
2012Q4,2012,Q4,2013-02-28,2012-12-31,32984000.0,170609000.0,39269000.0,0.69,122741000.0,0.7194286350661454,1041952000.0,725517000.0,474610000.0,257365000.0,315057000.0,0.0,496354000.0,2947543790.0,2783654790.0,15.465158911176006,1.8441124473024693,0.0,0.0,0.0381265278373504,15.465158911176006,0.04546275276802611,17.276601996377682,22.340709055905894,4.062680529884207,0.3219742905651225,0.0,0.0036029999065764515,0.16373978839716224,1.748668233831329,0.03165596879702712,63.36487284218673,0.7194286350661454,0.23214285714285693,0.5890296447922095,0.39241589584995346,0.7129346259983976,0.08389187661712631,0.218470631695604,-0.014925747541641582,1.379100128414817,0.44788777688328835,0.11754801180234282,Financial Data & Stock Exchanges,Financial Services,MORN
2012Q3,2012,Q3,2012-10-30,2012-09-30,27070000.0,160952000.0,39864000.0,0.56,113241000.0,0.7035700084497242,1061383000.0,755162000.0,492936000.0,260166000.0,304652000.0,0.0,469295000.0,3055897157.5,2903716157.5,15.740739968733715,1.8946980005073684,0.0,0.0,0.03358474467596108,15.740739968733715,0.03584661304461824,18.986388224439583,28.222175447912818,4.046677610234625,0.1796453638714444,0.0,0.0015913493646423538,0.15164365737909877,1.7997509282534996,0.025504459747329664,93.81687770546158,0.7035700084497242,0.0,0.23329453242667644,0.3014579423275564,0.9176493380217081,-0.028107727694050604,-0.029331612162937466,-0.030921820303383897,0.21411943017242735,0.3537494883463781,0.17280869650075822,Financial Data & Stock Exchanges,Financial Services,MORN
2012Q2,2012,Q2,2012-07-31,2012-06-30,27888000.0,165968000.0,41136000.0,0.56,116516000.0,0.702038947266943,1105779000.0,795640000.0,541991000.0,262139000.0,308554000.0,0.0,447026000.0,2845438800.0,2697939800.0,16.173188332147575,2.06757102148097,0.0,0.0,0.03360842379580424,16.173188332147575,0.035051028103162234,17.14450255470934,25.507734509466438,3.5762892765572376,0.17900172117039587,0.0,0.0017543867047852162,0.15009147397445602,1.963862683538123,0.025220229358669317,70.7169719412481,0.702038947266943,0.4000000000000001,0.32940603776623717,0.3180359388099443,1.1637567987898505,0.05498764068342946,0.3849133435963649,0.35320240797394653,0.32287401937549703,0.3530774770314323,0.25455487445126396,Financial Data & Stock Exchanges,Financial Services,MORN
2012Q1,2012,Q1,2012-05-02,2012-03-31,20137000.0,160759000.0,30399000.0,0.4,110443000.0,0.6870097475102482,1166385000.0,862727000.0,594030000.0,257366000.0,302119000.0,0.0,424086000.0,3148590900.0,2983242900.0,17.27596219311947,2.3081137368572384,0.0,0.0,0.022176475996305407,17.27596219311947,0.023341103269052667,19.58578306657792,39.08962233699161,3.6495796468639554,0.24889506877886478,0.0,0.0015918231866832876,0.13782670387565,2.2092894943388015,0.01726445384671442,-934.2999703264095,0.6870097475102482,-0.27272727272727276,0.08309768067807602,0.43007221124718614,1.5379929837068633,0.0006795447955929254,-0.2796637453049544,-0.1094477808700747,-0.2346484434385041,0.3065647831025238,0.4512343671675757,Financial Data & Stock Exchanges,Financial Services,MORN
2011Q4,2011,Q4,2012-02-24,2011-12-31,27955000.0,158571000.0,34135000.0,0.55,110368000.0,0.6960162955395375,1172084000.0,855370000.0,612033000.0,270633000.0,315068000.0,0.0,409022000.0,2965544350.0,2765107350.0,17.147525208989034,2.2614869583531942,0.0,0.0,0.030867233247635878,17.147525208989034,0.03268176344739703,18.70168158112139,26.52069710248614,3.4669725966540796,0.0895009837238419,0.0,0.0008436899620132136,0.13528979151664897,2.183580716320626,0.02385067964412107,59.27887640674036,0.6960162955395375,0.3095238095238097,0.7457940037552838,0.5486147326578125,1.6986271268093074,-0.014369022209918108,0.3075304022450889,0.008002598629813371,0.3778500019053408,0.2627374582669786,0.5170250318402682,Financial Data & Stock Exchanges,Financial Services,MORN
2011Q3,2011,Q3,2011-11-01,2011-09-30,21380000.0,160051000.0,33864000.0,0.42,111977000.0,0.699633241904143,1134266000.0,835071000.0,573398000.0,249291000.0,298138000.0,0.0,386148000.0,2837690320.0,2663420320.0,16.609073551056127,2.3001151264987505,0.0,0.0,0.025514346398814385,16.609073551056127,0.025602613430474774,17.729913090202498,33.18159869036482,3.3981425770982345,0.11824134705332086,0.0,0.0008908653570062571,0.14110534918616974,2.2203288526260474,0.01884919410438116,72.96897117436808,0.699633241904143,-0.19230769230769237,0.3010385222656017,0.6125722967808305,1.8689966640585056,-0.033222533995251456,-0.19275061355484235,-0.12285336856010567,-0.10880090462297566,0.17940505108159727,0.4699181987498432,Financial Data & Stock Exchanges,Financial Services,MORN
2011Q2,2011,Q2,2011-08-02,2011-06-30,26485000.0,161011000.0,38607000.0,0.52,115825000.0,0.7193607890144151,1153066000.0,855212000.0,575422000.0,246256000.0,296844000.0,0.0,367310000.0,3049028700.0,2854005700.0,17.047981660520282,2.3366821519069587,0.0,0.0,0.03026847788212255,17.047981660520282,0.03096892934149661,18.93677264286291,28.780712667547668,3.565231427996801,0.0950349254294884,0.0,0.0008255087923573826,0.13963728008630902,2.258373400038984,0.022969196906334935,70.20720486310991,0.7193607890144151,0.18181818181818185,0.935214553281828,0.7225177384881801,2.175295595641771,0.04254802066643864,0.17517859519900608,0.21371310006601904,-0.13409952663549837,0.11458470628676312,0.5722487083023751,Financial Data & Stock Exchanges,Financial Services,MORN
2011Q1,2011,Q1,2011-05-04,2011-03-31,22537000.0,151767000.0,31809000.0,0.44,111098000.0,0.7320300197012526,1110228000.0,822756000.0,527978000.0,236433000.0,286475000.0,0.0,343402000.0,2907324000.0,2713950000.0,16.52120481927711,2.233097748622231,0.0,0.0,0.05114170892527115,16.52120481927711,0.02739208222121747,19.156496471564964,32.25056573634468,3.533640593322929,0.11066246616674802,0.0,0.0008578335266382418,0.13669894832412802,2.156551750390174,0.02029943399013536,312.3132452465356,0.7320300197012526,-0.18518518518518523,0.35893022943772995,0.7553964888959206,2.4010427913908328,0.020633520743762172,-0.17727156572847078,-0.014865743751742079,-0.11309887843974274,0.09866954313219194,0.6666405682511444,Financial Data & Stock Exchanges,Financial Services,MORN
2010Q4,2010,Q4,2011-02-28,2010-12-31,27393000.0,151153000.0,32289000.0,0.54,108852000.0,0.7201444893584646,1086302000.0,780316000.0,507280000.0,252724000.0,304877000.0,0.0,323408000.0,2628680840.0,2448504840.0,15.756638329665003,2.0072490147354425,0.0,0.0,0.0341897946233008,15.756638329665003,0.035105008740048904,17.390861180393376,23.99044317891432,3.3687388698937353,0.0,0.0,0.0,0.13914454728059047,1.9260774599958848,0.025216744514877078,72.94596625596625,0.7201444893584646,0.3170731707317075,1.2116160368468645,1.0278339504410436,2.6603793579885973,0.0983613174039393,0.3177947755808919,0.07055468983123901,0.25012815362001783,0.16861126131133464,0.7452191431872167,Financial Data & Stock Exchanges,Financial Services,MORN
2010Q3,2010,Q3,2010-11-03,2010-09-30,20787000.0,139817000.0,30161000.0,0.41,99104000.0,0.70881223313331,1026197000.0,754426000.0,458930000.0,221772000.0,270771000.0,0.0,303196000.0,2201308560.0,2025436560.0,15.271472237404101,2.0693775589344012,0.0,0.0,0.02260188824440964,15.271472237404101,0.0275533982126809,15.744212506347584,26.474582190792322,2.917858822469003,0.0,0.0,0.0,0.13624771851798437,1.9999503995094061,0.020256344542032376,70.06520338659367,0.70881223313331,0.13888888888888887,1.2341291820039182,0.984806767195477,2.879650734427736,0.02855126462071757,0.15470503277413622,0.09014349224708136,-0.08029275085646422,0.0979257808621486,0.8604797922362709,Financial Data & Stock Exchanges,Financial Services,MORN
2010Q2,2010,Q2,2010-08-05,2010-06-30,18002000.0,136091000.0,27667000.0,0.36,96353000.0,0.7080042030700047,962526000.0,715100000.0,437605000.0,213341000.0,246460000.0,0.0,284935000.0,2093429680.0000002,1939052680.0000002,14.52451557866515,2.0511997225099723,0.0,0.0,0.024401839133956486,14.52451557866515,0.02517410152426234,15.382572543371717,29.072181979780026,2.92746424276325,0.0,0.0,0.0,0.14138942740248056,1.9855114581819715,0.018702871402954308,73.73567961677998,0.7080042030700047,-0.10000000000000009,0.5038349784437743,0.9198730724353769,2.9371434280865127,0.025315512801413156,-0.10828214781058054,-0.10584319048542434,-0.1425340601532136,0.07991143690439963,0.9431863827367353,Financial Data & Stock Exchanges,Financial Services,MORN
2010Q1,2010,Q1,2010-05-05,2010-03-31,20188000.0,128290000.0,30942000.0,0.4,93974000.0,0.7325122768727103,930402000.0,700947000.0,465362000.0,194496000.0,228319000.0,0.0,266933000.0,2348138520.0,2162785520.0,14.355431309904153,2.3926558900954262,0.0,0.0,0.02836594440419252,14.355431309904153,0.028801036312303213,18.303363629277417,29.07839459084605,3.3499515940577536,0.0,0.0,0.0,0.13788663394962608,2.3221762915432707,0.02169814768239965,183.448321875,0.7325122768727103,0.35351351351351357,2.967151365670411,0.898686829693242,6.8464874897386325,0.08106802259367055,0.399029799029799,0.27207696102614704,0.1105250541591394,0.16717959341733174,1.1089409397488263,Financial Data & Stock Exchanges,Financial Services,MORN
2009Q4,2009,Q4,2010-03-01,2009-12-31,14430000.0,122643000.0,24324000.0,0.2955271565495208,86927000.0,0.7087807702029467,919583000.0,675705000.0,444097000.0,206879000.0,242709000.0,0.0,246745000.0,2360345520.0,2229849520.0,13.838473826492995,2.146650940888152,0.0,0.0,0.02097915118353975,13.838473826492995,0.021355473172464313,19.245660331205205,40.89302702702703,3.493159766466136,0.0,0.0,0.0,0.13336805921814562,2.0805591674360375,0.01569189513072773,88.19435489294922,0.7087807702029467,-0.3432729854455094,10.973198282221668,0.9818958127492284,7.262115483492611,-0.013695055256768103,-0.3592362344582593,-0.27785529792476915,-0.0793735239985136,0.22361844623368776,1.1778583443771673,Financial Data & Stock Exchanges,Financial Services,MORN
2009Q3,2009,Q3,2009-11-04,2009-09-30,22520000.0,120088000.0,33683000.0,0.45,88134000.0,0.7339117980147891,878978000.0,650361000.0,462496000.0,189754000.0,226393000.0,0.0,232315000.0,2353071920.0,2163671920.0,13.421404544235095,2.4373451943042044,0.0,0.0,0.03315294077200791,13.421404544235095,0.034626922586071425,19.59456332023183,26.122023978685615,3.6181012084057933,0.0,0.0,0.0,0.13662230454004537,2.342085015335645,0.02562066399841634,72.29543812215805,0.7339117980147891,0.09756097560975618,3.364463850896018,1.0453595234931123,0.0,-0.007935703913821632,0.09618380062305296,0.03043930494371023,0.4219106643188619,0.2553993080827121,1.3183692182482787,Financial Data & Stock Exchanges,Financial Services,MORN
2009Q2,2009,Q2,2009-08-04,2009-06-30,20544000.0,119533000.0,32688000.0,0.41,88839000.0,0.7432173542034417,842825000.0,618035000.0,427837000.0,189077000.0,224411000.0,0.0,209795000.0,1976607429.9999998,1789508429.9999998,12.891575061012494,2.2627659630732455,0.0,0.0,0.03148996948246306,12.891575061012494,0.033240835874990896,16.536081500506135,24.053341973325544,3.1982127711213764,0.0,0.0,0.0,0.1418242221101652,2.17161262342855,0.024375166849583248,52.83492635855764,0.7432173542034417,-0.19607843137254907,11.197287532616883,1.2138702578780045,0.0,0.027277983348751155,-0.17698902331543948,-0.05594223826714802,0.5707529294128915,0.3381034885064263,1.4011382888165895,Financial Data & Stock Exchanges,Financial Services,MORN
2009Q1,2009,Q1,2009-05-06,2009-03-31,24962000.0,116732000.0,34625000.0,0.51,86480000.0,0.7408422711852791,775606000.0,564003000.0,391056000.0,177999000.0,211295000.0,0.0,189251000.0,1617958700.0,1461246700.0,11.904322681413314,2.1969561626750713,0.0,0.0,0.042764005038763146,11.904322681413314,0.04425862982998317,13.860455573450297,16.204217410463905,2.868705840217162,0.0,0.0,0.0,0.1505042508696426,2.102169113309625,0.03218386655080028,-125.30659076827757,0.7408422711852791,0.25390659055526726,3.489377646423827,1.3001748132290238,0.0,-0.018566435153661083,0.29538142189932537,0.20695064138315672,0.5820968030519473,0.4191896052094894,1.4506149088334266,Financial Data & Stock Exchanges,Financial Services,MORN
2008Q4,2008,Q4,2009-03-05,2008-12-31,19270000.0,119271000.0,28688000.0,0.4067288614968973,88116000.0,0.7387881379379732,803940000.0,535532000.0,413736000.0,233441000.0,268408000.0,0.0,164289000.0,1681919000.0,1508028000.0,11.303389758959854,1.7723364790246785,0.0,0.0,0.035551973116481755,11.303389758959854,0.03598291045166302,14.1016592465897,21.820433316035288,3.1406507921095286,0.0,0.0,0.0,0.14835808642436002,1.697675215579097,0.02396945045650173,48.25751011390698,0.7387881379379732,-0.09615808556245047,14.72593852345719,0.9863927779584934,5.748570161303784,-0.04921393657541785,-0.13147338531572542,-0.1605805243445693,0.6262303780548193,0.6725561285299284,1.6258579833682079,Financial Data & Stock Exchanges,Financial Services,MORN
2008Q3,2008,Q3,2008-11-04,2008-09-30,22187000.0,125505000.0,34176000.0,0.45,92677000.0,0.7384327317636747,774750000.0,525407000.0,419450000.0,218650000.0,249343000.0,0.0,145019000.0,2579299530.0,2345684530.0,11.299318264908923,1.9183626800823232,0.0,0.0,0.04020072665697541,11.299318264908923,0.04222821545963415,20.551368710409943,29.0631848605039,4.9091457289301434,0.0,0.0,0.0,0.16199419167473378,1.8466636176537845,0.028637625040335592,69.13344045672626,0.7384327317636747,-0.2105263157894736,3.4809903438258196,1.2276347469000877,0.0,-0.06455845689542054,-0.20757884210150362,-0.17786865528025017,1.5334198890671114,0.892829115833531,1.8705423893327437,Financial Data & Stock Exchanges,Financial Services,MORN
2008Q2,2008,Q2,2008-08-06,2008-06-30,27999000.0,132237000.0,41570000.0,0.57,99073000.0,0.7492078616423543,735657000.0,497924000.0,391757000.0,214168000.0,237733000.0,0.0,122832000.0,3307689630.0,3100812630.0,10.84305655364648,1.829204176160771,0.0,0.0,0.053961782372251015,10.84305655364648,0.056231473076212436,25.01334444973797,29.533997910639663,6.642960833380195,0.0,0.0,0.0,0.17975360799938014,1.759347801725748,0.03805985669952165,89.1584579099167,0.7492078616423543,0.21276595744680848,16.3546767049848,1.5568961323065134,0.0,0.07098998983849696,0.21333853354134166,0.19850079284993513,1.5077008644429217,1.0000915936083432,1.9392146415724416,Financial Data & Stock Exchanges,Financial Services,MORN
2008Q1,2008,Q1,2008-05-08,2008-03-31,23076000.0,125444000.0,34685000.0,0.47,92506000.0,0.7374286534230413,668640000.0,448300000.0,331808000.0,205507000.0,220340000.0,0.0,94833000.0,2774492400.0,2638555400.0,9.91287811781355,1.6145824716433017,0.0,0.0,0.048530345312709694,9.91287811781355,0.05147445906758867,22.11737827237652,30.058203328133125,6.1889190274369845,0.0,0.0,0.0,0.1876106724096674,1.5406093223101889,0.034511844938980615,-520.1523059617548,0.7374286534230413,0.06223288355822087,3.3478549032918665,1.5895754079973128,0.0,0.05254414709630439,0.15322338830584709,0.04046676265898728,3.896051404116739,1.0045199827164457,4.418247105195976,Financial Data & Stock Exchanges,Financial Services,MORN
2007Q4,2007,Q4,2008-03-07,2007-12-31,20010000.0,118116000.0,33336000.0,0.4424641783124005,87888000.0,0.7440820887940669,649307000.0,408303000.0,367561000.0,217838000.0,241004000.0,0.0,71757000.0,3516166000.0,3356590000.0,9.02845834070405,1.6873135082033437,0.0,0.0,0.0467285437434951,9.02845834070405,0.04900772220630267,29.768752751532393,43.93010994502749,8.611658498712966,0.0,0.0,0.0,0.18191086804855022,1.6268878708030738,0.03081747155043762,93.76442666666667,0.7440820887940669,0.07918092271317197,15.93190349953648,1.0608517404091757,4.390346246563151,0.056536635210675,0.007908124716667506,0.06013674670058833,15.93190349953648,1.0608517404091757,4.390346246563151,Financial Data & Stock Exchanges,Financial Services,MORN
2007Q3,2007,Q3,2007-11-07,2007-09-30,19853000.0,111859000.0,31445000.0,0.41,83185000.0,0.7436594283875235,565172000.0,356185000.0,285875000.0,195246000.0,208987000.0,0.0,51747000.0,2781486960.7000003,2695068960.7000003,8.208351577443366,1.4641785235036826,0.0,0.0,0.050968780729444066,8.208351577443366,0.055737889018347204,24.86600953611243,35.026028316879064,7.809107516318767,0.0,0.0,0.0,0.19792027913626295,1.400361595115905,0.03512735945871345,111.64353217869473,0.7436594283875235,0.07894736842105256,3.296605737180687,1.127540443958736,0.0,0.031240314882538894,0.08646637114868932,0.10542782816564719,3.296605737180687,1.127540443958736,0.0,Financial Data & Stock Exchanges,Financial Services,MORN
2007Q2,2007,Q2,2007-08-08,2007-06-30,18273000.0,109685000.0,28446000.0,0.38,80665000.0,0.7354241692118338,531883000.0,320301000.0,249249000.0,200786000.0,211582000.0,0.0,31894000.0,2015115300.0,1920137300.0,7.474586950434052,1.2413664299303737,0.0,0.0,0.05307641957926915,7.474586950434052,0.05704946284900765,18.3718402698637,27.569573961582662,6.291317541937115,0.0,0.0,0.0,0.20622016496109108,1.1972597691074078,0.03435529994378463,62.55402309554852,0.7354241692118338,0.15151515151515146,11.137356327088382,1.2727286068611834,0.0,0.15911311645016668,0.15754465982516153,0.18391809214633537,11.137356327088382,1.2727286068611834,0.0,Financial Data & Stock Exchanges,Financial Services,MORN
2007Q1,2007,Q1,2007-05-09,2007-03-31,15786000.0,95447000.0,24027000.0,0.33,69592000.0,0.7291166825568116,491556000.0,288621000.0,213421000.0,195108000.0,202935000.0,0.0,13621000.0,2189587640.0,2129369640.0,6.806938515601047,1.0938608360497775,0.0,0.0,0.0497040860870842,6.806938515601047,0.05469456484455393,22.940350561044347,34.676099708602564,7.586376736273522,0.0,0.0,0.0,0.19417319695009316,1.041197695635238,0.03211434709371872,342.44411010322176,0.7291166825568116,0.028016310337227367,2.1723382211766666,1.1015214352871587,0.0,0.10155755350132963,0.15979722283447212,0.18167510942802342,2.1723382211766666,1.1015214352871587,0.0,Financial Data & Stock Exchanges,Financial Services,MORN
