Quarters,Year,Quarter,FillingDate,Date,NetIncome,Revenue,OperatingIncome,EPSDiluted,GrossProfit,GrossProfitRatio,TotalAssets,CommonStockEquity,CurrentAssets,CurrentLiability,TotalLiability,Inventory,RetainedEarnings,MarketCap,EnterpriseValue,bookValuePerShare,currentRatio,debtToAssets,debtToEquity,roic,shareholdersEquityPerShare,roe,priceToSalesRatio,peRatio,pbRatio,payoutRatio,inventoryTurnover,dividendYield,assetTurnover,quickRatio,returnOnAssets,priceToFreeCashFlowsRatio,grossProfitMargin,epsdilutedGrowth,fiveYNetIncomeGrowthPerShare,fiveYRevenueGrowthPerShare,fiveYShareholdersEquityGrowthPerShare,grossProfitGrowth,netIncomeGrowth,operatingIncomeGrowth,threeYNetIncomeGrowthPerShare,threeYRevenueGrowthPerShare,threeYShareholdersEquityGrowthPerShare,Industry,Sector,Symbol
2023Q1,2023,Q1,2023-04-20,2023-03-31,987000000.0,3706000000.0,1464000000.0,0.48,1456000000.0,0.3928764166,41478000000.0,12334000000.0,3355000000.0,2321000000.0,29144000000.0,394000000.0,10092000000.0,61496760000.0,78127760000.0,6.004868549172347,1.4454976303317535,0.43208447851873283,1.4530565915355926,0.036054672170187006,6.004868549172347,0.08002270147559591,16.59383702104695,15.576686930091185,4.985954272742014,0.22897669706180346,5.710659898477157,0.003674990357215567,0.08934857032643811,1.2261956053425247,0.023795747143063792,76.10985148514851,0.39287641662169454,-0.02040816326530614,0.8356777090498974,0.6656379966224861,0.10884170246575191,0.037037037037037035,-0.030451866404715127,0.003427004797806717,0.44532176684075425,0.4636506104018129,0.17153361636619968,Railroads,Industrials,CSX
2022Q4,2022,Q4,2023-02-15,2022-12-31,1018000000.0,3730000000.0,1459000000.0,0.49,1404000000.0,0.3764075067,41912000000.0,12625000000.0,3849000000.0,2471000000.0,29287000000.0,341000000.0,10363000000.0,64004680000.0,80093680000.0,6.110842207163601,1.557668959935249,0.4305926703569383,1.4294653465346534,0.03655342109200879,6.110842207163601,0.08063366336633664,17.15943163538874,15.718241650294695,5.069677623762376,0.20333988212180745,6.821114369501466,0.003234138503621923,0.08899599160145066,1.375961149332254,0.02428898644779538,95.81538922155688,0.37640750670241285,-0.057692307692307744,-0.6822186680135247,0.6837144067633277,0.10955108419767531,-0.09536082474226804,-0.08370837083708371,-0.0759974667511083,0.48205332961680886,0.4512206375064802,0.196070482647906,Railroads,Industrials,CSX
2022Q3,2022,Q3,2022-10-21,2022-09-30,1111000000.0,3895000000.0,1579000000.0,0.52,1552000000.0,0.3984595635,42242000000.0,12883000000.0,4310000000.0,2508000000.0,29359000000.0,365000000.0,10537000000.0,56530080000.0,72269080000.0,6.0711592836946275,1.7185007974481659,0.4272998437573978,1.4010711790731973,0.039236034538519454,6.0711592836946275,0.08623767755957464,14.513499358151476,12.7205400540054,4.387959326243887,0.19081908190819083,6.419178082191781,0.003750215814306295,0.09220680838975427,1.5414673046251994,0.02630083802850244,51.43774340309372,0.3984595635430038,-0.03703703703703707,2.0866244078529936,0.8107732371973831,0.5090067990886067,-0.01397712833545108,-0.056876061120543296,-0.0728126834997064,0.43552178546623277,0.44661266187827925,0.20103416661028883,Railroads,Industrials,CSX
2022Q2,2022,Q2,2022-07-21,2022-06-30,1178000000.0,3815000000.0,1703000000.0,0.54,1574000000.0,0.4125819135,40366000000.0,13141000000.0,2784000000.0,2393000000.0,27225000000.0,379000000.0,10794000000.0,62711480000.0,78197480000.0,6.089434661723819,1.1633932302549101,0.4015755834117822,1.2335438703295032,0.04317442819009735,6.089434661723819,0.08964310174263755,16.43813368283093,13.308887945670628,4.772199984780458,0.18251273344651953,5.912928759894459,0.0034283993935400664,0.09451023138284695,0.9615545340576682,0.029182975771689046,83.50396804260986,0.4125819134993447,0.38461538461538464,1.954151447418634,0.6635663269933046,0.45049103878119773,0.2541832669322709,0.3713620488940629,0.328393135725429,0.5152759579431784,0.39475172572278416,0.19794596839874729,Railroads,Industrials,CSX
2022Q1,2022,Q1,2022-04-21,2022-03-31,859000000.0,3413000000.0,1282000000.0,0.39,1255000000.0,0.3677116906,40452000000.0,13195000000.0,3757000000.0,2575000000.0,27257000000.0,351000000.0,11284000000.0,81940600000.0,96340600000.0,6.030621572212066,1.4590291262135922,0.4038366459013151,1.238044713906783,0.03250608516117423,6.030621572212066,0.06510041682455475,24.00837972458248,23.8476717112922,6.209973474801061,0.25378346915017463,6.148148148148148,0.002660463799386385,0.08437160090972017,1.2850485436893204,0.021235044002768714,84.64938016528926,0.36771169059478465,-0.07142857142857137,2.016048107709556,0.5120265295732036,0.4388433933014548,-0.06482861400894188,-0.08029978586723768,-0.05804555473916238,0.1495436192179712,0.26425738314955727,0.18496764397665477,Railroads,Industrials,CSX
2021Q4,2021,Q4,2022-02-16,2021-12-31,934000000.0,3427000000.0,1361000000.0,0.42,1342000000.0,0.3915961482,40531000000.0,13490000000.0,3873000000.0,2233000000.0,27031000000.0,339000000.0,11630000000.0,82795200000.0,97400200000.0,6.126248864668483,1.734437975817286,0.41558313389751056,1.2486286137879912,0.03423718624472979,6.126248864668483,0.069236471460341,24.159673183542456,22.161456102783728,6.137524091919941,0.22055674518201285,6.150442477876106,0.0024880669410787095,0.08455256470356023,1.5512763098969995,0.023044089709111544,116.77743300423131,0.39159614823460753,-0.023255813953488393,1.5782992039789157,0.4266624438465105,0.46035421176787883,-0.024709302325581394,-0.03512396694214876,-0.05222841225626741,0.23474292215746925,0.2151418185475097,0.19667394045183936,Railroads,Industrials,CSX
2021Q3,2021,Q3,2021-10-21,2021-09-30,968000000.0,3292000000.0,1436000000.0,0.43,1376000000.0,0.4179829891,40129000000.0,13163000000.0,3897000000.0,2268000000.0,26957000000.0,303000000.0,11455000000.0,66528380000.0,81224380000.0,5.884219937416183,1.7182539682539681,0.4205188267836228,1.2820025829977968,0.03553106058956212,5.884219937416183,0.07353946668692547,20.209106925880924,17.18191632231405,5.0541958520094195,0.21487603305785125,6.323432343234323,0.0031264852683922264,0.08203543571980364,1.5454144620811288,0.024122205886017593,69.73624737945492,0.41798298906439857,-0.17307692307692313,1.687634046775754,0.5346053541000318,0.42663053733168615,0.03927492447129909,-0.17476555839727195,-0.15079834417504434,0.23427529079273834,0.19930172883403036,0.09372117795839831,Railroads,Industrials,CSX
2021Q2,2021,Q2,2021-07-22,2021-06-30,1173000000.0,2990000000.0,1691000000.0,0.52,1324000000.0,0.4428093645,40015000000.0,13426000000.0,4573000000.0,1951000000.0,26581000000.0,289000000.0,11723000000.0,72821600000.0,86636600000.0,5.914537444933921,2.343926191696566,0.4198675496688742,1.2513779234321465,0.04226075996131738,5.914537444933921,0.08736779383286161,24.355050167224082,15.520375106564362,5.4239237300759715,0.18073316283034954,5.764705882352941,0.002911224142287453,0.07472197925777833,2.1435161455663763,0.02931400724728227,101.28178025034771,0.442809364548495,0.6774193548387097,2.316426273325744,0.3912233141308032,0.45469505190589726,0.2025431425976385,0.6614730878186968,0.5358764759309719,0.5272409445496514,0.10062287510970609,0.09433086282166636,Railroads,Industrials,CSX
2021Q1,2021,Q1,2021-04-21,2021-03-31,706000000.0,2813000000.0,1101000000.0,0.31,1101000000.0,0.391397085,39692000000.0,13151000000.0,4305000000.0,1800000000.0,26532000000.0,298000000.0,12476000000.0,73343480000.0,87188480000.0,5.762927256792287,2.3916666666666666,0.4232590950317444,1.2774693939624364,0.02728485846312701,5.762927256792287,0.05368413048437381,26.073046569498757,25.971487252124646,5.5770268420652425,0.301699716713881,5.74496644295302,0.002904143626672746,0.0708707044240653,2.1744444444444446,0.01778695958883402,79.20462203023759,0.3913970849626733,-0.060606060606060656,1.5080453771085882,0.35887896709157735,0.4346422895801382,-0.09382716049382717,-0.07105263157894737,-0.09382716049382717,0.18186747709632473,0.13796717736558342,0.06416552140656023,Railroads,Industrials,CSX
2020Q4,2020,Q4,2021-02-10,2020-12-31,760000000.0,2825000000.0,1215000000.0,0.33,1215000000.0,0.4300884956,39793000000.0,13101000000.0,4441000000.0,2019000000.0,26683000000.0,302000000.0,12527000000.0,69242250000.0,83273250000.0,5.72346002621232,2.199603764239723,0.4312316236524012,1.309823677581864,0.030243971970906044,5.72346002621232,0.05801083886726204,24.510530973451328,22.777055921052632,5.285264483627204,0.26052631578947366,5.33112582781457,0.002859525795305612,0.07099238559545648,2.0024764735017335,0.019098836478777675,96.43767409470752,0.4300884955752212,0.03125000000000003,1.0648108044257196,0.28608612175014597,0.4234970096089343,0.06485539000876424,0.03260869565217391,0.06485539000876424,-0.7858694069304362,0.15096620734833027,0.0392137551844199,Railroads,Industrials,CSX
2020Q3,2020,Q3,2020-10-22,2020-09-30,736000000.0,2648000000.0,1141000000.0,0.32,1141000000.0,0.4308912387,39443000000.0,12713000000.0,4228000000.0,2294000000.0,26716000000.0,253000000.0,12166000000.0,59417550000.0,73486550000.0,5.539433551198257,1.8430688753269397,0.4301650482975433,1.334618107449068,0.028769265132901498,5.539433551198257,0.057893494847793596,22.43865181268882,20.182591711956523,4.673763077165107,0.2703804347826087,5.956521739130435,0.0033491788200624224,0.06713485282559643,1.6909328683522231,0.018659838247597798,110.8536380597015,0.43089123867069484,0.4545454545454546,0.8615616660865528,0.15538298340772175,0.39996160937539454,0.3780193236714976,0.4749498997995992,0.3780193236714976,0.8906460478163669,0.13824899506527613,0.37684460269518527,Railroads,Industrials,CSX
2020Q2,2020,Q2,2020-07-23,2020-06-30,499000000.0,2255000000.0,828000000.0,0.22,828000000.0,0.3671840355,38904000000.0,12150000000.0,3791000000.0,2347000000.0,26741000000.0,246000000.0,11676000000.0,53397669900.0,67993669900.0,5.2895080539834565,1.6152535151256924,0.43663890602508737,1.3981069958847736,0.021395752127188448,5.2895080539834565,0.04106995884773663,23.67967623059867,26.75233962925852,4.394869950617284,0.39879759519038077,5.800813008130081,0.0037267543765987436,0.057963191445609706,1.471665956540264,0.012826444581534032,91.12230358361775,0.3671840354767184,-0.33333333333333337,0.1643743195188944,-0.05032503515199183,0.3558853128086971,-0.29711375212224106,-0.35194805194805195,-0.29711375212224106,0.17565110502189565,-0.07619018922233758,0.2599501362729213,Railroads,Industrials,CSX
2020Q1,2020,Q1,2020-04-23,2020-03-31,770000000.0,2855000000.0,1178000000.0,0.33,1178000000.0,0.4126094571,38834000000.0,11871000000.0,3821000000.0,2211000000.0,26946000000.0,257000000.0,11412000000.0,44235600000.0,59461600000.0,5.125647668393782,1.7281772953414745,0.44345161456455684,1.450678123157274,0.030270090460202757,5.125647668393782,0.06486395417403758,15.494080560420315,14.362207792207794,3.726358352287087,0.261038961038961,6.525291828793774,0.004543851558473266,0.07351805119225421,1.5784712799638172,0.019827985785651748,55.50263488080301,0.4126094570928196,0.0,1.2362729468032727,0.21073764444695514,0.3467565636884413,0.04247787610619469,-0.0012970168612191958,0.02079722703639515,1.5541393524747373,0.19491771067169694,0.2229260608959427,Railroads,Industrials,CSX
2019Q4,2019,Q4,2020-02-12,2019-12-31,771000000.0,2885000000.0,1154000000.0,0.33,1130000000.0,0.3916811092,38257000000.0,11848000000.0,3278000000.0,2151000000.0,26394000000.0,261000000.0,11404000000.0,55934280000.0,71707280000.0,5.1090987494609745,1.5239423523942353,0.4373317301408893,1.412137069547603,0.031197246864896434,5.1090987494609745,0.06507427413909521,19.387965337954938,18.13692607003891,4.720989196488859,0.24124513618677043,6.724137931034483,0.003325331084980445,0.07541103588885695,1.3668061366806137,0.020153174582429358,86.45174652241113,0.39168110918544197,-0.6944444444444444,1.0151392595832356,0.15988548343692363,0.36340368350034624,-0.10317460317460317,-0.09929906542056074,-0.10334110334110334,1.020958439019981,0.14043229662962314,0.21788945273562405,Railroads,Industrials,CSX
2019Q3,2019,Q3,2019-10-17,2019-09-30,856000000.0,2978000000.0,1287000000.0,1.08,1260000000.0,0.4231027535,38795000000.0,11864000000.0,3960000000.0,2805000000.0,26916000000.0,235000000.0,11416000000.0,54192452541.42,69961452541.42,5.0549430253340955,1.411764705882353,0.4456759891738626,1.4573499662845584,0.032964082539468816,5.0549430253340955,0.07215104517869184,18.197599913169913,15.827234971209112,4.567806181845921,0.2207943925233645,7.31063829787234,0.0034875705220306246,0.07676246939038536,1.3044563279857397,0.022064699059157106,51.7103554784542,0.4231027535258563,2.0000000000000004,1.147473692577585,0.18060831740755326,0.3625024055154496,-0.018691588785046728,-0.016091954022988506,-0.013793103448275862,1.2652683258416992,0.323160985977965,0.2255721507887916,Railroads,Industrials,CSX
2019Q2,2019,Q2,2019-07-17,2019-06-30,870000000.0,3061000000.0,1305000000.0,0.36,1284000000.0,0.4194707612,37924000000.0,12276000000.0,3186000000.0,2053000000.0,25634000000.0,222000000.0,11843000000.0,63297150000.0,78771150000.0,5.083229813664596,1.5518753044325377,0.4305189326020462,1.3299934832192897,0.03397136118652822,5.083229813664596,0.07086999022482894,20.678585429598172,18.18883620689655,5.156170576735093,0.2218390804597701,8.004504504504505,0.0030491104259828443,0.08071405969834405,1.384315635655139,0.022940618078261785,93.35862831858407,0.4194707611891539,0.058823529411764594,1.0491258556517045,0.17567568602522754,0.40557236806807295,0.07,0.04316546762589928,0.07054963084495489,1.312066438690767,0.33874453305891433,0.25023289250999725,Railroads,Industrials,CSX
2019Q1,2019,Q1,2019-04-17,2019-03-31,834000000.0,3013000000.0,1219000000.0,0.34,1200000000.0,0.3982741454,38154000000.0,12428000000.0,3479000000.0,1926000000.0,25709000000.0,241000000.0,12011000000.0,62433881400.0,77566881400.0,5.089271089271089,1.8063343717549325,0.4277664202966924,1.3132442870936594,0.03260627767206715,5.089271089271089,0.06710653363373029,20.72150063060073,18.715192266187053,5.0236467170904415,0.23381294964028776,7.522821576763485,0.0031233041359494907,0.07896943963935629,1.6178608515057114,0.0218587828274886,76.13887975609757,0.39827414537006306,0.0,1.5948909164989564,0.23874037021447386,0.4486027648678252,-0.025974025974025976,-0.010676156583629894,-0.02401921537229784,1.768641470888662,0.36012917563719715,0.26694008139708136,Railroads,Industrials,CSX
2018Q4,2018,Q4,2019-02-06,2018-12-31,843000000.0,3143000000.0,1249000000.0,0.34,1232000000.0,0.3919821826,36729000000.0,12563000000.0,2565000000.0,1915000000.0,24149000000.0,263000000.0,12157000000.0,50822340000.0,64721340000.0,5.119396903015485,1.3394255874673628,0.40178060932777915,1.1746398153307331,0.03509998879901431,5.119396903015485,0.06710180689325798,16.17000954502068,15.071868327402136,4.045398392103797,0.2147093712930012,7.266159695817491,0.003561425939852435,0.08557270821421765,1.1075718015665796,0.02295189087641918,69.61964383561644,0.39198218262806234,-0.02857142857142844,1.5548830671080058,0.2922929910350447,0.478242337635016,-0.029156816390858944,-0.05704697986577181,-0.03402938901778809,1.1363159385919808,0.33464945943878693,0.27325885898891816,Railroads,Industrials,CSX
2018Q3,2018,Q3,2018-10-17,2018-09-30,894000000.0,3129000000.0,1293000000.0,0.35,1269000000.0,0.4055608821,36861000000.0,13719000000.0,2784000000.0,1944000000.0,23126000000.0,283000000.0,13320000000.0,63775500000.00001,76884500000.0,5.38,1.4320987654320987,0.3736198149806028,1.0038632553393105,0.03656349192542065,5.38,0.0651650994970479,20.382070949185046,17.834312080536915,4.648698884758365,0.2080536912751678,6.572438162544169,0.0029164804666368745,0.08488646536990314,1.2181069958847737,0.024253275819972327,65.07704081632654,0.4055608820709492,0.029411764705882214,1.3102477448862915,0.24833493517446992,0.6667729488220958,0.012769353551476457,0.019384264538198404,0.00779423226812159,1.035071353985381,0.22872885935592335,0.35966852726492055,Railroads,Industrials,CSX
2018Q2,2018,Q2,2018-07-18,2018-06-30,877000000.0,3102000000.0,1283000000.0,0.34,1253000000.0,0.4039329465,36924000000.0,14009000000.0,2881000000.0,1732000000.0,22901000000.0,326000000.0,13604000000.0,55105920000.00001,67573920000.00001,5.4047067901234565,1.6633949191685913,0.37341566460838477,0.9842244271539724,0.03538362292454461,5.4047067901234565,0.06260261260618175,17.764642166344295,15.708643101482329,3.93360839460347,0.21664766248574688,5.671779141104294,0.0034479054156068894,0.0840103997400065,1.4081986143187066,0.02375148954609468,93.71755102040818,0.403932946486138,0.30769230769230776,0.9390230183454482,0.19558940661091206,0.7184310918301895,0.2296368989205103,0.26187050359712233,0.2289272030651341,0.8135004353358781,0.15770053669857853,0.3854147648470055,Railroads,Industrials,CSX
2018Q1,2018,Q1,2018-04-18,2018-03-31,695000000.0,2876000000.0,1044000000.0,0.26,1019000000.0,0.3543115438,37439000000.0,14378000000.0,3542000000.0,1891000000.0,23048000000.0,369000000.0,13873000000.0,49303350000.0,61110350000.0,5.415442561205273,1.8730830248545742,0.3682523571676594,0.958895534844902,0.02824754501200632,5.415442561205273,0.04833773821115593,17.143028511821974,17.73501798561151,3.429082626234525,0.27913669064748203,5.032520325203252,0.003934823901418463,0.07681829108683458,1.6049709148598625,0.018563530008814336,82.44707357859532,0.3543115438108484,-0.8311688311688311,0.7485567987395839,0.12278948594828548,0.7796084558044337,0.09452201933404941,-0.8321256038647343,-0.06868867082961641,0.7607306286269396,0.06391478576054695,0.4228997555866793,Railroads,Industrials,CSX
2017Q4,2017,Q4,2018-02-07,2017-12-31,4140000000.0,2863000000.0,1121000000.0,1.54,931000000.0,0.3415997206,35739000000.0,14705000000.0,1915000000.0,1894000000.0,21018000000.0,372000000.0,14084000000.0,48958989000.0,60366989000.0,5.507490636704119,1.0110876451953537,0.3304233470438457,0.8030601836110166,0.17806443414488946,5.507490636704119,0.2815368922135328,17.100589940621724,2.956460688405797,3.329411016661,0.042995169082125605,5.193548387096774,0.003635695990372677,0.08010856487310782,0.7333685322069694,0.11583983883152858,1483.6057272727273,0.3251833740831296,8.058823529411764,9.710426864838816,0.13772226464492215,0.8750468789847137,0.06157354618015964,8.019607843137255,0.2796803652968037,8.398109796562851,-0.00027597082594109503,0.469717730885174,Railroads,Industrials,CSX
2017Q3,2017,Q3,2017-10-18,2017-09-30,459000000.0,2743000000.0,876000000.0,0.17,877000000.0,0.3197229311,35573000000.0,10887000000.0,2172000000.0,2075000000.0,24671000000.0,392000000.0,10327000000.0,48942610200.0,60158610200.0,4.023281596452328,1.0467469879518072,0.33190903213111067,1.0845044548544136,0.02362351282277254,4.023281596452328,0.042160374758886746,17.842730659861466,26.657195098039217,4.495509341416368,0.39215686274509803,4.760204081632653,0.0036777768750878756,0.07710904337559385,0.8120481927710843,0.01290304444381975,62.109911421319794,0.3197229310973387,-0.055555555555555455,0.1608927657708146,0.09073210572527916,0.38958505893440004,-0.18796296296296297,-0.1,-0.08559498956158663,-0.0012567575220314225,-0.05682119351181384,0.08442979985319075,Railroads,Industrials,CSX
2017Q2,2017,Q2,2017-07-19,2017-06-30,510000000.0,2933000000.0,958000000.0,0.18,1080000000.0,0.3682236618,35861000000.0,11587000000.0,2630000000.0,1672000000.0,24260000000.0,428000000.0,11033000000.0,50195291999.99999,61400291999.99999,4.198188405797102,1.5729665071770336,0.32974540587267503,1.0205402606369207,0.025234323141885506,4.198188405797102,0.0440148442219729,17.113976133651548,24.605535294117647,4.332035211875377,0.3607843137254902,4.329439252336448,0.0036656824309339612,0.08178801483505758,1.263157894736842,0.014221577758567803,5577.254666666666,0.3682236617797477,0.3846153846153845,0.12710173233695654,0.10184371210808936,0.4762912274861332,0.22033898305084745,0.4088397790055249,0.3455056179775281,0.05106024492479657,-0.014300983755964251,0.16084808978528564,Railroads,Industrials,CSX
2017Q1,2017,Q1,2017-04-20,2017-03-31,362000000.0,2869000000.0,712000000.0,0.13,885000000.0,0.3084698501,35712000000.0,11656000000.0,2660000000.0,2277000000.0,24043000000.0,415000000.0,11197000000.0,43151942700.0,53515942700.0,4.191298094210715,1.1682037768994291,0.31625224014336917,0.9689430336307481,0.019296693094954666,4.191298094210715,0.031056966369251888,15.040760787730918,29.801065400552485,3.7021227436513384,0.4585635359116022,4.780722891566265,0.0038468719972600445,0.08033714157706093,0.9486166007905138,0.010136648745519714,71.68096794019934,0.30846985012199374,-0.1875,-0.08939678970167424,0.0925123350507478,0.5504495717719771,-0.11852589641434264,-0.2096069868995633,-0.2908366533864542,-0.010977216177977329,0.03575342642375485,0.1930050298280501,Railroads,Industrials,CSX
2016Q4,2016,Q4,2017-02-14,2016-12-30,458000000.0,3037000000.0,1004000000.0,0.16,1004000000.0,0.3305893974,35414000000.0,11679000000.0,2487000000.0,2040000000.0,23720000000.0,407000000.0,11253000000.0,33343132799.999996,44033132800.0,4.195043103448276,1.2191176470588236,0.31888518664934773,0.9669492251048891,0.026653880495516688,4.195043103448276,0.0392156862745098,10.9789702996378,18.2004,2.854964705882353,0.3646288209606987,4.995085995085995,0.00500852757302997,0.08575704523634721,0.9598039215686275,0.012932738465013836,-130.75738352941175,0.330589397431676,0.0,0.13955708141552867,0.17020618376003468,0.5706479536695284,0.1938168846611177,0.006593406593406593,0.1938168846611177,0.223528975684148,0.10069432471264372,0.211332202054558,Railroads,Industrials,CSX
2016Q3,2016,Q3,2016-10-12,2016-09-23,455000000.0,2710000000.0,841000000.0,0.16,841000000.0,0.3103321033,34681000000.0,11656000000.0,2163000000.0,2263000000.0,23011000000.0,397000000.0,11233000000.0,27920880000.000004,37836880000.0,4.124557678697806,0.9558108705258507,0.3033072864104265,0.9024536719286205,0.024134467561750538,4.124557678697806,0.03903568977350721,10.302907749077493,15.341142857142858,2.3954083733699387,0.37142857142857144,4.707808564231738,0.006052817819495661,0.07814076872062513,0.7423773751657092,0.013119575560104957,75.05612903225807,0.3103321033210332,0.0,0.11488990775312984,0.03986319597756623,0.605160346615316,0.0011904761904761906,0.02247191011235955,0.0011904761904761906,0.060963530560867306,-0.024420029606471744,0.2778254952992491,Railroads,Industrials,CSX
2016Q2,2016,Q2,2016-07-14,2016-06-24,445000000.0,2704000000.0,840000000.0,0.16,840000000.0,0.3106508876,34550000000.0,11612000000.0,2228000000.0,2282000000.0,22925000000.0,399000000.0,11199000000.0,24466495200.000004,34437495200.0,4.065826330532213,0.9763365468886941,0.3049782923299566,0.907423355149845,0.02387073327405882,4.065826330532213,0.03832242507750603,9.048260059171598,13.74522202247191,2.107000964519463,0.3842696629213483,4.671679197994988,0.006989149798619297,0.07826338639652677,0.7624890446976337,0.012879884225759768,124.195407106599,0.3106508875739645,0.3333333333333334,0.01801491347527152,0.03678384238756777,0.5052208117289467,0.19318181818181818,0.25,0.19318181818181818,-0.10706432105552495,-0.05414678090199913,0.29273291811798857,Railroads,Industrials,CSX
2016Q1,2016,Q1,2016-04-13,2016-03-25,356000000.0,2618000000.0,704000000.0,0.12,704000000.0,0.268907563,34610000000.0,11593000000.0,2608000000.0,1692000000.0,23004000000.0,370000000.0,11183000000.0,25175443800.0,34980443800.0,4.016978516978517,1.541371158392435,0.3044206876625253,0.9088242905201415,0.019939420516955957,4.016978516978517,0.030708185974294835,9.616288693659282,17.679384691011236,2.171607332010696,0.4859550561797753,5.172972972972973,0.0068717755831577436,0.07564287778098816,1.1956264775413712,0.01028604449581046,76.521105775076,0.2689075630252101,-0.25000000000000006,0.03804836969393925,0.0730698944222076,0.5273892233398066,-0.10998735777496839,-0.23605150214592274,-0.10998735777496839,-0.17602670543847013,-0.059741439051783925,0.32004888885917815,Railroads,Industrials,CSX
2015Q4,2015,Q4,2016-02-10,2015-12-25,466000000.0,2781000000.0,791000000.0,0.16,791000000.0,0.2844300611,35039000000.0,11652000000.0,2966000000.0,1952000000.0,23371000000.0,350000000.0,11238000000.0,25241580000.000004,35316580000.0,4.020703933747412,1.5194672131147542,0.3054596306972231,0.9185547545485754,0.02225202391419769,4.020703933747412,0.03999313422588397,9.07644012944984,13.54162017167382,2.166287332646756,0.37339055793991416,5.685714285714286,0.006893387814867373,0.07936870344473301,1.2397540983606556,0.013299466308970005,123.12965853658538,0.28443006112909025,-0.058823529411764754,0.2850955751360202,0.17107930283032186,0.5907378618838338,-0.15219721329046088,-0.08086785009861933,-0.15219721329046088,0.11072164659366537,0.018189884649511975,0.3688644901276237,Railroads,Industrials,CSX
2015Q3,2015,Q3,2015-10-14,2015-09-25,507000000.0,2939000000.0,933000000.0,0.17,933000000.0,0.3174549166,34015000000.0,11645000000.0,2502000000.0,1922000000.0,22355000000.0,309000000.0,11195000000.0,26016120000.0,35581120000.0,3.9568467550118926,1.3017689906347554,0.2971042187270322,0.8678402747960499,0.027218462874464538,3.9568467550118926,0.04353799914126234,8.852031303164342,12.828461538461537,2.234102189781022,0.34714003944773175,6.491909385113269,0.006765036446633856,0.08640305747464354,1.0244536940686784,0.014905188887255623,84.19456310679611,0.3174549166383124,-0.1052631578947368,0.41563621858795385,0.27433463870554786,0.5607179896290385,-0.08259587020648967,-0.08318264014466546,-0.08259587020648967,0.17903014416775898,0.07455687080091894,0.36663939608551843,Railroads,Industrials,CSX
2015Q2,2015,Q2,2015-07-15,2015-06-26,553000000.0,3064000000.0,1017000000.0,0.19,1017000000.0,0.3319190601,33777000000.0,11563000000.0,2669000000.0,1778000000.0,22200000000.0,295000000.0,11117000000.0,33265861200.0,42952861200.0,3.9011470985155197,1.501124859392576,0.2997601918465228,0.8756378102568537,0.029234990686821446,3.9011470985155197,0.04782495892069532,10.857004308093995,15.03881609403255,2.8769230476519936,0.321880650994575,6.938983050847457,0.005350830959398099,0.0907126150931107,1.2035995500562429,0.016372087515173047,164.6824811881188,0.33191906005221933,0.2666666666666667,0.5534163586223083,0.3380756840250486,0.5707573938305102,0.20640569395017794,0.251131221719457,0.20640569395017794,0.13801753858805685,0.0718341210058551,0.3718367738614985,Railroads,Industrials,CSX
2015Q1,2015,Q1,2015-04-15,2015-03-27,442000000.0,3027000000.0,843000000.0,0.15,843000000.0,0.278493558,33161000000.0,11315000000.0,2457000000.0,2038000000.0,21823000000.0,291000000.0,10895000000.0,32901299100.000004,42081299100.0,3.8059199461823074,1.2055937193326791,0.29374868067911103,0.8608926204153778,0.024888823695381736,3.8059199461823074,0.039063190455148035,10.869276214073341,18.609332070135746,2.907759531595228,0.3574660633484163,7.505154639175258,0.004802241988067881,0.0912819275655137,0.9425907752698724,0.013328910467114985,357.62281630434785,0.27849355797819625,-0.06250000000000006,0.7100662630339727,0.4386355558112129,0.5102297970346422,-0.06437291897891231,-0.09979633401221996,-0.06437291897891231,0.040037396703966145,0.07823717571426718,0.40789006606508393,Railroads,Industrials,CSX
2014Q4,2014,Q4,2015-02-11,2014-12-26,491000000.0,3192000000.0,901000000.0,0.16,901000000.0,0.2822681704,33053000000.0,11152000000.0,2572000000.0,2107000000.0,21877000000.0,273000000.0,10734000000.0,36386659200.0,45459659200.0,3.747311827956989,1.2206929283341243,0.2947387529119898,0.8735652797704447,0.027320144384713006,3.747311827956989,0.04402797704447633,11.39932932330827,18.526812219959268,3.2627922525107604,0.32382892057026474,8.391941391941392,0.004369733399432285,0.09657217196623605,0.9919316563834836,0.014854929960971772,244.205766442953,0.28226817042606517,-0.058823529411764754,0.9324524061343202,0.6515892658509453,0.5133276932165439,-0.07684426229508197,-0.03536345776031434,-0.07684426229508197,0.14284781534552132,0.15057990183753997,0.4030148223040384,Railroads,Industrials,CSX
2014Q3,2014,Q3,2014-10-15,2014-09-26,509000000.0,3221000000.0,976000000.0,0.17,976000000.0,0.3030114871,32623000000.0,11119000000.0,2676000000.0,2231000000.0,21481000000.0,276000000.0,10527000000.0,32287580100.000004,41425580100.0,3.7100433767100434,1.1994621246077992,0.2947920179014806,0.86491590970411,0.029468095606881992,3.7100433767100434,0.04577749797643673,10.024085718720896,15.858339931237722,2.9038204964475223,0.31237721021611004,8.134057971014492,0.004924494171057434,0.09873402200901205,0.9757956073509637,0.015602489041473808,126.12335976562501,0.30301148711580256,-0.055555555555555455,1.0468301202226118,0.657969623621,0.5100030486918454,-0.02106318956870612,-0.03780718336483932,-0.02106318956870612,0.17604457906182042,0.16542158087888775,0.4438431891193518,Railroads,Industrials,CSX
2014Q2,2014,Q2,2014-07-15,2014-06-27,529000000.0,3244000000.0,997000000.0,0.18,997000000.0,0.3073366215,31975000000.0,10882000000.0,2372000000.0,2797000000.0,21071000000.0,275000000.0,10304000000.0,30862410300.0,39598410300.0,3.6164838816882687,0.8480514837325707,0.2911336982017201,0.8554493659253813,0.030730814835963606,3.6164838816882687,0.048612387428781476,9.513689981504315,14.585260066162572,2.836097252343319,0.30245746691871456,8.170909090909092,0.00518430020353919,0.10145426114151682,0.6617804790847337,0.016544175136825646,84.5545487671233,0.30733662145499385,0.3846153846153845,1.0139155552822052,0.7408674498244397,0.5112914769844206,0.3491204330175913,0.32914572864321606,0.3491204330175913,0.1486449741684038,0.18058808007907387,0.3388685008803377,Railroads,Industrials,CSX
2014Q1,2014,Q1,2014-04-16,2014-03-28,398000000.0,3012000000.0,739000000.0,0.13,739000000.0,0.2453519256,31680000000.0,10624000000.0,2289000000.0,2212000000.0,21035000000.0,259000000.0,10062000000.0,28808740800.0,37679740800.0,3.513227513227513,1.0348101265822784,0.29501262626262625,0.8797063253012049,0.02430394767068094,3.513227513227513,0.03746234939759036,9.56465498007968,18.095942713567837,2.7116661144578313,0.3793969849246231,8.776061776061775,0.005241464770997558,0.09507575757575758,0.8119349005424955,0.012563131313131312,232.32855483870966,0.2453519256308101,-0.07142857142857148,0.8834891598915992,0.5605117935024477,0.5112544802867384,-0.05377720870678617,-0.022113022113022112,-0.0910209102091021,0.10755475185854939,0.1782240298254534,0.3358462884887043,Railroads,Industrials,CSX
2013Q4,2013,Q4,2014-02-12,2013-12-27,407000000.0,3000000000.0,813000000.0,0.14,781000000.0,0.2681398417,31782000000.0,10483000000.0,2602000000.0,2424000000.0,21278000000.0,252000000.0,9936000000.0,28544610000.0,37507610000.0,3.463164849686158,1.0734323432343233,0.300641872758165,0.9114757225984927,0.025721456335765783,3.463164849686158,0.03882476390346275,9.51487,17.533544226044224,2.7229428598683585,0.37346437346437344,8.805555555555555,0.005324998309663365,0.09439305267132339,0.8791254125412541,0.01280599081240954,201.01838028169013,0.26033333333333336,-0.06666666666666654,0.9384607359673868,0.31983428129630637,0.5323471706923966,-0.08548009367681499,-0.12095032397408208,-0.04800936768149883,0.0745580473413697,0.20946284575186963,0.3701549626924339,Railroads,Industrials,CSX
2013Q3,2013,Q3,2013-10-16,2013-09-27,463000000.0,2999000000.0,854000000.0,0.15,854000000.0,0.2847615872,30943000000.0,9848000000.0,2200000000.0,2251000000.0,21075000000.0,267000000.0,9670000000.0,26289551700.0,34749551700.0,3.2277941658472633,0.9773434029320303,0.2925055747665062,0.9190698619008936,0.028937548709281342,3.2277941658472633,0.04701462225832656,8.76610593531177,14.195222300215983,2.6695320572705117,0.3282937365010799,8.03370786516854,0.005781764624004601,0.09692014348964224,0.7552199022656597,0.014962996477393917,82.67154622641509,0.2847615871957319,-0.11764705882352951,0.43808948400747505,0.20172844420933295,0.3629612183685696,-0.11318795430944964,-0.13457943925233645,-0.11318795430944964,0.24701808387841484,0.25432021722244713,0.2731542901115813,Railroads,Industrials,CSX
2013Q2,2013,Q2,2013-07-17,2013-06-28,535000000.0,3069000000.0,963000000.0,0.17,963000000.0,0.3137829912,30881000000.0,9643000000.0,2489000000.0,2418000000.0,21219000000.0,264000000.0,9482000000.0,23700180000.0,32461180000.0,3.145140247879974,1.0293631100082714,0.30358472847381884,0.9722078191434201,0.03256056256421042,3.145140247879974,0.05548065954578451,7.722443792766374,11.074850467289721,2.4577600331846936,0.28598130841121494,7.9772727272727275,0.0064556471722999565,0.09938149671318934,0.8118279569892473,0.017324568504905928,93.30779527559055,0.31378299120234604,0.13333333333333347,0.6569472259638599,0.2588311481766462,0.26729254375738604,0.10057142857142858,0.1655773420479303,0.10057142857142858,0.4528560083950196,0.29567134751574997,0.2663588873311845,Railroads,Industrials,CSX
2013Q1,2013,Q1,2013-04-16,2013-03-29,459000000.0,2958000000.0,875000000.0,0.15,875000000.0,0.2958079784,30586000000.0,9330000000.0,2567000000.0,2474000000.0,21238000000.0,283000000.0,9191000000.0,25171860000.000004,33884860000.000004,3.0430528375733856,1.0375909458367016,0.3079186555940626,1.0094319399785638,0.0295479793706731,3.0430528375733856,0.049196141479099675,8.50975659229209,13.710163398692814,2.6979485530546627,0.3115468409586057,7.360424028268551,0.005680946898639988,0.09671091348983195,0.8278092158447857,0.015006865886353233,104.88275000000002,0.29580797836375927,0.07142857142857129,0.5521527171458678,0.2941280671522127,0.2667756945013412,1.3885435168738898,0.03611738148984198,0.08830845771144279,0.7219721135029354,0.3631991199629822,0.20751595783407661,Railroads,Industrials,CSX
2012Q4,2012,Q4,2013-02-19,2012-12-28,443000000.0,2884000000.0,804000000.0,0.14,-2252000000.0,0.278779473,30571000000.0,8988000000.0,2801000000.0,2627000000.0,21569000000.0,274000000.0,8876000000.0,19818702000.0,28866702000.0,2.937254901960784,1.066235249333841,0.321611985214746,1.0939029817534491,0.026358197733105597,2.937254901960784,0.04928793947485536,6.871949375866851,11.184369074492098,2.205018024032043,0.3227990970654628,18.744525547445257,0.00721540694239209,0.09433777109024893,0.8880852683669586,0.014490857348467502,151.28780152671754,-0.7808599167822469,-0.06666666666666654,0.5187891485361269,0.40044952711391113,0.2950301059974938,-2.2004264392324093,-0.026373626373626374,-0.0585480093676815,0.6956747026679525,0.451262339418526,0.1861914324852707,Railroads,Industrials,CSX
2012Q3,2012,Q3,2012-10-16,2012-09-28,455000000.0,2894000000.0,854000000.0,0.15,1876000000.0,0.6482377332,29930000000.0,9016000000.0,2393000000.0,3021000000.0,20899000000.0,264000000.0,8798000000.0,21538603800.0,29908603800.0,2.8953114964675657,0.7921218139688845,0.3028065486134313,1.0052129547471162,0.029809836762816053,2.8953114964675657,0.05046583850931677,7.442503040774016,11.834397692307693,2.3889312111801244,0.31868131868131866,3.856060606060606,0.006732098391632981,0.09669228199131306,0.62595167163191,0.01520213832275309,53.05074827586207,0.6482377332411887,-0.06250000000000006,0.39751384726818234,0.4465184169106923,0.2841239234705,-0.03794871794871795,-0.111328125,-0.09437963944856839,0.7609359032531712,0.43368092182516543,0.17840379280294852,Railroads,Industrials,CSX
2012Q2,2012,Q2,2012-07-19,2012-06-29,512000000.0,3012000000.0,943000000.0,0.16,1950000000.0,0.6474103586,29589000000.0,8881000000.0,2372000000.0,2575000000.0,20694000000.0,256000000.0,8679000000.0,23276655900.0,31723655900.0,2.8437399935959013,0.9211650485436893,0.30717496366893104,1.0234207859475284,0.03321123724267819,2.8437399935959013,0.05765116540930076,7.727973406374502,11.365554638671876,2.6209498817700707,0.283203125,4.1484375,0.006229417173280463,0.10179458582581365,0.7064077669902913,0.017303727736658895,250.28662258064517,0.647410358565737,0.14285714285714277,0.9975231792791828,0.5048781036780536,0.21494544082238612,0.03558151885289432,0.1403118040089087,0.10163551401869159,0.8780439387701635,0.5573636386417742,0.18836974135079762,Railroads,Industrials,CSX
2012Q1,2012,Q1,2012-04-19,2012-03-30,449000000.0,2966000000.0,856000000.0,0.14,1883000000.0,0.6348617667,29186000000.0,8491000000.0,2468000000.0,2593000000.0,20682000000.0,251000000.0,8313000000.0,22531335300.0,31029335300.0,2.7032792104425343,0.9517932896259159,0.31264990063729187,1.0746672947827112,0.030471917352939686,2.7032792104425343,0.052879519491226004,7.596539211058665,12.545286915367484,2.65355497585679,0.27839643652561247,4.314741035856573,0.005547829204778644,0.10162406633317345,0.7431546471268801,0.015384088261495238,-901.253412,0.6348617666891436,-0.09369325153374225,1.3459767550143267,0.5356265536308764,0.16774457494888728,0.014547413793103448,-0.0175054704595186,0.0178359096313912,1.0456919887250447,0.4794390738112453,0.16284607326616762,Railroads,Industrials,CSX
2011Q4,2011,Q4,2012-02-21,2011-12-30,457000000.0,2951000000.0,841000000.0,0.15447308567096285,1856000000.0,0.6289393426,29473000000.0,8455000000.0,2935000000.0,2687000000.0,21005000000.0,240000000.0,8275000000.0,22222512000.0,30680512000.0,2.670899671468284,1.0922962411611463,0.31354120720659584,1.092962743938498,0.030504021095353228,2.670899671468284,0.054050857480780604,7.530502202643172,12.1567352297593,2.628327853341218,0.27571115973741794,4.5625,0.005669926064164123,0.1001255386285753,0.9062151097878675,0.015505717097004037,493.8336,0.6289393425957303,0.10337918336402026,0.7356180889810418,0.6231170443283665,0.24608132961657192,-0.02006335797254488,-0.015086206896551725,-0.04214123006833713,1.0813023913957633,0.2414343071715784,0.18179345552914503,Railroads,Industrials,CSX
2011Q3,2011,Q3,2011-10-26,2011-09-30,464000000.0,2963000000.0,878000000.0,0.14,1894000000.0,0.6392170098,28248000000.0,8256000000.0,2301000000.0,2568000000.0,19980000000.0,236000000.0,7944000000.0,19995462900.0,28069462900.0,2.569561157796452,0.8960280373831776,0.30635797224582273,1.0482073643410852,0.032294611275907936,2.569561157796452,0.0562015503875969,6.748384373945326,10.773417510775861,2.4219310683139534,0.27155172413793105,4.529661016949152,0.00630142951079167,0.10489238176154064,0.6966510903426791,0.01642594165958652,39.28381709233792,0.6392170097873776,-0.06666666666666654,0.7438753843000616,0.5105902092847064,0.1775422049416782,-0.02169421487603306,-0.08300395256916997,-0.05183585313174946,0.36853018903896645,0.12743888288175795,0.08501720566915684,Railroads,Industrials,CSX
2011Q2,2011,Q2,2011-07-21,2011-07-01,506000000.0,3019000000.0,926000000.0,0.15,1936000000.0,0.8257701226,28705000000.0,8930000000.0,2967000000.0,2485000000.0,19764000000.0,251000000.0,8582000000.0,29544730200.0,36972730200.0,2.7011494252873565,1.193963782696177,0.30238634384253615,0.9720044792833147,0.03359517950659347,2.7011494252873565,0.05666293393057111,9.786263729711825,14.59719871541502,3.308480425531915,0.2608695652173913,4.314741035856573,0.004467801841696967,0.10517331475352726,0.9686116700201207,0.01762759101201881,56.38307290076336,0.6412719443524346,0.25,0.567572176462376,0.5066416192705839,0.25413177840929607,0.08702975856260528,0.2810126582278481,0.1979301423027167,0.45336505055742804,0.14842597379003178,0.08839233116826364,Railroads,Industrials,CSX
2011Q1,2011,Q1,2011-04-20,2011-04-01,395000000.0,2810000000.0,773000000.0,0.12,1781000000.0,0.6338078292,27577000000.0,8742000000.0,2171000000.0,2222000000.0,18821000000.0,237000000.0,9134000000.0,29321336400.0,36927336400.0,2.6299638989169676,0.9770477047704771,0.29517351416035104,0.9311370395790437,0.028348626033775283,2.6299638989169676,0.045184168382521164,10.434639288256228,18.557807848101262,3.354076458476321,0.2430379746835443,4.341772151898734,0.0032740663212062877,0.1018965079595315,0.7461746174617462,0.014323530478297132,252.77014137931033,0.6338078291814947,-0.04097674418604647,0.9179399174832388,0.43406234754610196,0.25674390175270206,-0.3220403502093643,-0.08139534883720931,-0.08628841607565012,0.23205471473973288,0.1339568842889097,0.0948131768953069,Railroads,Industrials,CSX
2010Q4,2010,Q4,2011-02-18,2010-12-31,430000000.0,2816000000.0,846000000.0,0.1251273097628401,2627000000.0,0.9328835227,28141000000.0,8686000000.0,2855000000.0,2537000000.0,19441000000.0,218000000.0,9087000000.0,24670289850.0,32042289850.0,2.52757165720937,1.1253448955459204,0.30787818485483814,0.997467188579323,0.029910338051445648,2.52757165720937,0.04950495049504951,8.760756338778409,14.343191773255814,2.8402359947041216,0.2255813953488372,0.8669724770642202,0.003931854898737641,0.1000675171458015,0.9219550650374458,0.015280196155076224,99.87971599190283,0.9328835227272727,0.04272758135700078,1.185451417857807,0.5286089404057533,0.31539227028570105,0.4692393736017897,0.03864734299516908,0.025454545454545455,0.3127054645037459,0.21761484386525734,0.11440154171400337,Railroads,Industrials,CSX
2010Q3,2010,Q3,2010-10-15,2010-09-24,414000000.0,2666000000.0,825000000.0,0.12,1788000000.0,0.7381845461,27029000000.0,8625000000.0,2205000000.0,2540000000.0,18391000000.0,225000000.0,9022000000.0,21220995600.0,28486995600.0,2.535273368606702,0.8681102362204725,0.2923526582559473,0.9161739130434783,0.02943900656734202,2.535273368606702,0.048,7.959863315828957,12.814610869565218,2.4604052869565214,0.21980676328502416,3.902222222222222,0.004288205968997986,0.09863479965962485,0.6602362204724409,0.015316881867623663,48.33939772209567,0.6706676669167292,0.0,1.8944337979094072,0.43849493930905714,0.2740679562213962,-0.05745914602003163,0.0,0.07421875,0.16393670293670282,0.21974735396846554,0.12444038893138831,Railroads,Industrials,CSX
2010Q2,2010,Q2,2010-07-15,2010-06-25,414000000.0,2663000000.0,768000000.0,0.12,1897000000.0,0.4416072099,26744000000.0,8561000000.0,2143000000.0,2354000000.0,18167000000.0,223000000.0,8968000000.0,20011903200.0,27312903200.0,2.483608935306063,0.9103653355989805,0.2966646724498953,0.92676089241911,0.03002439141852671,2.483608935306063,0.04835883658451116,7.514796545249719,12.084482608695652,2.337566078729121,0.21980676328502416,3.4349775784753365,0.00454729363272155,0.09957373616512115,0.6911639762107051,0.015480107687705654,62.733238871473354,0.7123544874202028,0.3840830449826989,1.835574080227866,0.3894320582271949,0.2701796263751105,0.05859375,0.35294117647058826,0.2113564668769716,0.4633658253553814,0.20544728428569958,0.06108482474879339,Railroads,Industrials,CSX
2010Q1,2010,Q1,2010-04-19,2010-03-26,306000000.0,2491000000.0,634000000.0,0.0867,1792000000.0,0.7193898033,27193000000.0,8870000000.0,2501000000.0,2388000000.0,18308000000.0,218000000.0,9279000000.0,19941274641.600002,26937274641.600002,2.5200932690212348,1.047319932998325,0.29378884271687566,0.9006764374295377,0.022877622455550816,2.5200932690212348,0.034498308906426155,8.00532904118828,16.291891047058826,2.248170760045096,0.30392156862745096,3.206422018348624,0.004663693854654122,0.09160445702938257,0.8463149078726968,0.011252895965873571,47.935756350000005,0.7193898032918506,0.015498622950819616,-0.41794323866583705,0.3014443332091388,0.3046086683734063,0.08869987849331713,0.003278688524590164,0.08747855917667238,0.4267888968724988,0.15093056851715314,0.08861313026670486,Railroads,Industrials,CSX
2009Q4,2009,Q4,2010-02-19,2009-12-25,305000000.0,2320000000.0,583000000.0,0.08537677751651551,1646000000.0,0.7094827586,27036000000.0,8846000000.0,2570000000.0,1865000000.0,18176000000.0,203000000.0,9182000000.0,20005440000.0,26984440000.0,2.4762064718396597,1.3780160857908847,0.29619766237609113,0.9052679177029166,0.02293546622914958,2.4762064718396597,0.034478860501921775,8.623034482758621,16.397901639344262,2.2615238525887404,0.2819672131147541,3.3201970443349755,0.004298830718044692,0.08581151057848795,1.1179624664879357,0.01128125462346501,363.73527272727273,0.7094827586206897,0.05273461795950069,4.160452774755715,0.2866779687979665,0.47230852283204666,-0.010222489476849068,0.040955631399317405,-0.02508361204013378,0.026440462372908955,0.13074472458015637,0.15524917906740004,Railroads,Industrials,CSX
2009Q3,2009,Q3,2009-10-20,2009-09-25,293000000.0,2289000000.0,598000000.0,0.0811,1663000000.0,0.7265181302,27020000000.0,8676000000.0,2770000000.0,2076000000.0,18331000000.0,239000000.0,8963000000.0,16800591110.399998,23782591110.399998,2.4569774080417583,1.334296724470135,0.30429311621021465,0.9476717381281696,0.022346809049020287,2.4569774080417583,0.033771323190410325,7.339707780865005,14.334975350170646,1.9364443419087136,0.2832764505119454,2.6192468619246863,0.004940302365231713,0.08471502590673576,1.0833333333333333,0.01084381939304219,68.85488159999998,0.7265181301878549,-0.05257009345794381,1.6085151760191447,0.26593515748381763,0.3897873300048119,0.0012040939193257074,-0.048701298701298704,0.027491408934707903,0.001976261734112372,0.061825503123442226,0.12594891379758552,Railroads,Industrials,CSX
2009Q2,2009,Q2,2009-07-15,2009-06-26,308000000.0,2185000000.0,582000000.0,0.0856,1661000000.0,0.7601830664,26735000000.0,8443000000.0,2636000000.0,1961000000.0,18279000000.0,254000000.0,8757000000.0,14191298994.599998,21334298994.6,2.392975767258661,1.3442121366649669,0.30862165700392746,0.9772592680326898,0.021933565376623394,2.392975767258661,0.03647992419756011,6.49487368173913,11.518911521590908,1.6808360765841526,0.2922077922077922,2.062992125984252,0.0063419141569948136,0.08172807181597157,1.0520142784293727,0.011520478773143819,81.55918962413793,0.7601830663615561,0.24238026124818565,1.8354277519000415,0.17741318074863682,0.38691837626591447,0.016523867809057527,0.25203252032520324,0.11494252873563218,-0.10592879755207871,0.021745301080368602,0.11104810662712127,Railroads,Industrials,CSX
2009Q1,2009,Q1,2009-04-15,2009-03-27,246000000.0,2247000000.0,522000000.0,0.0689,1634000000.0,0.7271918113,26567000000.0,8184000000.0,2600000000.0,2070000000.0,18362000000.0,250000000.0,8534000000.0,10721852064.0,17974852064.0,2.3247094113235844,1.2560386473429952,0.3127564271464599,1.015273704789834,0.02092970038119789,2.3247094113235844,0.030058651026392963,4.771629757009346,10.896191121951219,1.3100992258064517,0.34959349593495936,2.452,0.008021002293881306,0.08457861256445967,1.0082125603864733,0.009259607784093047,76.5846576,0.7271918113039608,-0.006668421052631537,8.000378361795685,0.2564050904510832,0.38538196297332045,-0.10953678474114441,-0.004048582995951417,-0.24566473988439305,0.1278129519524345,0.08275164928708234,0.1108762280847823,Railroads,Industrials,CSX
2008Q4,2008,Q4,2009-02-19,2008-12-26,247000000.0,2674000000.0,692000000.0,0.06936253861274923,1835000000.0,0.6862378459,26288000000.0,8048000000.0,2391000000.0,2404000000.0,18240000000.0,217000000.0,8398000000.0,12463500000.0,19626500000.0,2.2600393147992137,0.9945923460898503,0.297930614729154,0.9731610337972167,0.028029885600335855,2.2600393147992137,0.030690854870775348,4.6609947643979055,12.614878542510121,1.5486456262425448,0.3481781376518219,3.866359447004608,0.006900148433425603,0.10171941570298235,0.7703826955074875,0.00939592209373098,42.829896907216494,0.6862378459237098,-0.30637461387250775,1.179844658598229,0.4862534083394479,0.3538171348762375,-0.047248182762201454,-0.35340314136125656,-0.05593451568894952,0.21147380731482762,0.40077867752385865,0.17616378421924378,Railroads,Industrials,CSX
2008Q3,2008,Q3,2008-10-15,2008-09-26,382000000.0,2961000000.0,733000000.0,0.1,1926000000.0,0.6504559271,26637000000.0,8573000000.0,2751000000.0,2829000000.0,18064000000.0,251000000.0,8499000000.0,22681572249.6,29696572249.6,2.368221576921207,0.9724284199363733,0.2969553628411608,0.9226641782339904,0.027848463842030984,2.368221576921207,0.04455849760877172,7.660105454103343,14.843960896335078,2.6456983844161903,0.23036649214659685,4.123505976095617,0.0038798015865744015,0.11116116679806284,0.7847295864262991,0.014340954311671735,50.180469578761056,0.6504559270516718,0.0,4.945577636882621,0.6737987665307775,0.4449415802951811,-0.19548872180451127,-0.007792207792207792,0.022315202231520222,1.509865574236513,0.5014484290872163,0.19011829720185297,Railroads,Industrials,CSX
2008Q2,2008,Q2,2008-07-16,2008-06-27,385000000.0,2907000000.0,717000000.0,0.1,2394000000.0,0.8235294118,26788000000.0,9073000000.0,3289000000.0,2490000000.0,17715000000.0,247000000.0,8973000000.0,25241416218.0,31823416218.0,2.48177917827479,1.3208835341365461,0.29789457966253546,0.8795326793783754,0.027436397194389974,2.48177917827479,0.042433594180535654,8.682977715170278,16.39053001168831,2.7820363956794885,0.18961038961038962,2.076923076923077,0.002892072273977349,0.10851873973420935,1.0823293172690762,0.014372106913543377,176.5134001258741,0.8235294117647058,0.05932203389830517,2.1918976948821562,0.5761144864390016,0.48431757596456493,0.5047140163419234,0.09686609686609686,0.14536741214057508,1.4863078166607173,0.4300943456732697,0.2692438429394412,Railroads,Industrials,CSX
2008Q1,2008,Q1,2008-04-16,2008-03-28,351000000.0,2713000000.0,626000000.0,0.0944,1591000000.0,0.5864356801,26661000000.0,8742000000.0,3414000000.0,2704000000.0,17919000000.0,247000000.0,8660000000.0,22865927744.699997,29505927744.699997,2.4022033662173046,1.2625739644970415,0.30794043734293536,0.9391443605582247,0.023063445625832367,2.4022033662173046,0.040150995195607414,8.428281512974566,16.286273322435896,2.6156403276938915,0.1737891737891738,4.5425101214574894,0.0026677246898122882,0.10175912381381043,1.0388313609467457,0.01316529762574547,79.39558244687498,0.5864356800589753,-0.009653479452054838,2.7504652236209717,0.42354921739571466,0.46251672499600527,0.0,-0.038356164383561646,0.027914614121510674,-0.3542610205674306,0.37090587457511576,0.24357910609397554,Railroads,Industrials,CSX
2007Q4,2007,Q4,2008-02-22,2007-12-28,365000000.0,2577000000.0,609000000.0,0.09532017131515721,0.0,0.0,25534000000.0,8685000000.0,2491000000.0,2671000000.0,16849000000.0,240000000.0,8565000000.0,18835451880.0,25724451880.0,2.2680977749921656,0.9326095095469862,0.2842092895746847,0.8355785837651123,0.024462030122351416,2.2680977749921656,0.042026482440990214,7.309061653084982,12.900994438356165,2.1687336649395506,0.16712328767123288,0.0,0.0032385737485157696,0.10092425785227539,0.7068513665293897,0.014294665935615259,-88.84647113207548,0.0,-0.046798286848427906,1.6761312038648843,0.2565573153255668,0.3978183739708967,0.0,-0.10319410319410319,0.0972972972972973,4.761464145895406,0.33336278310880474,0.34857077659459296,Railroads,Industrials,CSX
2007Q3,2007,Q3,2007-10-23,2007-09-28,407000000.0,2501000000.0,555000000.0,0.1,0.0,0.0,25605000000.0,8777000000.0,2980000000.0,2168000000.0,16828000000.0,244000000.0,8262000000.0,18482050675.8,24735050675.8,2.2546978866670724,1.3745387453874538,0.26998633079476664,0.7876267517374957,0.022352630080143203,2.2546978866670724,0.04637119744787513,7.389864324590164,11.35261098022113,2.105736661250997,0.15724815724815724,0.0,0.003462819203488075,0.09767623511033001,1.1111623616236161,0.015895332942784612,49.68293192419355,0.0,0.26742712294043103,2.1569568417996754,0.1988913368727386,0.35605013559001186,-1.0,0.25617283950617287,-0.08112582781456953,2.2868568970618584,0.25470029439959774,0.27536807852702294,Railroads,Industrials,CSX
2007Q2,2007,Q2,2007-07-25,2007-06-29,324000000.0,2530000000.0,604000000.0,0.0789,1402000000.0,0.5541501976,25071000000.0,9240000000.0,2571000000.0,2190000000.0,15831000000.0,238000000.0,7919000000.0,19773394102.8,25334394102.8,2.340631849007967,1.173972602739726,0.238881576323242,0.6481601731601732,0.02500042796701869,2.340631849007967,0.03506493506493506,7.815570791620553,15.257248536111108,2.1399777167532466,0.16358024691358025,4.739495798319328,0.0026803693753565034,0.10091340592716684,0.9136986301369863,0.01292329783415101,241.13895247317072,0.5541501976284585,0.3650519031141869,1.3260348176586996,0.1828405066482773,0.4287227262262273,0.0,0.35,0.23770491803278687,1.6658303435548418,0.21847774306361126,0.35658094322503875,Railroads,Industrials,CSX
2007Q1,2007,Q1,2007-04-18,2007-03-30,240000000.0,2422000000.0,488000000.0,0.0578,0.0,0.0,24925000000.0,9118000000.0,2608000000.0,2655000000.0,15807000000.0,217000000.0,7648000000.0,17527361850.0,22948361850.0,2.314957627236982,0.9822975517890772,0.23803410230692076,0.6506909409958325,0.020586091943476836,2.314957627236982,0.026321561745996928,7.236730739058629,18.25766859375,1.9222814049133583,0.22083333333333333,0.0,0.0030238435455133827,0.09717151454363089,0.7717514124293785,0.00962888665997994,103.71220029585798,0.0,-0.30510074927953895,8.30318414576464,0.19506916163028049,0.4381651652201672,-1.0,-0.30835734870317005,-0.03747534516765286,6.848330922659647,0.21043412472501696,0.37957050726424013,Railroads,Industrials,CSX
