Year,Date,FillingDate,NetIncome,Revenue,OperatingIncome,EPSDiluted,GrossProfit,GrossProfitRatio,TotalAssets,CommonStockEquity,CurrentAssets,CurrentLiability,TotalLiability,Inventory,RetainedEarnings,EnterpriseValue,bookValuePerShare,currentRatio,debtToAssets,debtToEquity,roic,shareholdersEquityPerShare,roe,priceToSalesRatio,peRatio,pbRatio,payoutRatio,inventoryTurnover,dividendYield,assetTurnover,quickRatio,returnOnAssets,priceToFreeCashFlowsRatio,grossProfitMargin,epsdilutedGrowth,fiveYNetIncomeGrowthPerShare,fiveYRevenueGrowthPerShare,fiveYShareholdersEquityGrowthPerShare,grossProfitGrowth,netIncomeGrowth,operatingIncomeGrowth,threeYNetIncomeGrowthPerShare,threeYRevenueGrowthPerShare,threeYShareholdersEquityGrowthPerShare,Industry,Sector,Price,MarketCap,AvgVolume,Symbol
2022,2022-12-31,2023-03-31,-41400000.0,326500000.0,-38200000.0,-0.51,99600000.0,0.3050535988,1133500000.0,612800000.0,139600000.0,39100000.0,520700000.0,25000000.0,-96700000.0,808632217.18,7.484366796798733,3.5703324808184145,0.35200705778561975,0.6511096605744126,-0.027404267530028982,7.484366796798733,-0.06755874673629243,1.4469593175497701,-11.411406212077294,0.770940302186684,0.0,9.076,0.0,0.28804587560652845,2.50383631713555,-0.03652404058226731,-10.568953404474271,0.30505359877488514,-13.325842696629213,-1.7529754760790877,-0.32613070844558917,5717.813195664495,-0.3310946944257891,-13.785714285714286,-4.131147540983607,0.024483275750637492,0.04767084546926218,-0.003514769620523855,Packaging & Containers,Consumer Cyclical,4.41,363417917,582360,PACK
2021,2021-12-31,2022-02-28,-2800000.0,383900000.0,12200000.0,-0.0356,148900000.0,0.3878614222,1213400000.0,636200000.0,191500000.0,71500000.0,577200000.0,32900000.0,-55300000.0,3255835943.72,8.100049076468359,2.6783216783216783,0.3363276743036097,0.641464948129519,0.006633138507543835,8.100049076468359,-0.0044011317195850365,7.688554164417817,-1054.155694185714,4.63947806306193,0.0,7.142857142857143,0.0,0.3163837151804846,2.1020979020979023,-0.002307565518378111,-2108.3113883714286,0.3878614222453764,0.8887499999999999,-1.053087979981098,-0.17402239749751877,6188.256726948593,0.21451876019575855,0.8803418803418803,0.042735042735042736,-2.002580089464686,0.0,0.08484242986606068,Packaging & Containers,Consumer Cyclical,4.41,363417917,582360,PACK
2020,2020-12-31,2021-03-04,-23400000.0,298200000.0,11700000.0,-0.32,122600000.0,0.4111334675,1133500000.0,522900000.0,107200000.0,57500000.0,610600000.0,16100000.0,-52500000.0,1358223738.88,7.218905630473042,1.8643478260869566,0.38217909131010147,0.8284566838783706,0.011640276427866256,7.218905630473042,-0.04475043029259897,3.2646671323943663,-41.603578584615384,1.861778043373494,0.0,10.906832298136646,0.0,0.2630789589766211,1.5252173913043479,-0.020644022937803264,31.814501270588234,0.41113346747149565,0.38461538461538464,-1.4810749727335752,-0.3043087593224871,5514.974016060257,0.1055004508566276,0.36239782016348776,0.5,-1.4810749727335752,-0.3043087593224871,5514.974016060257,Packaging & Containers,Consumer Cyclical,4.41,363417917,582360,PACK
2019,2019-12-31,2020-03-17,-36700000.0,269500000.0,7800000.0,-0.52,110900000.0,0.4115027829,1104400000.0,531800000.0,71400000.0,31900000.0,572600000.0,11600000.0,-29100000.0,977761027.1,7.5107654068777085,2.238244514106583,0.3806591814559942,0.7905227529146296,0.006879407773975911,7.5107654068777085,-0.06901090635577285,2.141228300927644,-15.723733708446867,1.0851091145167358,-14.56675749318801,13.672413793103448,0.9264184807049153,0.24402390438247012,1.7962382445141065,-0.03323071350959797,-140.74659197560976,0.41150278293135434,-15.624142237811053,-1.771873467016657,-0.3567929331348549,5737.984403699277,0.0,-27.464793891896726,3.090201297103892,-1.771873467016657,-0.3567929331348549,5737.984403699277,Packaging & Containers,Consumer Cyclical,4.41,363417917,582360,PACK
2018,2018-12-31,2019-03-01,1386748.0,0.0,-3731698.0,0.035557641025641025,0.0,0.0,309233566.0,291196127.0,3115120.0,6737439.0,18037439.0,0.0,1378233.0,392278637.0,7.466567358974359,0.46235965921175687,0.012935206393474116,0.013736446432888167,-0.012641419241926572,7.466567358974359,0.0047622474044787,0.0,282.0772050870093,1.343321437788216,0.0,0.0,0.0,0.0,0.4291486720696098,0.004484467898934361,-321.1534167038857,0.0,-0.9470486273193583,-0.9470486392668702,-1.0,5704.212624945675,-1.0,-0.9499368953068592,-1.1196057051282051,-0.9470486392668702,-1.0,5704.212624945675,Packaging & Containers,Consumer Cyclical,4.41,363417917,582360,PACK
2017,2017-12-31,2018-03-29,27700000.0,244100000.0,31200000.0,0.671515,112400000.0,0.46046702171241294,870815.0,53985.0,1896.0,816830.0,816830.0,0.0,-8515.0,394853448.0,0.0013087272727272728,0.002321168419377349,0.10661736419331316,1.7198110586273965,-429.6372765518537,0.0013087272727272728,513.1054922663703,1.6172163047931176,14.251353790613718,7312.447902195054,0.0,0.0,0.0,280.3121214035128,0.002321168419377349,31.809282109288425,21.110294117647058,0.46046702171241294,0.0,0.0,0.0,0.0,0.0,0.0,0.0,0.0,0.0,0.0,Packaging & Containers,Consumer Cyclical,4.41,363417917,582360,PACK
TTM,,,,,,,,,,,,,,,,723117917.0,7.3487164272410785,3.4884910485933505,0.36519993015540425,0.6930086149768059,-0.02368161326358335,7.3487164272410785,-0.06489844292778618,1.1175212699877,-9.124011514609572,0.600104799751491,0.0,9.853982300884956,0.0,0.28391828182294393,2.4603580562659846,-0.03466038065304697,-12.575014429065744,0.31519065190651907,,,,,,,,,,,Packaging & Containers,Consumer Cyclical,4.41,363417917,582360,PACK
