Quarters,Year,Quarter,FillingDate,Date,NetIncome,Revenue,OperatingIncome,EPSDiluted,GrossProfit,GrossProfitRatio,TotalAssets,CommonStockEquity,CurrentAssets,CurrentLiability,TotalLiability,Inventory,RetainedEarnings,MarketCap,EnterpriseValue,bookValuePerShare,currentRatio,debtToAssets,debtToEquity,roic,shareholdersEquityPerShare,roe,priceToSalesRatio,peRatio,pbRatio,payoutRatio,inventoryTurnover,dividendYield,assetTurnover,quickRatio,returnOnAssets,priceToFreeCashFlowsRatio,grossProfitMargin,epsdilutedGrowth,fiveYNetIncomeGrowthPerShare,fiveYRevenueGrowthPerShare,fiveYShareholdersEquityGrowthPerShare,grossProfitGrowth,netIncomeGrowth,operatingIncomeGrowth,threeYNetIncomeGrowthPerShare,threeYRevenueGrowthPerShare,threeYShareholdersEquityGrowthPerShare,Industry,Sector,Symbol
2023Q1,2023,Q1,2023-04-28,2023-03-31,8979000.0,35115000.0,27146000.0,1.1,35115000.0,1.0,3164411000.0,266581000.0,2699196000.0,20297000.0,2897830000.0,0.0,209008000.0,248611497.75,414319497.75,32.715246010781094,132.9849731487412,0.11113632205171832,1.3192275518510321,0.0329240158876963,32.715246010781094,0.03368207036510479,7.079923045706963,6.922026332275308,0.9325927119712207,0.23666332553736497,0.0,0.008547472740528148,0.011096851831193862,24.16169877321772,0.002837494876613689,27.286960569641092,1.0,-0.0677966101694914,1.607058831802778,0.7924445697407746,0.6470714581844189,35114.0,-0.11589208349743994,0.15894633479912906,1.8198949062486278,0.5481074108454896,0.40264479110011403,Banks—Regional,Financial Services,FBIZ
2022Q4,2022,Q4,2023-02-22,2022-12-31,10156000.0,1000.0,23423000.0,1.18,1000.0,1.0,2976611000.0,260640000.0,336258000.0,19363000.0,2715971000.0,0.0,203507000.0,298998408.04999995,663299408.05,31.861012445280142,17.36600733357434,0.15688412090125314,1.79167817679558,0.025678900822883013,31.861012445280142,0.03896562308164518,298998.40804999997,7.360141986264277,1.1471700738566604,0.18550610476565577,0.0,0.006301036892761477,3.359525312511443e-07,20.13954449207251,0.003411933907386622,50.858718838237785,1.0,-0.05600000000000005,1.6537736327916452,-0.9999358113087303,0.6246059701562376,-0.9999706581379655,-0.06188804729355256,0.17449731735446022,0.8171719200128269,-0.9999596084355372,0.38544352606386373,Banks—Regional,Financial Services,FBIZ
2022Q3,2022,Q3,2022-10-28,2022-09-30,10826000.0,34081000.0,19943000.0,1.25,34081000.0,1.0,2850802000.0,253004000.0,325988000.0,16967000.0,2597798000.0,0.0,195235000.0,265940443.62,582099443.62,30.73830790355662,19.213060647138562,0.14982590863904263,1.6882104630756827,0.0223837158364491,30.73830790355662,0.04278983731482506,7.803187806108975,6.141244310456309,1.051131379820082,0.17485682615924625,0.0,0.0071181350765319885,0.011954881468442915,19.213060647138562,0.0037975278535654178,20.09372448961088,1.0,-0.031007751937984523,3.3883513770618325,0.868002801557199,0.588937061477744,0.11623870037992926,-0.03373795073188147,0.09733685484758446,1.196657651665283,0.5498919687500201,0.3682093026123733,Banks—Regional,Financial Services,FBIZ
2022Q2,2022,Q2,2022-07-29,2022-06-30,11204000.0,30532000.0,18174000.0,1.29,30532000.0,1.0,2777016000.0,249923000.0,2410348000.0,13556000.0,2527093000.0,0.0,186302000.0,256563887.22,764928887.22,30.38267955191921,177.80672764827384,0.21744527219144577,2.4161401711727213,0.015976488309459618,30.38267955191921,0.04482980758073487,8.403114346259661,5.724827901196002,1.0265717329737558,0.1717243841485184,0.0,0.007499106833964503,0.010994535141317156,23.921363233992327,0.004034546434014064,17.97924927960757,1.0,0.22857142857142856,5.2118268813166635,0.5879583537282518,0.5815930248109185,0.05969734832708594,0.29197416974169743,0.3311360140628433,0.7760491543668615,0.5463988262839561,0.3786599953255957,Banks—Regional,Financial Services,FBIZ
2022Q1,2022,Q1,2022-04-29,2022-03-31,8672000.0,28812000.0,13653000.0,1.05,28812000.0,1.0,2724082000.0,245051000.0,2590630000.0,8309000.0,2479031000.0,0.0,177022000.0,270096579.02000004,596560579.02,29.76758661354481,311.7860151642797,0.1549391684978646,1.7223639160827746,0.016182604781371814,29.76758661354481,0.03538855177085586,9.374447418436764,7.786455806619005,1.1022055776960715,0.19257380073800737,0.0,0.006182973535093683,0.01057677412060283,45.44481887110362,0.0031834577666898425,132.5302154170756,1.0,0.009615384615384623,1.6671081646801975,0.5979217939185593,0.559821248371366,0.011195732285122661,0.009428471656384588,-0.03321059340036822,0.5395606346020899,0.4807023756056246,0.38645566089687416,Banks—Regional,Financial Services,FBIZ
2021Q4,2021,Q4,2022-02-23,2021-12-31,8591000.0,28493000.0,14122000.0,1.04,28493000.0,1.0,2652905000.0,232422000.0,2408585000.0,15344000.0,2420483000.0,33893000.0,176186000.0,240019831.87,601842831.87,28.246623152673738,156.9724322210636,0.15791481413770941,1.802467064219394,0.016105312379456588,28.246623152673738,0.03696293810396606,8.423817494472326,6.984630190606449,1.0326898136579155,0.0,0.0,0.0,0.010740301669302142,18.512252346193954,0.003238336842065585,21.371189731101417,1.0,-0.028037383177570117,1.1837187625691017,0.4497093156730824,0.5006294201253056,0.009030384588143637,-0.0659926070884975,0.0,1.2253521961528129,0.4823991838150331,0.3539760823545226,Banks—Regional,Financial Services,FBIZ
2021Q3,2021,Q3,2021-10-29,2021-09-30,9198000.0,28238000.0,0.0,1.07,28238000.0,1.0,2584410000.0,225280000.0,2331506000.0,0.0,2359130000.0,0.0,162952000.0,239442605.82,538760605.8199999,27.011854376752538,0.0,0.1586211166184932,1.8196999289772726,0.0,27.011854376752538,0.040829190340909094,8.479446342517175,6.508007333659492,1.0628666806640625,0.16818873668188736,0.0,0.006460838474013898,0.010926284916093034,0.0,0.0035590328160005572,24.682260160808163,1.0,0.12631578947368433,2.7266813934189154,0.8603200976416462,0.4496146223780834,0.009473420798627247,0.11693989071038251,0.0,0.7996428801477183,0.34027363218872864,0.31604961099125245,Banks—Regional,Financial Services,FBIZ
2021Q2,2021,Q2,2021-07-30,2021-06-30,8235000.0,27973000.0,0.0,0.95,27973000.0,1.0,2865669000.0,221452000.0,2635732000.0,0.0,2644217000.0,0.0,155300000.0,226983817.83,273193817.83000004,26.41027760177048,0.0,0.15221122886139327,1.9696683705724038,0.0,26.41027760177048,0.037186388020880375,8.114389512386945,6.890826285063753,1.0249797600834492,0.18894960534304797,0.0,0.006855114231823211,0.009761420457142816,0.0,0.002873674524168702,28.036538763586957,1.0,-0.1517857142857144,1.2641006450706864,0.32531023659816644,0.4283962808950087,-0.003029439019174567,-0.15373548453396363,0.0,1.5772925353228253,0.39885679892102277,0.3125437463917485,Banks—Regional,Financial Services,FBIZ
2021Q1,2021,Q1,2021-04-30,2021-03-31,9731000.0,28058000.0,0.0,1.12,28058000.0,1.0,2620718000.0,214491000.0,2386614000.0,0.0,2406227000.0,0.0,148621000.0,208452854.77,614100854.77,25.446341024461663,0.0,0.1772498986918852,2.165694597908537,0.0,25.446341024461663,0.04536787091299868,7.429355434100792,5.355381121416093,0.9718489576252617,0.15835988079334087,0.0,0.007392558867568825,0.010706226308973343,0.0,0.00371310457668471,30.92772325964392,1.0,0.5774647887323946,1.1745965270790502,0.41610152053787713,0.4043207958270695,-0.03191526067004796,0.5994411571334648,0.0,1.7313389892559656,0.38453852284491263,0.2811134601526844,Banks—Regional,Financial Services,FBIZ
2020Q4,2020,Q4,2021-02-24,2020-12-31,6084000.0,28983000.0,0.0,0.71,28983000.0,1.0,2567837000.0,206162000.0,2323058000.0,0.0,2361675000.0,0.0,140431000.0,154960946.56,533666946.56,24.492896463628828,0.0,0.16964277717004622,2.112974262958256,0.0,24.492896463628828,0.0295107730813632,5.346615138529483,6.367560262984878,0.7516465040114085,0.23224852071005916,0.0,0.009118426489818159,0.011286931374538182,0.0,0.0023693092669044022,7.3243345729545775,1.0,0.41999999999999993,0.5151468903795391,0.48488691604152717,0.3898247532477925,0.11834388022843031,0.4171907756813417,0.0,0.5450531030511051,0.8080685021990712,0.24890274248408692,Banks—Regional,Financial Services,FBIZ
2020Q3,2020,Q3,2020-10-23,2020-09-30,4293000.0,25916000.0,0.0,0.5,25916000.0,1.0,2601847000.0,200785000.0,2359891000.0,0.0,2401062000.0,0.0,135760000.0,120094360.36,568669360.36,23.891360438567723,0.0,0.19228763259330775,2.4917349403590907,0.0,23.891360438567723,0.021381079263889234,4.633985196789628,6.993615208478918,0.598124164454516,0.3296063358956441,0.0,0.01178240173608765,0.009960616439014285,0.0,0.0016499817245210805,29.660252002963695,1.0,0.3157894736842105,-0.003473736505378859,0.40847413542238026,0.37996321574355546,0.10913292818625353,0.29190490520613904,0.0,0.704320651432049,0.3912020581189454,0.2350018800342289,Banks—Regional,Financial Services,FBIZ
2020Q2,2020,Q2,2020-07-24,2020-06-30,3323000.0,23366000.0,0.0,0.38,23366000.0,1.0,2468814000.0,197562000.0,2233896000.0,0.0,2271252000.0,0.0,132882000.0,138051640.65,577598640.65,23.541153764622067,0.0,0.1952103317625386,2.4394266103805387,0.0,23.541153764622067,0.01682003624178739,5.908227366686639,10.386069865332532,0.6987762861785161,0.4255191092386398,0.0,0.010242543973706842,0.009464463503528414,0.0,0.0013459904229318207,5309.678486538462,1.0,0.0,-0.12532458070796595,0.29562693007948065,0.39044884040256894,0.000642370776412145,0.013727882855399633,0.0,0.8058474786379449,0.19116715340342036,0.22545230174656056,Banks—Regional,Financial Services,FBIZ
2020Q1,2020,Q1,2020-04-24,2020-03-31,3278000.0,23351000.0,0.0,0.38,23351000.0,1.0,2196374000.0,195657000.0,1956005000.0,0.0,2000717000.0,0.0,130973000.0,130024323.0,465192323.0,23.323970700466557,0.0,0.19584733747531158,2.198510658959301,0.0,23.323970700466557,0.01675380896160117,5.568255021198236,9.916437080536912,0.6645523697082139,0.4301403294691885,0.0,0.010844124910383113,0.010631613741557676,0.0,0.0014924598451811941,114.15656101843723,1.0,-0.4328358208955224,-0.20574537749656444,0.2630723408431787,0.4025919140186176,-0.0861023051935345,-0.4316920943134535,0.0,-0.010649314437930695,0.2708887870240845,0.22217583733928797,Banks—Regional,Financial Services,FBIZ
2019Q4,2019,Q4,2020-02-27,2019-12-31,5768000.0,25551000.0,0.0,0.67,25551000.0,1.0,2096779000.0,194156000.0,1856983000.0,0.0,1902623000.0,0.0,129105000.0,222295632.75,492163632.75,22.996976669124418,0.0,0.16070840083766577,1.7355631554008117,0.0,22.996976669124418,0.029708069799542637,8.700075642831983,9.634866190620665,1.1449331092008488,0.22382108183079058,0.0,0.005807581480702752,0.01218583360478143,0.0,0.002750886001815165,27.403307784763314,1.0,0.1355932203389832,0.5073218748088384,0.5096078993611777,0.37905664206808903,0.12619005641748943,0.1343166175024582,0.0,0.4289231255440666,0.2670136103422599,0.22173682769427802,Banks—Regional,Financial Services,FBIZ
2019Q3,2019,Q3,2019-10-25,2019-09-30,5085000.0,22688000.0,0.0,0.59,22688000.0,1.0,2092793000.0,190792000.0,1863567000.0,0.0,1902001000.0,0.0,124628000.0,204498075.6,494347075.6,22.466086032938687,0.0,0.16762622963666257,1.8386882049561826,0.0,22.466086032938687,0.026652060883055894,9.01349063822285,10.053986017699115,1.071837789844438,0.2550639134709931,0.0,0.006342357971802842,0.010841014854311918,0.0,0.0024297673014005683,21.843417603076265,1.0,-0.21333333333333337,0.3036497975432599,0.5429473634413013,0.47040601514842634,0.10301910642228597,-0.22626293365794278,0.0,1.0232768474163438,0.467862759564861,0.20566201663594522,Banks—Regional,Financial Services,FBIZ
2019Q2,2019,Q2,2019-07-26,2019-06-30,6572000.0,20569000.0,0.0,0.75,20569000.0,1.0,2070304000.0,188855000.0,1840542000.0,0.0,1881449000.0,0.0,120841000.0,206526902.10000002,476850902.1,22.037833588363306,0.0,0.1527307100792927,1.6742950941198274,0.0,22.037833588363306,0.03479918455958275,10.040687544362877,7.856318552191114,1.0935739170262901,0.20024345709068778,0.0,0.00637205122731563,0.00993525588512605,0.0,0.003174413033061811,331.50385569823436,1.0,0.1194029850746268,0.7233676184236747,0.4368938945698767,0.5009241891491343,0.00937285307684758,0.11408713341244278,0.0,0.7679774944021657,-0.04646039093156451,0.1919132396582984,Banks—Regional,Financial Services,FBIZ
2019Q1,2019,Q1,2019-04-26,2019-03-31,5899000.0,20378000.0,0.0,0.67,20378000.0,1.0,2005642000.0,185100000.0,1777420000.0,0.0,1820542000.0,0.0,115584000.0,178631699.12,410795699.12,21.470276658027906,0.0,0.1438437168746965,1.5586115613182063,0.0,21.470276658027906,0.031869259859535384,8.765909270782217,7.5704229157484315,0.9650551005942734,0.22241057806407866,0.0,0.007344721045947357,0.01016033768738389,0.0,0.0029412028667130025,16.75248045765732,1.0,0.4565217391304348,0.6099808275333712,0.41436024041357544,0.5025586416847496,0.007116734209745972,0.4515255905511811,0.0,0.2888861782247145,0.0055743544179984155,0.1848916107052359,Banks—Regional,Financial Services,FBIZ
2018Q4,2018,Q4,2019-02-28,2018-12-31,4064000.0,20234000.0,0.0,0.46,20234000.0,1.0,1966457000.0,180707000.0,1762814000.0,0.0,1785750000.0,0.0,110310000.0,168996107.75,391427107.75,20.861980887840893,0.0,0.1571237001368451,1.7098230837765,0.0,20.861980887840893,0.022489444238463368,8.35208598151626,10.39592198265256,0.9351940309451211,0.30290354330708663,0.0,0.007284191431326027,0.010289571549238046,0.0,0.002066661005046131,32.8211512429598,1.0,-0.23333333333333328,-0.012264573041277487,0.40347893374604593,0.5112243315505027,-0.07404356580633352,-0.23335219769854745,0.0,-0.016513796508022458,0.0073510154436803934,0.18379210408044383,Banks—Regional,Financial Services,FBIZ
2018Q3,2018,Q3,2018-10-26,2018-09-30,5301000.0,21852000.0,0.0,0.6,21852000.0,1.0,1894330000.0,177542000.0,1691745000.0,0.0,1716788000.0,0.0,107460000.0,197567301.88,448733301.88,20.524951454077122,0.0,0.15385862019817034,1.6416340922147998,0.0,20.524951454077122,0.02985772380619797,9.04115421380194,9.317454342576873,1.1127919133500805,0.23240897943784192,0.0,0.006235849699199222,0.01153547692323935,0.0,0.0027983508681169596,21.458379698055825,1.0,0.5789473684210525,0.332235474058717,0.5456516471730838,0.5177487669590014,0.06160124368441508,0.6117360899969596,0.0,0.19552064474870218,0.15383447804263403,0.1855196812411668,Banks—Regional,Financial Services,FBIZ
2018Q2,2018,Q2,2018-07-27,2018-06-30,3289000.0,20584000.0,0.0,0.38,20584000.0,1.0,1899787000.0,173672000.0,1695051000.0,0.0,1726115000.0,0.0,103391000.0,224410914.0,554049914.0,20.12144560847874,0.0,0.19762320723323193,2.1617877378045973,0.0,20.12144560847874,0.018937998065318533,10.902201418577535,17.05768577075099,1.2921536805011746,0.37306172088780787,0.0,0.00546764851196141,0.010834898859714273,0.0,0.0017312467134473497,106.15464238410595,1.0,-0.09523809523809519,-0.047350254988044044,0.5104111722384961,0.5265815177396864,-0.008286760454808249,-0.09865716634694437,0.0,-0.1582454017597592,0.10976343315838528,0.18846514462592182,Banks—Regional,Financial Services,FBIZ
2018Q1,2018,Q1,2018-04-27,2018-03-31,3649000.0,20756000.0,0.0,0.42,20756000.0,1.0,1878217000.0,171480000.0,1679584000.0,0.0,1706737000.0,0.0,101329000.0,217213274.48,474825274.48,19.862675567727578,0.0,0.16980679016322395,1.8598903662234663,0.0,19.862675567727578,0.021279449498483788,10.46508356523415,14.881698717456837,1.2666974252390948,0.335982460948205,0.0,0.005644222264661289,0.011050906258435527,0.0,0.001942800006602006,26.312934522107813,1.0,-0.0869565217391305,0.018474159617623165,0.5427020752393364,0.5200044365187032,0.26268402482053776,-0.09633481921743438,0.0,-0.14090371228289286,0.09089658018048129,0.19444619871317959,Banks—Regional,Financial Services,FBIZ
2017Q4,2017,Q4,2018-03-09,2017-12-31,4038000.0,16438000.0,0.0,0.46,16438000.0,1.0,1794066000.0,169278000.0,1602147000.0,0.0,1624788000.0,0.0,98906000.0,190929974.48000002,356307974.48,19.61153229186772,0.0,0.12146543103765413,1.287332080955588,0.0,19.61153229186772,0.02385425158614823,11.615158442632925,11.820825562159484,1.1279077876628978,0.28207033184744923,0.0,0.00596553790520362,0.009162427692180779,0.0,0.0022507533167676107,71.67041084084084,1.0,0.5333333333333334,0.08794976170429135,-0.07639355526836988,0.15877362605339973,-0.13982208267922552,0.5626934984520123,0.0,0.03213889514847024,-0.05005969782777872,0.17604214925103523,Banks—Regional,Financial Services,FBIZ
2017Q3,2017,Q3,2017-10-27,2017-09-30,2584000.0,19110000.0,0.0,0.3,19110000.0,1.0,1785656000.0,166781000.0,1587075000.0,0.0,1618875000.0,0.0,95785000.0,196134825.25,300837825.25,19.345201675244056,0.0,0.09962669181522085,1.0666622696829975,0.0,19.345201675244056,0.015493371547118677,10.263465476190476,18.975892535797215,1.176002213981209,0.43808049535603716,0.0,0.00577154005443508,0.010701949311625531,0.0,0.0014470872329272828,19.54118015841387,1.0,0.3636363636363636,-0.41941485448683213,-0.07447027024995637,0.39271357696619386,-0.04949017657299179,0.37009544008483564,0.0,-0.34743778316524965,0.2801917239139996,0.26614403887856347,Banks—Regional,Financial Services,FBIZ
2017Q2,2017,Q2,2017-07-28,2017-06-30,1886000.0,20105000.0,0.0,0.22,20105000.0,1.0,1768928000.0,165234000.0,1566160000.0,0.0,1603694000.0,0.0,94333000.0,198519827.32,251181827.32,19.210175484651938,0.0,0.06580652236834965,0.7044978636358135,0.0,19.210175484651938,0.011414115738891511,9.874152067644864,26.3149293902439,1.2014465988840068,0.601272534464475,0.0,0.005712275772696859,0.011365640659201506,0.0,0.0010661824562672986,50.38574297461929,1.0,-0.4358974358974359,-0.26910939881028295,0.059108865513116754,0.4788107386446414,0.06725767066567576,-0.44480423903444216,0.0,-0.5072648256553097,0.39928797681660977,0.3083417182140154,Banks—Regional,Financial Services,FBIZ
2017Q1,2017,Q1,2017-04-28,2017-03-31,3397000.0,18838000.0,0.0,0.39,18838000.0,1.0,1800590000.0,164134000.0,1586309000.0,0.0,1636456000.0,0.0,93581000.0,223272095.20000002,294222095.20000005,19.083973015898852,0.0,0.073225442771536,0.80330096140958,0.0,19.083973015898852,0.020696504075937955,11.852218664401741,16.431564262584633,1.3603037469384773,0.33352958492787754,0.0,0.005074525766352911,0.010462126303045114,0.0,0.0018866038354095047,49.34189949171271,1.0,-0.15217391304347827,-0.09564603019096249,0.028519158898295836,0.45359468898327454,-0.08165553551406425,-0.1726741354115928,0.0,-0.07065519975576928,0.31060642386435855,0.33555747927429075,Banks—Regional,Financial Services,FBIZ
2016Q4,2016,Q4,2017-03-10,2016-12-31,4106000.0,20513000.0,0.0,0.46,20513000.0,1.0,1780699000.0,161650000.0,1567528000.0,0.0,1619049000.0,0.0,91317000.0,203702948.07999998,195865948.07999998,18.823183641378353,0.0,0.03913070092137975,0.43105474791215587,0.0,18.823183641378353,0.025400556758428703,9.930431827621508,12.402761086215294,1.2601481477265697,0.2542620555284949,0.0,0.005125109920304106,0.011519633582093325,0.0,0.0023058360789779742,21.920041760464866,1.0,0.5862068965517243,0.014408472537981542,0.11718312077785759,0.4832975911830164,0.31316817105178923,0.6165354330708661,0.0,0.006566980729036917,0.4351263411180973,0.3635355755058588,Banks—Regional,Financial Services,FBIZ
2016Q3,2016,Q3,2016-10-28,2016-09-30,2540000.0,15621000.0,0.0,0.29,15621000.0,1.0,1772438000.0,159931000.0,1554493000.0,0.0,1612507000.0,0.0,88255000.0,201696646.0,172879646.0,18.63381754002989,0.0,0.022537882848370435,0.24977646610100607,0.0,18.63381754002989,0.015881849047401694,12.911890788041738,19.852032086614173,1.2611479075351246,0.41181102362204725,0.0,0.005186005919007696,0.008813284301058768,0.0,0.0014330543578957345,184.02978649635037,1.0,-0.32558139534883723,-0.3177319750354285,-0.15592951787791004,0.5159128091034253,-0.27559821925431277,-0.31646932185145316,0.0,-0.35665332437489583,0.11356972914572698,0.3779059920505434,Banks—Regional,Financial Services,FBIZ
2016Q2,2016,Q2,2016-07-29,2016-06-30,3716000.0,21564000.0,0.0,0.43,21564000.0,1.0,1819069000.0,158394000.0,1628318000.0,0.0,1660675000.0,0.0,86760000.0,201060871.45999998,113016871.45999998,18.489461191555506,0.0,0.023950163517711533,0.275054610654444,0.0,18.489461191555506,0.0234604846143162,9.323913534594693,13.526700178955867,1.2693717657234491,0.28094725511302476,0.0,0.005192457350945574,0.011854415637889491,0.0,0.002042803214171645,36.64313312556953,1.0,-0.17307692307692313,-0.13724272123932046,0.17442052716295256,0.5441936299035627,0.07107733571747876,-0.18275786232680888,0.0,0.0844292995287109,0.594229697399302,0.4027655009091469,Banks—Regional,Financial Services,FBIZ
2016Q1,2016,Q1,2016-04-29,2016-03-31,4547000.0,20133000.0,0.0,0.52,20133000.0,1.0,1790132000.0,155199000.0,1596350000.0,0.0,1634933000.0,0.0,84089000.0,196396596.5,136546596.5,18.120034325543926,0.0,0.02514004553854129,0.289976095206799,0.0,18.120034325543926,0.029297869187301463,9.7549593453534,10.798141439410601,1.2654501414313235,0.229162084891137,0.0,0.005305590924535192,0.011246656671128162,0.0,0.0025400361537584936,20.24289801071944,1.0,0.10638297872340435,0.9660351364401768,0.1562828173268219,0.6074137437148297,0.014410238323172267,0.11364192995346559,0.0,0.2792249721146524,0.5083173215083922,0.386647658357187,Banks—Regional,Financial Services,FBIZ
2015Q4,2015,Q4,2016-03-11,2015-12-31,4083000.0,19847000.0,0.0,0.47,19847000.0,1.0,1782892000.0,150832000.0,1577007000.0,0.0,1632060000.0,0.0,80584000.0,214055838.10000002,146032838.10000002,17.623010675549523,0.0,0.025543330723341626,0.3019319507796754,0.0,17.623010675549523,0.02706985255118277,10.785299445760065,13.10652939627725,1.4191672728598705,0.23438648052902278,0.0,0.00447079607122381,0.01113191376707058,0.0,0.0022900994563888333,19.76325714153818,1.0,-0.06000000000000005,2.9716247373635643,0.15332260257860894,0.5855633059875509,0.06065626336041043,-0.06802099977174161,0.0,0.10942388883750803,0.12462686761301164,0.04127916567499757,Banks—Regional,Financial Services,FBIZ
2015Q3,2015,Q3,2015-10-30,2015-09-30,4381000.0,18712000.0,0.0,0.5,18712000.0,1.0,1744153000.0,147967000.0,1545927000.0,0.0,1596186000.0,0.0,77458000.0,201015161.76,125013161.75999999,17.313041511540955,0.0,0.026757400296877624,0.31540140707049547,0.0,17.313041511540955,0.029607953124683208,10.74258025651988,11.470849221638897,1.358513464218373,0.21707372745948414,0.0,0.004730986417509326,0.010728416601066534,0.0,0.002511820923967106,163.96016456769982,1.0,0.12359550561797751,1.633670106700447,0.10875198641670633,0.5527363350602816,0.021732008299661463,0.13556246759979265,0.0,-0.007047491209333063,-0.0858200143715096,0.24641285092202117,Banks—Regional,Financial Services,FBIZ
2015Q2,2015,Q2,2015-08-07,2015-06-30,3858000.0,18314000.0,0.0,0.445,18314000.0,1.0,1683564000.0,144287000.0,1481663000.0,0.0,1539277000.0,0.0,74028000.0,199761633.76000002,168629633.76000002,16.93061483499553,0.0,0.03428203501619184,0.4000083167575734,0.0,16.93061483499553,0.02673837559863328,10.907591665392596,12.944636713322966,1.384474233714749,0.24727838258164853,0.0,0.004775691818510886,0.010878113335756764,0.0,0.0022915671753494372,25.839042007502265,1.0,-0.08247422680412367,2.470068798815854,0.13503928087817615,0.5437205740233813,-0.024709766748322506,-0.07967557251908397,0.0,0.5089905583341261,-0.02628166859715283,0.3033288035214065,Banks—Regional,Financial Services,FBIZ
2015Q1,2015,Q1,2015-05-01,2015-03-31,4192000.0,18778000.0,0.0,0.485,18778000.0,1.0,1680677000.0,141689000.0,1481233000.0,0.0,1538988000.0,0.0,71124000.0,184213166.76000002,87089166.76000002,16.629192331246365,0.0,0.02663391002554328,0.31592431310828645,0.0,16.629192331246365,0.02958592410137696,9.810052548727235,10.985995155057253,1.3001232753424756,0.2275763358778626,0.0,0.005178782911011501,0.011172878548346886,0.0,0.0024942329787341648,69.69851182746879,1.0,0.08988764044943816,1.7073756691705129,0.15056516784366797,0.4825465884051456,0.13393719806763285,0.11965811965811966,0.0,0.12649419300984935,0.03488408701174994,0.26661810067763875,Banks—Regional,Financial Services,FBIZ
2014Q4,2014,Q4,2015-03-06,2014-12-31,3744000.0,16560000.0,0.0,0.445,16560000.0,1.0,1629387000.0,137748000.0,1416231000.0,0.0,1491639000.0,0.0,67886000.0,197875869.77999997,138947869.77999997,16.675875353921086,0.0,0.027193662401872605,0.3216671022446787,0.0,16.675875353921086,0.027180067950169876,11.949025952898548,13.212865236378203,1.4365062997647877,0.24332264957264957,0.0,0.004603896377121967,0.01016333136326729,0.0,0.0022977966560430393,-87.16998668722465,1.0,0.0,6.904952373665679,0.10779018645235036,0.5097834077668448,0.23637449604300434,0.0537573881227132,0.0,-0.0383528897295509,-0.06234842844345267,0.31408619363223206,Banks—Regional,Financial Services,FBIZ
2014Q3,2014,Q3,2014-11-03,2014-09-30,3553000.0,13394000.0,0.0,0.445,13394000.0,1.0,1427567000.0,118192000.0,0.0,0.0,1309375000.0,0.0,65053000.0,169797956.5,28550956.5,15.278831697836129,0.0,0.023292076659099013,0.2813303776905374,0.0,15.278831697836129,0.030061256260999054,12.67716563386591,11.947506086405854,1.436628168573169,0.23304249929636928,0.0,0.004876383774383057,0.00938239676316418,0.0,0.0024888499103719827,37.88441688978135,1.0,0.011363636363636374,0.6717390869102513,-0.07539494679926904,0.36666603296460726,0.01801322489929315,0.013694721825962911,0.0,0.05888644423119034,-0.19700460526947305,0.24297539294506096,Banks—Regional,Financial Services,FBIZ
2014Q2,2014,Q2,2014-08-01,2014-06-30,3505000.0,13157000.0,0.0,0.44,13157000.0,1.0,1306503000.0,115648000.0,0.0,0.0,1190855000.0,0.0,62328000.0,185213640.06,117487640.06,14.682842576383843,0.0,0.013969351773398147,0.1578150940785833,0.0,14.682842576383843,0.030307484781405644,14.077193893744775,13.210673328102711,1.6015291233743774,0.23651925820256775,0.0,0.00447591224777746,0.010070394021291952,0.0,0.002682733985302751,51.0371011463213,1.0,0.047619047619047665,7.381948641498368,-0.014380917044138467,0.3438215859106126,0.0026672763298277702,0.05034462091699131,0.0,-0.11490999617613407,-0.2206407901203253,0.22627434842092703,Banks—Regional,Financial Services,FBIZ
2014Q1,2014,Q1,2014-05-02,2014-03-31,3337000.0,13122000.0,0.0,0.42,13122000.0,1.0,1273772000.0,112195000.0,0.0,0.0,1161577000.0,0.0,59652000.0,185223136.35,127078136.35,14.289143905860657,0.0,0.01432830993301784,0.16267213333927538,0.0,14.289143905860657,0.02974285841615045,14.115465352080475,13.876471108031165,1.6509036619278934,0.2481270602337429,0.0,0.0044702838766070814,0.01030168664407759,0.0,0.002619778107856037,65.15059315863525,1.0,-0.11578947368421051,11.772009959187784,0.015551616232126706,0.30914282008751937,-0.004022770398481973,-0.1125,0.0,0.5739289996044133,-0.1779121652783113,0.26757852041265123,Banks—Regional,Financial Services,FBIZ
2013Q4,2013,Q4,2014-03-07,2013-12-31,3760000.0,13175000.0,0.0,0.475,13175000.0,1.0,1268655000.0,109275000.0,0.0,0.0,1159380000.0,0.0,57143000.0,148935570.035,89900570.035,13.804688326078423,0.0,0.017539047258710996,0.2036238846945779,0.0,13.804688326078423,0.034408602150537634,11.304407592789374,9.902630986369681,1.3629427594143217,0.2936170212765957,0.0,0.007412601299612704,0.010385014050313127,0.0,0.002963768715687086,33.11150956758559,1.0,0.04395604395604387,19.293234547689124,-0.04226964927484871,0.26842287119972325,0.02745067456913359,0.04183984483236353,0.0,2.9545388654038307,-0.1721994061280771,0.24202428650813576,Banks—Regional,Financial Services,FBIZ
2013Q3,2013,Q3,2013-10-25,2013-09-30,3609000.0,12823000.0,0.0,0.455,12823000.0,1.0,1264939000.0,106099000.0,0.0,0.0,1158840000.0,0.0,53936000.0,128041040.64,54178040.64,13.523286528640321,0.0,0.017590571561158286,0.20971922449787464,0.0,13.523286528640321,0.03401540071065703,9.985264028698433,8.86956502078138,1.2068072332444226,0.1518426156830147,0.0,0.004279877742799326,0.01013724772498911,0.0,0.00285310200729047,23.649989035833027,1.0,0.13749999999999998,0.9115810662644303,0.013132714255918988,0.2729950356638731,0.036872321500768176,0.15193105649537184,0.0,1.3634012494994785,-0.17231267998474512,0.2128486117504899,Banks—Regional,Financial Services,FBIZ
2013Q2,2013,Q2,2013-07-26,2013-06-30,3133000.0,12367000.0,0.0,0.4,12367000.0,1.0,1276069000.0,103238000.0,0.0,0.0,1172831000.0,0.0,50879000.0,116704250.0,32377250.0,13.18072135333546,0.0,0.017437144856586907,0.2155311028884713,0.0,13.18072135333546,0.030347352718960073,9.436746987951807,9.3125,1.1304388887812629,0.1752314075965528,0.0,0.0047041988616524245,0.009691482200413928,0.0,0.0024551963882830786,31.76490201415351,1.0,-0.03614457831325291,0.817298127340824,-0.03254437354402286,0.2607000122325128,0.015186340502380562,-0.034217016029593095,0.0,2.2989424262295084,-0.16603828661425385,0.2018081405735686,Banks—Regional,Financial Services,FBIZ
2013Q1,2013,Q1,2013-04-26,2013-03-31,3244000.0,12182000.0,0.0,0.415,12182000.0,1.0,1220287000.0,102147000.0,0.0,0.0,1118140000.0,0.0,48294000.0,105484711.7315,67523711.7315,13.067511574650048,0.0,0.030526425340923896,0.36468031366559955,0.0,13.067511574650048,0.031758152466543316,8.659063514324414,8.129216378814736,1.032675572767678,0.08446362515413071,0.0,0.0025975328130718846,0.009982897465924,0.0,0.0026583910178507187,59.09507660028011,1.0,-0.03488372093023259,1.5937501559128486,0.04908654705159745,0.23786783168323436,0.004535334377834584,0.28272044286279163,0.0,1.2837068224816257,-0.18639663028863568,0.16501116338283106,Banks—Regional,Financial Services,FBIZ
2012Q4,2012,Q4,2013-03-08,2012-12-31,2529000.0,12127000.0,0.0,0.43,12127000.0,1.0,1226108000.0,99539000.0,0.0,0.0,1126569000.0,0.0,45599000.0,67489007.625,4623007.625,16.924386136282294,0.0,0.01853017841821438,0.22825224283949005,0.0,16.924386136282294,0.02540712685480063,5.565185752865506,6.671511232206406,0.6780157287595816,0.07354685646500593,0.0,0.0027560043708673514,0.009890645848489693,0.0,0.0020626241734007116,17.93489439941536,1.0,-0.13131313131313133,1.3130929271284784,0.35459680139776606,0.7138649450386526,-0.0030417625780993092,-0.03546910755148741,0.0,6.60203350687088,0.13937548884009912,0.5322828237133599,Banks—Regional,Financial Services,FBIZ
2012Q3,2012,Q3,2012-10-26,2012-09-30,2622000.0,12164000.0,0.0,0.495,12164000.0,1.0,1192135000.0,70549000.0,0.0,0.0,1121586000.0,0.0,43343000.0,61303698.980000004,23258698.980000004,13.890294454789847,0.0,0.04177127590415515,0.7058498348665466,0.0,13.890294454789847,0.03716565791152249,5.039764796119698,5.845127667810831,0.8689520614041305,0.07017543859649122,0.0,0.0030014502071078774,0.010203542384042075,0.0,0.0021994153346726673,17.702483101357206,1.0,0.65,1.8680109277582795,0.6911082233862567,0.40913963408951276,0.05654477547120646,0.6753993610223642,0.0,0.8789901411604625,0.2789127123083463,0.24246369059268155,Banks—Regional,Financial Services,FBIZ
2012Q2,2012,Q2,2012-07-27,2012-06-30,1565000.0,11513000.0,0.0,0.3,11513000.0,1.0,1160026000.0,67766000.0,0.0,0.0,1092260000.0,0.0,40908000.0,59209170.449999996,97966170.44999999,12.990286709885833,0.0,0.04543949876985516,0.7778384440574919,0.0,12.990286709885833,0.023094177020924946,5.142809906192999,9.458333937699681,0.8737297531210342,0.11757188498402556,0.0,0.00310762671730693,0.00992477754808944,0.0,0.0013491076924137908,11.666831615763545,1.0,-0.2857142857142857,0.7142854550710048,0.594266813701646,0.36670763317610144,0.06839272457312547,-0.2918552036199095,0.0,4.650751177391176,0.30219373797137683,0.18891335905146184,Banks—Regional,Financial Services,FBIZ
2012Q1,2012,Q1,2012-04-27,2012-03-31,2210000.0,10776000.0,0.0,0.42,10776000.0,1.0,1162045000.0,66434000.0,0.0,0.0,1095611000.0,0.0,39527000.0,48071596.0,-35466404.0,13.12881311450529,0.0,0.0445877741395557,0.7799169100159556,0.0,13.12881311450529,0.033266098684408586,4.4609870081662955,5.4379633484162895,0.7235993015624529,0.0832579185520362,0.0,0.0038276241130001175,0.00927330697176099,0.0,0.0019018196369331652,15.32895280612245,1.0,-0.10890123270440254,2.6395368486765967,0.6653802414730067,0.40517739124412006,-0.003974489324336815,-0.07337526205450734,0.0,12.069682644135602,0.2940823323362814,0.20283563090690526,Banks—Regional,Financial Services,FBIZ
2011Q4,2011,Q4,2012-03-09,2011-12-31,2385000.0,10819000.0,0.0,0.47132822467554436,10819000.0,1.0,1177165000.0,64214000.0,0.0,0.0,1112951000.0,0.0,37501000.0,41746386.0,75646386.0,12.690092502857613,0.0,0.0429905748132165,0.7880991684056436,0.0,12.690092502857613,0.03714143333229514,3.8586178020149737,4.37593144654088,0.6501134643535678,0.07714884696016772,0.0,0.004407567160424378,0.009190725174465772,0.0,0.002026054121554752,9.028197664359862,1.0,0.13573066186878166,1.4681494011755378,0.7860225618771133,0.372450033808869,-0.0012001477104874446,0.0945387792565397,0.0,19.136365557740167,0.23029432547901782,0.16600992272002515,Banks—Regional,Financial Services,FBIZ
2011Q3,2011,Q3,2011-10-28,2011-09-30,2179000.0,10832000.0,0.0,0.415,10832000.0,1.0,1135599000.0,61750000.0,0.0,0.0,1073849000.0,0.0,35301000.0,40012448.31,9361448.310000002,12.292143339728566,0.0,0.04386231407389404,0.8066396761133603,0.0,12.292143339728566,0.03528744939271255,3.6939114023264406,4.590689342588343,0.6479748714170039,0.0830656264341441,0.0,0.004523592223042349,0.009538578318579006,0.0,0.0019188111296329074,6.67875952428643,1.0,-0.15306122448979595,1.4786191340740593,0.8651216499626162,0.3666264672842941,0.01110799962662186,-0.13290887385594907,0.0,0.8025310862735714,0.33661103675398063,0.15710315062861388,Banks—Regional,Financial Services,FBIZ
2011Q2,2011,Q2,2011-06-30,2011-06-30,2513000.0,10713000.0,0.0,0.49,10713000.0,1.0,1096377000.0,59847000.0,0.0,0.0,1036530000.0,0.0,33306000.0,36862256.0,74123256.0,11.973538054751723,0.0,0.045434189152089105,0.8323391314518689,0.0,11.973538054751723,0.04199040887596705,3.4408901334826845,3.6671563867886987,0.6159415843734857,0.07242339832869081,0.0,0.004937299551063831,0.009771273932233164,0.0,0.002292094781265933,12.781642163661582,1.0,0.8846153846153845,1.2853350546122975,0.8307403522460914,0.36508882583840363,0.05484442693974006,0.8628613787991104,0.0,1.2842245249995852,0.31328298078884115,0.14523622550233675,Banks—Regional,Financial Services,FBIZ
2011Q1,2011,Q1,2011-03-31,2011-03-31,1349000.0,10156000.0,0.0,0.26,10156000.0,1.0,1112865000.0,56317000.0,0.0,0.0,1056548000.0,0.0,30975000.0,29225640.599999998,70280640.6,11.272787977827935,0.0,0.04476374043572221,0.884564163574054,0.0,11.272787977827935,0.023953690715059397,2.8776723710122094,5.416167642698294,0.5189488182964291,0.13491475166790215,0.0,0.006227408407944358,0.009125994617496282,0.0,0.0012121865635095002,7.9699047177529305,1.0,1.1645895652173914,0.5429993405392494,0.8933753693065316,0.2995704874433067,0.014585414585414586,1.2558528428093645,0.0,0.6876554794833138,0.36848475733433167,0.0678560743124803,Banks—Regional,Financial Services,FBIZ
2010Q4,2010,Q4,2010-12-31,2010-12-31,598000.0,10010000.0,0.0,0.12011514985469682,10010000.0,1.0,1107057000.0,55335000.0,911303000.0,0.0,1051722000.0,0.0,29808000.0,33406110.76,75775110.76,11.114668590651586,0.0,0.04680788794072934,0.9364597451883979,0.0,11.114668590651586,0.0108069034065239,3.3372738021978026,13.965765367892978,0.6037067093159845,0.2959866220735786,0.0,0.0052984318130183915,0.009041991514438732,0.0,0.0005401709216417944,-129.98486677042803,1.0,-0.3678150007647536,-0.4697055828274399,0.7714402083944168,0.2806062269188778,0.018207710304139965,-0.3828689370485036,0.0,-0.3538663090912006,0.32089317787452315,0.12553806795998443,Banks—Regional,Financial Services,FBIZ
2010Q3,2010,Q3,2010-09-30,2010-09-30,969000.0,9831000.0,0.0,0.19,9831000.0,1.0,1122814000.0,55511000.0,915558000.0,0.0,1067303000.0,0.0,29391000.0,23025821.5,63750821.5,11.150020206662333,0.0,0.04615368173179173,0.933544702851687,0.0,11.150020206662333,0.017455999711768838,2.342164734004679,5.940614422084623,0.414797454558556,0.18369453044375644,0.0,0.007730451658369713,0.008755679925615463,0.0,0.0008630102581549571,3.3536005680163123,1.0,1.6333333333333333,0.024393496776573622,0.922840580641455,0.2972979623368583,0.04852815699658703,1.6354098360655738,0.0,0.08130423727383702,0.39434004203933826,0.13114487567171926,Banks—Regional,Financial Services,FBIZ
2010Q2,2010,Q2,2010-06-30,2010-06-30,-1525000.0,9376000.0,0.0,-0.3,9376000.0,1.0,1073939000.0,54313000.0,878492000.0,0.0,1019626000.0,0.0,28600000.0,24018257.299999997,83221257.3,10.96740894685977,0.0,0.06315535612357871,1.2487802183639276,0.0,10.96740894685977,-0.02807799237751551,2.561674200085324,-3.9374192295081962,0.44221930845285656,-0.1160655737704918,0.0,0.0073693939484943405,0.008730477243120885,0.0,-0.00142000616422348,38.003571677215184,1.0,-2.7142857142857144,-2.368634872246713,0.6971092583623065,0.29578255618893257,-0.010552975939214858,-2.696329254727475,0.0,-2.7596731309958944,0.36767673841863824,0.15388073093337065,Banks—Regional,Financial Services,FBIZ
2010Q1,2010,Q1,2010-03-31,2010-03-31,899000.0,9476000.0,0.0,0.175,9476000.0,1.0,1101782000.0,55490000.0,886958000.0,0.0,1046292000.0,0.0,30302000.0,23998450.014,83795450.014,11.216640651499036,0.0,0.061562087599906334,1.2223463687150837,0.0,11.216640651499036,0.016201117318435754,2.532550655761925,6.673651283092324,0.4324824295188322,0.19911012235817574,0.0,0.0074588150441206235,0.008600612462356437,0.0,0.0008159508868360529,5.402622695632598,1.0,3.279897222222222,0.03841209379876175,0.7840020041958131,0.29309760705298954,0.06328545780969479,3.378306878306878,0.0,0.5143510270725332,0.4979381949779101,0.20051749626798393,Banks—Regional,Financial Services,FBIZ
2009Q4,2009,Q4,2009-12-31,2009-12-31,-378000.0,8912000.0,0.0,-0.0767578460530019,8912000.0,1.0,1117436000.0,54393000.0,887050000.0,0.0,1063043000.0,0.0,29582000.0,23687220.18,82951220.18,11.045210371325219,0.0,0.06070146299206398,1.2470354641222217,0.0,11.045210371325219,-0.006949423639071204,2.657901725763016,-15.666150912698413,0.43548287794385304,-0.46825396825396826,0.0,0.007472383785643522,0.007975400828324843,0.0,-0.00033827440676691996,-4.179114357798165,1.0,-1.289652249256611,-1.4827664528070383,-0.4727642194217001,0.3829296585623423,-0.033615267837779225,-1.2793791574279378,0.0,-1.401948837037407,0.5117184485471689,0.19455388872364746,Banks—Regional,Financial Services,FBIZ
2009Q3,2009,Q3,2009-09-30,2009-09-30,1353000.0,9222000.0,0.0,0.265,9222000.0,1.0,1073653000.0,55055000.0,949169000.0,0.0,1018598000.0,0.0,30137000.0,25657051.38,35803051.379999995,11.179638133460369,0.0,0.06317963066279329,1.232095177549723,0.0,11.179638133460369,0.024575424575424575,2.782156948601171,4.74077076496674,0.46602581745527205,0.13155949741315595,0.0,0.006937663933539661,0.008589367328177725,0.0,0.0012601836906337522,6.339770541141586,1.0,4.3,0.8316290248626381,6.259737494727758,0.0,0.11108433734939759,4.203846153846154,0.0,0.5699675996293644,0.6198095504103165,0.24293940817200876,Banks—Regional,Financial Services,FBIZ
2009Q2,2009,Q2,2009-06-30,2009-06-30,260000.0,8300000.0,0.0,0.05,8300000.0,1.0,1055504000.0,53509000.0,888278000.0,0.0,1001995000.0,0.0,28962000.0,26763842.87,85130842.87,10.926184495268634,0.0,0.06426882323515591,1.2677493505765385,0.0,10.926184495268634,0.00485899568296922,3.224559381927711,25.734464298076926,0.5001746037115252,0.6846153846153846,0.0,0.006650763900557902,0.00786354196668132,0.0,0.0002463278206430293,33.4548035875,1.0,2.25,-0.7918028220833292,8.279249664868894,0.0,0.031055900621118012,2.3471502590673574,0.0,-0.7586805528476696,0.44762249341031374,0.24568129280892867,Banks—Regional,Financial Services,FBIZ
2009Q1,2009,Q1,2009-03-31,2009-03-31,-193000.0,8050000.0,0.0,-0.04,8050000.0,1.0,1026045000.0,53393000.0,898896000.0,0.0,972652000.0,0.0,28881000.0,27149268.0,78329268.0,10.914885440005234,0.0,0.06611600855712955,1.2705410821643286,0.0,10.914885440005234,-0.0036147060476092374,3.3725798757763976,-35.16744559585492,0.5084799130972224,-0.9222797927461139,0.0,0.006556346196884571,0.007845659790749918,0.0,-0.00018810091175338312,16.65599263803681,1.0,-2.7089038596491233,-1.2023287187185963,8.613234977458692,0.0,-0.04891304347826087,-2.692982456140351,0.0,-1.2254520203422024,0.5326851267723325,0.2583101021286648,Banks—Regional,Financial Services,FBIZ
2008Q4,2008,Q4,2008-12-31,2008-12-31,114000.0,8464000.0,0.0,0.02340681705067535,8464000.0,1.0,1010786000.0,53006000.0,892903000.0,0.0,957780000.0,0.0,29252000.0,31657444.0,117282444.0,10.883348636737697,0.0,0.10372225179216966,1.9779081613402256,0.0,10.883348636737697,0.002150699920763687,3.7402462192816635,69.42421929824562,0.5972426517752707,1.5614035087719298,0.0,0.005622690195708788,0.008373681471646818,0.0,0.00011278351698579126,33.07987878787879,1.0,-0.902471595622186,-0.8527834401286472,-0.49369538906112004,0.3626635535428711,0.07725595010818379,-0.9027303754266212,0.0,-0.8966616249426652,0.5311191249261424,0.2539540806154001,Banks—Regional,Financial Services,FBIZ
2008Q3,2008,Q3,2008-09-30,2008-09-30,1172000.0,7857000.0,0.0,0.24,7857000.0,1.0,998387000.0,51739000.0,884463000.0,0.0,946648000.0,0.0,29316000.0,38963008.0,115613008.0,10.623204450744666,0.0,0.10030579324450338,1.9355611820870136,0.0,10.623204450744666,0.022652157946616673,4.959018454880998,8.311221843003413,0.7530684396683353,0.15017064846416384,0.0,0.004517105044867173,0.00786969381612541,0.0,0.001173893490199692,12.134228589224541,1.0,0.09090909090909087,0.6042567007831292,5.254017360958201,0.0,-0.007829271372648062,0.09737827715355805,0.0,0.2665185447730251,0.5708808378343256,0.23600327461328127,Banks—Regional,Financial Services,FBIZ
2008Q2,2008,Q2,2008-06-30,2008-06-30,1068000.0,7919000.0,0.0,0.22,7919000.0,1.0,981943000.0,50730000.0,873569000.0,0.0,931213000.0,0.0,28321000.0,38696183.35,102153183.35,10.455081482861539,0.0,0.08583084761539111,1.661364084368224,0.0,10.455081482861539,0.021052631578947368,4.8864987182725095,9.058095353464418,0.7627869771338458,0.1647940074906367,0.0,0.00454825217278179,0.008064622895626325,0.0,0.001087639506570137,47.36374951040392,1.0,0.375,-0.136835425649206,7.935646412903591,0.0,0.10770737166037209,0.38701298701298703,0.0,-0.02174669371403222,0.4629344294490437,0.23525185161485893,Banks—Regional,Financial Services,FBIZ
2008Q1,2008,Q1,2008-03-31,2008-03-31,770000.0,7149000.0,0.0,0.16,7149000.0,1.0,958459000.0,50803000.0,853877000.0,0.0,907656000.0,0.0,27430000.0,42109375.0,91584375.0,10.556467532467533,0.0,0.06803525242081299,1.2835659311457985,0.0,10.556467532467533,0.015156585241029074,5.890246887676598,13.671875,0.8288757553687774,0.21168831168831168,0.0,0.0038708719851576995,0.007458848004974652,0.0,0.0008033729142300297,18.404447115384617,1.0,-0.1393143107221006,-0.17948722646310428,7.6778746714850366,0.0,-0.044762159273115984,-0.1575492341356674,0.0,-0.08571425904317378,0.3835560528965139,0.21699030300502956,Banks—Regional,Financial Services,FBIZ
2007Q4,2007,Q4,2007-12-31,2007-12-31,914000.0,7484000.0,0.0,0.1858982924814717,7484000.0,1.0,918438000.0,48552000.0,816524000.0,0.0,869886000.0,0.0,26836000.0,43020836.25,107585836.25,9.874982381357126,0.0,0.08926677685374516,1.6886225078266601,0.0,9.874982381357126,0.0188251771296754,5.7483746993586315,11.76718715809628,0.8860775302768167,0.18490153172866522,0.0,0.0039283290314934315,0.008148617544134715,0.0,0.0009951678828619896,28.15499754581152,1.0,0.03276829156373164,0.16920241850188775,-0.556532597293506,0.23640976983228285,0.07482407008473359,0.0327683615819209,0.0,0.16920241850188775,-0.556532597293506,0.23640976983228285,Banks—Regional,Financial Services,FBIZ
2007Q3,2007,Q3,2007-09-30,2007-09-30,885000.0,6963000.0,0.0,0.18,6963000.0,1.0,887667000.0,48465000.0,790555000.0,0.0,839202000.0,0.0,26088000.0,46192086.464999996,109045086.465,9.857287467302545,0.0,0.08633755676396666,1.5813267306303518,0.0,9.857287467302545,0.018260600433302382,6.633934577768203,13.04861199576271,0.953101959455277,0.18418079096045198,0.0,0.003528742961708517,0.007844157775381985,0.0,0.0009969954949322212,13.055988260316562,1.0,0.0285714285714286,0.19999991864407338,4.4902285031986615,0.0,0.024724061810154525,0.030267753201396973,0.0,0.19999991864407338,4.4902285031986615,0.0,Banks—Regional,Financial Services,FBIZ
2007Q2,2007,Q2,2007-06-30,2007-06-30,859000.0,6795000.0,0.0,0.175,6795000.0,1.0,839300000.0,46655000.0,745151000.0,0.0,792645000.0,0.0,25369000.0,50204864.188,81459864.188,9.504802925332037,0.0,0.05447515786965328,0.97998070946308,0.0,9.504802925332037,0.018411745793591255,7.3885009842531275,14.611427295692664,1.0760875401993355,0.17462165308498254,0.0,0.002987758306412332,0.008096032407959013,0.0,0.0010234719409031336,117.8517938685446,1.0,0.4583333333333333,-0.31372546808814955,6.5792713633732935,0.0,0.06454645151182829,0.4340567612687813,0.0,-0.31372546808814955,6.5792713633732935,0.0,Banks—Regional,Financial Services,FBIZ
2007Q1,2007,Q1,2007-03-31,2007-03-31,599000.0,6383000.0,0.0,0.12,6383000.0,1.0,800962000.0,46638000.0,701330000.0,0.0,754324000.0,0.0,24674000.0,56156253.75,88061253.75,9.343171329337475,0.0,0.06225388969763859,1.0691496204811528,0.0,9.343171329337475,0.012843603928127278,8.797783761554129,23.437501565108512,1.2040879486684677,0.2704507512520868,0.0,0.002884807820714002,0.0079691670765904,0.0,0.0007478507095218,40.313175699928216,1.0,-0.37161003174603174,-0.3846154609414544,6.4699562485040465,0.0,0.0774814314652262,-0.36613756613756615,0.0,-0.3846154609414544,6.4699562485040465,0.0,Banks—Regional,Financial Services,FBIZ
