Quarters,Year,Quarter,FillingDate,Date,NetIncome,Revenue,OperatingIncome,EPSDiluted,GrossProfit,GrossProfitRatio,TotalAssets,CommonStockEquity,CurrentAssets,CurrentLiability,TotalLiability,Inventory,RetainedEarnings,MarketCap,EnterpriseValue,bookValuePerShare,currentRatio,debtToAssets,debtToEquity,roic,shareholdersEquityPerShare,roe,priceToSalesRatio,peRatio,pbRatio,payoutRatio,inventoryTurnover,dividendYield,assetTurnover,quickRatio,returnOnAssets,priceToFreeCashFlowsRatio,grossProfitMargin,epsdilutedGrowth,fiveYNetIncomeGrowthPerShare,fiveYRevenueGrowthPerShare,fiveYShareholdersEquityGrowthPerShare,grossProfitGrowth,netIncomeGrowth,operatingIncomeGrowth,threeYNetIncomeGrowthPerShare,threeYRevenueGrowthPerShare,threeYShareholdersEquityGrowthPerShare,Industry,Sector,Symbol
2023Q1,2023,Q1,2023-05-09,2023-03-31,68700000.0,1510200000.0,94900000.0,5.0,366100000.0,0.2424182228,2026900000.0,817300000.0,1394900000.0,646500000.0,1209600000.0,470900000.0,532800000.0,1828444199.9999998,2040944199.9999998,60.40650406504065,2.1576179427687547,0.12112092357787754,0.30037929768750765,0.068771191589692,60.40650406504065,0.08405726171540438,1.2107298371076678,6.653727074235808,2.2371763122476445,0.12372634643377002,2.4296028880866425,0.004648760952070619,0.7450786915980068,1.2726991492652746,0.03389412403177266,26.888885294117642,0.24241822275195338,-0.03846153846153849,6.0647506244912845,-0.16272749435122744,0.7705160945974349,-0.06607142857142857,-0.040502793296089384,-0.06686332350049164,206.1352549889135,0.05649679873422117,0.8530165256094475,Conglomerates,Industrials,VRTV
2022Q4,2022,Q4,2023-02-28,2022-12-31,71600000.0,1663400000.0,101700000.0,5.2,392000000.0,0.2356618973,2089600000.0,756100000.0,1457800000.0,726600000.0,1333500000.0,423900000.0,472600000.0,1640650800.0,1878250800.0,56.090504451038576,2.006330856041839,0.13313552833078102,0.3679407485782304,0.05458581179089877,56.090504451038576,0.09469646872106864,0.9863236744018276,5.728529329608938,2.1698859939161483,0.11871508379888268,2.9992922859164897,0.005180870908056729,0.7960375191424196,1.2802091935039912,0.03426493108728943,18.290421404682274,0.23566189731874473,-0.24198250728862974,5.779812308508842,-0.1290493031962209,0.6020027649286985,-0.05723905723905724,-0.2595656670113754,-0.24047796863330845,24.151858963169836,0.08255328052279329,0.6841796375638216,Conglomerates,Industrials,VRTV
2022Q3,2022,Q3,2022-11-08,2022-09-30,96700000.0,1804100000.0,133900000.0,6.86,415800000.0,0.2304750291,2239600000.0,685100000.0,1584000000.0,799600000.0,1554500000.0,449200000.0,409500000.0,1354114500.0,1724014500.0,49.46570397111913,1.9809904952476238,0.18025540275049115,0.5892570427674793,0.08941370459121781,49.46570397111913,0.14114727776966865,0.7505761875727509,3.500813081695967,1.9765209458473214,0.0,3.0906055209260908,0.0,0.8055456331487766,1.2457478739369685,0.043177353098767635,15.029017758046615,0.23047502910038245,0.12091503267973859,8.66549695791573,-0.03388092100057024,0.4497135567417777,0.014641288433382138,0.06147091108671789,0.13091216216216217,21.041056133644794,0.08972971553397058,0.5181049064716318,Conglomerates,Industrials,VRTV
2022Q2,2022,Q2,2022-08-09,2022-06-30,91100000.0,1820700000.0,118400000.0,6.12,409800000.0,0.2250782666,2234900000.0,683900000.0,1551800000.0,772300000.0,1551000000.0,423800000.0,312800000.0,1585915500.0,1967315500.0,46.8104038329911,2.0093228020199403,0.18501946395811894,0.6046205585611931,0.07869910774154054,46.8104038329911,0.133206609153385,0.8710471247322459,4.352128155872667,2.3189289369790904,0.0,3.3291647003303444,0.0,0.8146673229227258,1.2954810306875566,0.04076245022148642,24.02902272727273,0.22507826660075794,0.1953125,11.757873201405028,-0.03566664976510371,0.35170744928813735,0.01763099081201887,0.16050955414012738,0.3577981651376147,9.87862598656515,0.023969861270994933,0.4520520487233984,Conglomerates,Industrials,VRTV
2022Q1,2022,Q1,2022-05-09,2022-03-31,78500000.0,1858100000.0,87200000.0,5.12,402700000.0,0.2167267639,2507200000.0,679800000.0,1805200000.0,921000000.0,1827400000.0,407700000.0,221700000.0,1973124300.0,2465824300.0,46.02572782667569,1.9600434310532031,0.20999521378430122,0.7744924977934686,0.0653682776492096,46.02572782667569,0.11547513974698441,1.061904257036758,6.283835350318472,2.9025070609002652,0.0,3.5697817022320333,0.0,0.7411056158264199,1.06199782844734,0.031309827696234846,-128.96237254901962,0.2167267638986061,0.3950953678474115,38.90438234751031,-0.010409045519721122,0.3223652620409112,-0.008372322088155627,0.37961335676625657,0.0845771144278607,4.172971835307423,0.03285536610724909,0.4011652054186604,Conglomerates,Industrials,VRTV
2021Q4,2021,Q4,2022-03-01,2021-12-31,56900000.0,1864800000.0,80400000.0,3.67,406100000.0,0.2177713428,2438400000.0,635800000.0,1677700000.0,873600000.0,1802600000.0,484500000.0,143200000.0,1788296300.0,2664196300.0,43.57779300891021,1.9204441391941391,0.3794291338582677,1.455174583202265,0.02888913095987989,43.57779300891021,0.08949355143126769,0.9589748498498498,7.857189367311072,2.812671122994652,0.0,3.0107327141382867,0.0,0.764763779527559,1.2954441391941391,0.02333497375328084,31.484089788732394,0.21777134277134277,0.44488188976377946,13.736169587780282,-0.042936033404775344,0.2764480897958751,0.1104730653541154,0.4225,0.4154929577464789,5.64665738058915,-0.09187506751697183,0.2717879197039713,Conglomerates,Industrials,VRTV
2021Q3,2021,Q3,2021-11-03,2021-09-30,40000000.0,1767800000.0,56800000.0,2.54,365700000.0,0.2068672927,2353000000.0,567000000.0,1612500000.0,843900000.0,1786000000.0,482700000.0,86300000.0,1330861600.0,1836561600.0,38.156123822341854,1.9107714184145042,0.23336166595835103,0.9684303350970017,0.03528804566198557,38.156123822341854,0.07054673721340388,0.752834936078742,8.317885,2.347198589065256,0.0,2.904702713900974,0.0,0.7512962175945601,1.186870482284631,0.016999575010624733,36.461961643835615,0.20686729268016743,0.5679012345679012,6.690828686791002,-0.10494753439702874,0.10078972440942957,0.07685512367491167,0.5151515151515151,0.4830287206266319,29.47490867140934,-0.13998904254225292,0.12683913281930023,Conglomerates,Industrials,VRTV
2021Q2,2021,Q2,2021-08-09,2021-06-30,26400000.0,1658600000.0,38300000.0,1.62,339600000.0,0.2047509948,2267900000.0,579600000.0,1526100000.0,770600000.0,1688300000.0,486100000.0,46300000.0,956923600.0,1457923600.0,37.201540436456995,1.9804048793148197,0.23620970942281405,0.9242581090407177,0.02389250358285946,37.201540436456995,0.045548654244306416,0.5769465814542385,9.061776515151514,1.6510069013112492,0.0,2.7134334499074266,0.0,0.7313373605538163,1.1906306773942383,0.011640724899686934,28.062275659824046,0.20475099481490414,0.26562500000000006,2.431858435839522,-0.17347052679418595,0.08518622968698616,0.057285180572851806,0.23943661971830985,0.11014492753623188,3.5321287572359337,-0.22359279018430117,0.11562362838598778,Conglomerates,Industrials,VRTV
2021Q1,2021,Q1,2021-05-05,2021-03-31,21300000.0,1559300000.0,34500000.0,1.28,321200000.0,0.2059898672,2328700000.0,577400000.0,1574000000.0,746600000.0,1751300000.0,493500000.0,19900000.0,675535200.0,1182135200.0,36.36020151133501,2.1082239485668364,0.26435350195387985,1.0661586421891236,0.018996225829800435,36.36020151133501,0.036889504676134395,0.43322978259475403,7.928816901408451,1.1699605126428818,0.0,2.5088145896656533,0.0,0.6696010649718728,1.2889097240825074,0.009146734229398377,97.90365217391304,0.20598986724812415,-0.3333333333333333,5.503320357224639,-0.2221590635579301,0.07933807825855327,-0.02931399214264128,-0.334375,-0.3850267379679144,2.3379141026049806,-0.2634379454667742,0.06571838537965384,Conglomerates,Industrials,VRTV
2020Q4,2020,Q4,2021-03-03,2020-12-31,32000000.0,1642300000.0,56100000.0,1.92,330900000.0,0.2014857212,2335000000.0,583100000.0,1555000000.0,749400000.0,1751900000.0,465400000.0,-1400000.0,330145200.0,826345200.0,36.7191435768262,2.0749933279957298,0.2641541755888651,1.0577945463899845,0.02619525327768982,36.7191435768262,0.054879094494940835,0.2010261219022103,2.579259375,0.5661896758703481,0.0,2.817791147400086,0.0,0.7033404710920771,1.3686949559647719,0.013704496788008565,70.24365957446808,0.201485721244596,0.47692307692307684,2.1922587724767437,-0.24809818355254254,0.10829333565217722,0.006386861313868613,0.5165876777251185,1.010752688172043,1.5721365525997828,-0.2700573148641787,0.04873668211055353,Conglomerates,Industrials,VRTV
2020Q3,2020,Q3,2020-11-05,2020-09-30,21100000.0,1591200000.0,27900000.0,1.3,328800000.0,0.2066365008,2359600000.0,542800000.0,1555600000.0,766300000.0,1816800000.0,484500000.0,-33400000.0,201167400.0,708867400.0,34.159848961611075,2.030014354691374,0.26284115951856246,1.1425939572586588,0.016934189406099517,34.159848961611075,0.03887251289609433,0.12642496229260936,2.3834999999999997,0.37061053795136334,0.0,2.6055727554179566,0.0,0.6743515850144092,1.2462482056635782,0.00894219359213426,4.097095723014257,0.2066365007541478,2.1206896551724137,0.46524597990495004,-0.2782164025118406,0.04804905730733884,0.10335570469798658,2.1405405405405404,0.4381443298969072,2.4578813257227354,-0.2572875594542411,0.0011380039150528883,Conglomerates,Industrials,VRTV
2020Q2,2020,Q2,2020-08-05,2020-06-30,-18500000.0,1404800000.0,19400000.0,-1.16,298000000.0,0.2121298405,2326200000.0,513000000.0,1493300000.0,689200000.0,1813200000.0,509400000.0,-54500000.0,269833600.0,823733600.0,32.2438717787555,2.166715031921068,0.28643280887283984,1.2988304093567251,0.01601753047079668,32.2438717787555,-0.036062378167641324,0.19207972665148063,-3.6464,0.5259914230019493,0.0,2.1727522575579115,0.0,0.6039033617057863,1.2739408009286128,-0.007952884532714298,1.9855305371596763,0.21212984054669703,-3.8292682926829267,-5.326663061114116,-0.3457385725982677,0.01137413930619083,-0.14293931550186942,-45.25,1.8115942028985508,-1.006133401482239,-0.3167441965794149,-0.06891891313875056,Conglomerates,Industrials,VRTV
2020Q1,2020,Q1,2020-05-06,2020-03-31,-400000.0,1707300000.0,6900000.0,0.41,347700000.0,0.2036548937,2472200000.0,526800000.0,1616900000.0,723200000.0,1945400000.0,505200000.0,-36000000.0,127017600.0,806817600.0,32.5990099009901,2.2357577433628317,0.30515330474880675,1.4320425208807896,0.005077828821194416,32.5990099009901,-0.0007593014426727411,0.07439676682481111,-79.386,0.24111161731207292,0.0,2.691211401425178,0.0,0.6905994660626162,1.373478982300885,-0.0001617992071838848,1.6734861660079052,0.20365489369179407,0.9523809523809523,0.81998199819982,-0.20931940707986327,0.03345385063570749,-0.021940928270042195,-1.1176470588235294,-0.7526881720430108,0.8234698469846985,-0.1689338131271264,-0.06339779280986152,Conglomerates,Industrials,VRTV
2019Q4,2019,Q4,2020-02-27,2019-12-31,3400000.0,1835200000.0,27900000.0,0.21,355500000.0,0.193711857,2511100000.0,536200000.0,1630600000.0,731500000.0,1974900000.0,552900000.0,-35300000.0,316687000.0,1124187000.0,33.30434782608695,2.229118250170882,0.33670502966827287,1.5768370011189854,0.013156142861897946,33.30434782608695,0.006340917568071615,0.17256266346992152,23.28580882352941,0.5906135770234988,0.0,2.6762524868873214,0.0,0.7308350921906734,1.3894736842105264,0.0013539882919835929,-226.205,0.19371185701830862,-0.32258064516129037,1.2413487133984027,-0.23363255641817604,0.03974549310710489,-0.048702167514048704,-0.3333333333333333,0.4607329842931937,-0.20204081632653048,-0.14646463284757147,-0.024473975636766374,Conglomerates,Industrials,VRTV
2019Q3,2019,Q3,2019-11-05,2019-09-30,5100000.0,1924500000.0,19100000.0,0.31,373700000.0,0.1941803066,2637700000.0,524600000.0,1770700000.0,883200000.0,2113100000.0,602600000.0,-38700000.0,291088000.0,967888000.0,32.58385093167702,2.00486865942029,0.27906888577169503,1.4031643156690812,0.00608398408832988,32.58385093167702,0.009721692718261532,0.1512538321641985,14.269019607843136,0.5548760960731985,0.0,2.573514769332891,0.0,0.7296129203472722,1.1665534420289856,0.0019335026727831065,3.593679012345679,0.19418030657313587,1.442857142857143,1.3620230700976044,-0.19987173833789418,-0.08214504417811211,-0.0005349023803155924,1.4513274336283186,0.10404624277456648,-0.09494232475598934,-0.10065523189554604,-0.059968238537987203,Conglomerates,Industrials,VRTV
2019Q2,2019,Q2,2019-08-06,2019-06-30,-11300000.0,1958200000.0,17300000.0,-0.7,373900000.0,0.1909406598,2696800000.0,518700000.0,1833400000.0,880400000.0,2178100000.0,638300000.0,-43800000.0,302652900.0,1070552900.0,32.23741454319453,2.08246251703771,0.3055473153366953,1.5885868517447466,0.012234848508555132,32.23741454319453,-0.0217852323115481,0.15455668471044837,-6.695860619469026,0.5834835164835164,0.0,2.4820617264609117,0.0,0.726119845743103,1.2159245797364835,-0.004190151290418273,2.3103274809160306,0.1909406597896027,0.5833333333333334,-4.874756220398192,0.4651969428922432,-0.3179071241852519,0.06798057697800629,0.5767790262172284,2.880434782608696,-2.4223788657157916,-0.055101544495442994,-0.059619630462875994,Conglomerates,Industrials,VRTV
2019Q1,2019,Q1,2019-05-09,2019-03-31,-26700000.0,1941500000.0,-9200000.0,-1.68,350100000.0,0.1803244914,2820800000.0,523600000.0,1947500000.0,867100000.0,2297200000.0,681400000.0,-32500000.0,436756000.0,1272856000.0,32.848180677540775,2.245992388421174,0.31696681792399317,1.7076012223071046,-0.003961820463276873,32.848180677540775,-0.050993124522536286,0.22495802214782384,-4.089475655430712,0.834140565317036,0.0,2.3354857646022893,0.0,0.6882799205899036,1.2945450351747203,-0.009465399886557006,12.031845730027548,0.18032449137265003,-3.947368421052632,-3.4851374472453513,-0.23979494006609225,-0.3754865928967085,-0.12233642516921535,-3.870967741935484,-1.3650793650793651,-9.121364206684158,-0.03514801954999331,-0.02491485929378034,Conglomerates,Industrials,VRTV
2018Q4,2018,Q4,2019-02-28,2018-12-31,9300000.0,2230800000.0,25200000.0,0.57,398900000.0,0.178814775,2529700000.0,543100000.0,2084300000.0,849700000.0,1986600000.0,688200000.0,-8500000.0,395774500.0,1302374500.0,34.26498422712934,2.4529834059079674,0.3838004506463217,1.787700239366599,0.009582383722213908,34.26498422712934,0.01712391824709998,0.177413708086785,10.639099462365591,0.728732277665255,0.0,2.6618715489683233,0.0,0.8818436968810531,1.5616099799929386,0.0036763252559592046,-94.23202380952381,0.1788147749686211,5.333333333333333,3.3939432176656155,-0.19024539753127828,0.11041410362738442,0.031549004396172746,5.642857142857143,0.6258064516129033,-0.07049380016866034,0.023270628402004084,0.0342194824260883,Conglomerates,Industrials,VRTV
2018Q3,2018,Q3,2018-11-06,2018-09-30,1400000.0,2192500000.0,15500000.0,0.09,386700000.0,0.1763740023,2634500000.0,536700000.0,2176900000.0,938000000.0,2097800000.0,737800000.0,-17800000.0,577891000.0,1511891000.0,33.861198738170344,2.3207889125799572,0.38143860315050293,1.8723681758896964,0.002825425180918354,33.861198738170344,0.002608533631451463,0.26357628278221207,103.19482142857143,1.0767486491522267,0.0,2.4475467606397396,0.0,0.8322262288859366,1.371641791044776,0.000531410134750427,-45.503228346456694,0.1763740022805017,1.1343283582089552,-0.8586750788643533,-0.21766211686179787,0.0,0.008607198748043818,1.1320754716981132,0.12318840579710146,-0.9025345371478298,-0.0029510715575878236,0.03888625083552351,Conglomerates,Industrials,VRTV
2018Q2,2018,Q2,2018-08-09,2018-06-30,-10600000.0,2171900000.0,13800000.0,-0.67,383400000.0,0.1765274644,2566700000.0,528200000.0,2105400000.0,907300000.0,2038500000.0,719800000.0,-19200000.0,631224000.0,1525524000.0,33.3459595959596,2.320511407472721,0.3755016168621187,1.8246876183263916,0.007247773469918619,33.3459595959596,-0.020068156001514577,0.29063216538514663,-14.887358490566038,1.1950473305566074,0.0,2.4847179772158934,0.0,0.8461838157946001,1.37584040559903,-0.004129816495889664,35.46202247191011,0.1765274644320641,0.32999999999999996,-1.3741765480895918,-0.20246804778845556,0.0,0.03203230148048452,0.3291139240506329,9.615384615384615,-3.4900164435048158,0.015995176139667323,0.0459426652330005,Conglomerates,Industrials,VRTV
2018Q1,2018,Q1,2018-05-08,2018-03-31,-15800000.0,2101000000.0,1300000.0,-1.0,371500000.0,0.1768205616,2700900000.0,537700000.0,2093100000.0,862000000.0,2163200000.0,711100000.0,-8600000.0,617792000.0,1531392000.0,34.118020304568525,2.4281902552204175,0.3644711022251842,1.8307606472010414,0.0006822175058207701,34.118020304568525,-0.029384415101357635,0.29404664445502143,-9.775189873417721,1.148952947740376,0.0,2.4321473773027704,0.0,0.7778888518641934,1.438631090487239,-0.005849901884557,-19.73776357827476,0.17682056163731558,-2.2987012987012987,-8.089678510998308,-0.21648846790009177,0.0,-0.08090054428500743,-2.2845528455284554,-0.9644808743169399,-6.291185971389018,-0.0022943431133973535,0.0816095202557884,Conglomerates,Industrials,VRTV
2017Q4,2017,Q4,2018-03-01,2017-12-31,12300000.0,2224400000.0,36600000.0,0.77,404200000.0,0.1817119223,2708400000.0,549700000.0,2114100000.0,907400000.0,2158700000.0,722700000.0,6400000.0,453730000.0,1292430000.0,35.01273885350319,2.3298435089266034,0.3393147245606262,1.6718209932690558,0.0073778132645274976,35.01273885350319,0.022375841368018918,0.20397860097104836,9.222154471544714,0.8254138621066035,0.0,2.5186107651861076,0.0,0.8212967065426082,1.4536037028873705,0.004541426672574214,9.492259414225941,0.1817119223161302,1.8461538461538463,4.196433121019108,-0.18485421005051797,0.13464634251225574,0.0631246712256707,1.8601398601398602,4.71875,1.8953594176524113,-0.047439087907082074,0.09308062762156291,Conglomerates,Industrials,VRTV
2017Q3,2017,Q3,2017-11-07,2017-09-30,-14300000.0,2116800000.0,6400000.0,-0.91,380200000.0,0.1796107332,2775100000.0,535700000.0,2152700000.0,912000000.0,2239400000.0,772600000.0,-5900000.0,510250000.0,1418650000.0,34.12101910828026,2.3604166666666666,0.35490612950884654,1.8385290274407318,0.0029184715780665635,34.12101910828026,-0.026694045174537988,0.24104780801209372,-8.920454545454545,0.9524920664551054,0.0,2.2477349210458195,0.0,0.7627833231234911,1.3655701754385965,-0.0051529674606320495,-27.58108108108108,0.17961073318216175,-0.5689655172413794,-2.4573248407643313,-0.237457244317931,0.0,0.03203040173724213,-0.5714285714285714,-0.7077625570776256,-0.04094631483166517,-0.09749888815491284,-0.038844532161119494,Conglomerates,Industrials,VRTV
2017Q2,2017,Q2,2017-08-02,2017-06-30,-9100000.0,2028900000.0,21900000.0,-0.58,368400000.0,0.1815762236,2483100000.0,543700000.0,1960800000.0,805900000.0,1939400000.0,715100000.0,8400000.0,706500000.0,1461300000.0,34.63057324840764,2.4330562104479463,0.3262454190326608,1.4899760897553798,0.007630089406316333,34.63057324840764,-0.016737171234136473,0.3482182463403815,-19.40934065934066,1.2994298326282876,0.0,2.3220528597398964,0.0,0.8170834843542346,1.3829259213301899,-0.003664773871370464,26.166666666666668,0.18157622356942185,-3.1428571428571423,-1.056383273331487,-0.24833481873080926,0.0,0.008486175745962223,-3.1363636363636362,0.5208333333333334,-4.197891500109818,0.5558079682535118,-0.2672716583251491,Conglomerates,Industrials,VRTV
2017Q1,2017,Q1,2017-05-04,2017-03-31,-2200000.0,1994600000.0,14400000.0,-0.14,365300000.0,0.1831444901,2477000000.0,546100000.0,1940700000.0,795400000.0,1930900000.0,725200000.0,17500000.0,812742000.0,1603542000.0,34.805608667941364,2.4399044505908978,0.34041178845377473,1.5440395531953854,0.005585173902005585,34.805608667941364,-0.004028566196667277,0.4074711721648451,-92.35704545454544,1.4882658853689799,0.0,2.2466905681191394,0.0,0.8052482842147759,1.3762886597938144,-0.0008881711748082358,-15.569770114942528,0.183144490123333,-1.5384615384615385,-0.2712980667091566,-0.25284892634023626,0.0,-0.03665611814345992,-1.5238095238095237,-0.41935483870967744,-1.2080305927342256,-0.20655916271285293,-0.338271745735318,Conglomerates,Industrials,VRTV
2016Q4,2016,Q4,2017-03-14,2016-12-31,4200000.0,2119400000.0,24800000.0,0.26,379200000.0,0.1789185619,2483700000.0,541800000.0,1948600000.0,867800000.0,1941900000.0,707900000.0,19700000.0,853012500.0,1550412500.0,34.139886578449904,2.2454482599677346,0.3088134637838708,1.4156515319306018,0.012401653553807174,34.139886578449904,0.007751937984496124,0.4024782957440785,50.77455357142858,1.574404761904762,0.0,2.458256815934454,0.0,0.8533236703305552,1.3644849043558425,0.0016910254861698273,12.344609261939219,0.17891856185712937,-0.23529411764705885,2.079773156899811,-0.23165183377367962,0.10636010516342813,-0.009404388714733543,-0.25,0.0782608695652174,2.079773156899811,-0.23165183377367962,0.10636010516342813,Conglomerates,Industrials,VRTV
2016Q3,2016,Q3,2016-11-09,2016-09-30,5600000.0,2126600000.0,23000000.0,0.34,382800000.0,0.1800056428,2507400000.0,554600000.0,1970500000.0,858500000.0,1952800000.0,703700000.0,15500000.0,802720000.0,1529820000.0,34.6625,2.295282469423413,0.31359176836563774,1.4177785791561486,0.006152129553913289,34.6625,0.01009736747205193,0.3774663782563717,35.83571428571429,1.4473855030652722,0.0,2.4780446212874803,0.0,0.8481295365717476,1.3404775771694817,0.002233389168062535,-10.717222963951937,0.18000564281011944,-0.3061224489795918,-0.44000000000000006,-0.2482908233989465,0.0,0.02654867256637168,-0.2911392405063291,-0.04564315352697095,-0.44000000000000006,-0.2482908233989465,0.0,Conglomerates,Industrials,VRTV
2016Q2,2016,Q2,2016-08-09,2016-06-30,7900000.0,2060800000.0,24100000.0,0.49,372900000.0,0.180949146,2386100000.0,548500000.0,1853200000.0,820000000.0,1837600000.0,692900000.0,9900000.0,601280000.0,1270180000.0,34.28125,2.26,0.2996521520472738,1.3035551504102096,0.00921443761391608,34.28125,0.014402917046490429,0.29177018633540375,19.02784810126582,1.096226071103008,0.0,2.4359936498773274,0.0,0.8636687481664641,1.2803658536585365,0.003310841959683165,15.260913705583757,0.18094914596273293,1.3333333333333335,2.7517391304347827,-0.2508318483142063,0.0,0.020804817957842867,1.393939393939394,0.5548387096774193,2.7517391304347827,-0.2508318483142063,0.0,Conglomerates,Industrials,VRTV
2016Q1,2016,Q1,2016-05-10,2016-03-31,3300000.0,2019800000.0,15500000.0,0.21,365300000.0,0.180859491,2427200000.0,539000000.0,1884500000.0,813200000.0,1888200000.0,728400000.0,2000000.0,596160000.0,1314960000.0,33.6875,2.3173880964092475,0.315795978905735,1.422077922077922,0.004501353046003563,33.6875,0.006122448979591836,0.29515793642934945,45.163636363636364,1.1060482374768088,0.0,2.2714168039538714,0.0,0.8321522742254449,1.2764387604525331,0.0013595912986156889,9.08780487804878,0.1808594910387167,-0.6666666666666667,2.87,-0.2580682800345722,0.0,-0.0784561049445005,-0.6732673267326733,-0.32608695652173914,2.87,-0.2580682800345722,0.0,Conglomerates,Industrials,VRTV
2015Q4,2015,Q4,2016-03-15,2015-12-31,10100000.0,2200700000.0,23000000.0,0.63,396400000.0,0.1801245058,2476900000.0,530100000.0,1925200000.0,814200000.0,1946800000.0,720600000.0,-1300000.0,579520000.0,1343120000.0,33.13125,2.364529599606976,0.3302515240825225,1.5431050745142425,0.011629141035499167,33.13125,0.01905300886625165,0.2633343936020357,14.344554455445545,1.0932276928881342,0.0,2.5038856508465166,0.0,0.8884896443134563,1.4158683370179317,0.0040776777423392144,-20.92129963898917,0.1801245058390512,-0.3076923076923077,3.5755000000000003,-0.20866036804625263,0.07367355043685464,0.006091370558375634,-0.30344827586206896,-0.2834890965732087,3.5755000000000003,-0.20866036804625263,0.07367355043685464,Conglomerates,Industrials,VRTV
2015Q3,2015,Q3,2015-11-12,2015-09-30,14500000.0,2219800000.0,32100000.0,0.91,394000000.0,0.1774934679,2542900000.0,521500000.0,1957000000.0,901800000.0,2021400000.0,705400000.0,-11400000.0,595840000.0,1337640000.0,32.59375,2.1701042359724996,0.31275315584568797,1.5250239693192713,0.012976921738664953,32.59375,0.027804410354745925,0.2684205784304892,10.273103448275863,1.1425503355704698,0.0,2.5883186844343635,0.0,0.8729403437020724,1.2547127966289644,0.0057021510873412245,-108.33454545454545,0.17749346787998918,2.3703703703703702,0.45,-0.2153465483781535,0.0,0.0076726342710997444,2.372093023255814,1.0445859872611465,0.45,-0.2153465483781535,0.0,Conglomerates,Industrials,VRTV
2015Q2,2015,Q2,2015-08-13,2015-06-30,4300000.0,2159300000.0,15700000.0,0.27,391000000.0,0.1810772009,2530800000.0,510100000.0,1928500000.0,875200000.0,2020700000.0,711500000.0,-25900000.0,583360000.0,1319860000.0,31.88125,2.20349634369287,0.32238817765133554,1.599490296020388,0.004044597816839809,31.88125,0.008429719662811214,0.27016162645301717,33.91627906976744,1.143618898255244,0.0,2.485312719606465,0.0,0.8532084716295243,1.2581124314442413,0.0016990674885411726,30.383333333333333,0.1810772009447506,2.9285714285714284,1.9534782608695649,-0.2150238791075629,0.0,0.0398936170212766,2.9545454545454546,-0.25943396226415094,1.9534782608695649,-0.2150238791075629,0.0,Conglomerates,Industrials,VRTV
2015Q1,2015,Q1,2015-05-13,2015-03-31,-2200000.0,2137900000.0,21200000.0,-0.14,376000000.0,0.1758735207,2540500000.0,504700000.0,1930000000.0,892900000.0,2035800000.0,688100000.0,-30200000.0,706080000.0,1452980000.0,31.54375,2.1614962481800872,0.31899232434560126,1.6057063602139885,0.014441461609678009,31.54375,-0.004359025163463444,0.33026802001964545,-80.23636363636363,1.3990093124628493,0.0,2.560528992878942,0.0,0.8415272584136981,1.2658752379885765,-0.0008659712654989175,8.54818401937046,0.17587352074465598,0.8390804597701149,-0.2466666666666668,-0.2146866897147796,0.0,-0.0386090513935055,0.8428571428571429,0.06,-0.2466666666666668,-0.2146866897147796,0.0,Conglomerates,Industrials,VRTV
2014Q4,2014,Q4,2015-03-24,2014-12-31,-14000000.0,2379800000.0,20000000.0,-0.87,391100000.0,0.1643415413,2574500000.0,512500000.0,1959100000.0,851100000.0,2062000000.0,673200000.0,-28000000.0,829920000.0,1644920000.0,32.03125,2.301844671601457,0.33893959992231504,1.7026341463414634,0.015110672182062013,32.03125,-0.027317073170731707,0.3487351878309102,-14.819999999999999,1.6193560975609755,0.0,2.9540998217468806,0.0,0.9243736647892795,1.4507108447890964,-0.005437949116333269,-23.712,0.1643415413059921,0.0,-2.57,-0.14425861947401813,0.038026211278792646,-0.030009920634920636,0.0,-0.47229551451187335,-2.57,-0.14425861947401813,0.038026211278792646,Conglomerates,Industrials,VRTV
2014Q3,2014,Q3,2014-11-14,2014-09-30,-14000000.0,2390300000.0,37900000.0,-0.87,403200000.0,0.1686817554,2666700000.0,568000000.0,2027400000.0,935600000.0,2098700000.0,697600000.0,-14000000.0,800960000.0,1562360000.0,35.5,2.1669516887558786,0.3083961450481869,1.447887323943662,0.0133845643130081,35.5,-0.02464788732394366,0.33508764590218804,-14.302857142857144,1.4101408450704227,0.0,2.848480504587156,0.0,0.8963512956088049,1.3659683625480974,-0.005249934375820302,-62.575,0.16868175542818892,-5.833333333333334,-2.4,-0.15507831993346263,0.0,0.8991992463495054,-5.827586206896552,6.73469387755102,-2.4,-0.15507831993346263,0.0,Conglomerates,Industrials,VRTV
2014Q2,2014,Q2,2014-08-14,2014-06-30,2900000.0,1329000000.0,4900000.0,0.18,212300000.0,0.1597441685,1221300000.0,756200000.0,1058200000.0,454200000.0,465100000.0,365300000.0,0.0,592799984.0,588899984.0,47.2625,2.329810656098635,0.0,0.0,0.003758265009256811,47.2625,0.0038349642951600107,0.44604964936042135,51.10344689655172,0.783919576831526,0.0,3.0569395017793592,0.0,1.0881847211987228,1.4933949801849407,0.0023745189552116597,423.42856,0.15974416854778029,-0.7313432835820896,1.6430434782608696,-0.5168650652220401,0.0,-0.03015075376884422,-0.4727272727272727,-0.43023255813953487,1.6430434782608696,-0.5168650652220401,0.0,Conglomerates,Industrials,VRTV
2014Q1,2014,Q1,2014-03-31,2014-03-31,5500000.0,1307400000.0,8600000.0,0.67,218900000.0,0.1674315435,1187100000.0,429200000.0,846700000.0,361600000.0,757900000.0,308800000.0,-66800000.0,322320000.0,597720000.0,52.59803921568628,2.341537610619469,0.2568444107488838,0.7103914259086673,0.006578372235335257,52.59803921568628,0.012814538676607642,0.24653510784763652,14.65090909090909,0.7509785647716681,0.0,3.5249352331606216,0.0,1.101339398534243,1.331858407079646,0.0046331395838598265,9.424561403508772,0.16743154352149303,3.68,7.1111111111111125,-0.05834053586862581,0.0,-0.035682819383259914,3.75,1.15,7.1111111111111125,-0.05834053586862581,0.0,Conglomerates,Industrials,VRTV
2013Q4,2013,Q4,2013-12-31,2013-12-31,-2000000.0,1418300000.0,4000000.0,-0.25,227000000.0,0.160050765,1215200000.0,251800000.0,870600000.0,344400000.0,963400000.0,314700000.0,-63400000.0,322320000.0,637620000.0,30.857843137254903,2.5278745644599305,0.27773206056616195,1.3403494837172358,0.0034474437204812637,30.857843137254903,-0.007942811755361398,0.22725798491151378,-40.29,1.2800635424940427,0.0,3.7855100095328886,0.0,1.1671329822251482,1.4308943089430894,-0.0016458196181698486,-14.199118942731278,0.16005076500035254,-1.3968253968253967,0.0,0.0,0.0,-0.007433318758198513,-1.392156862745098,-0.550561797752809,0.0,0.0,0.0,Conglomerates,Industrials,VRTV
2013Q3,2013,Q3,2013-09-30,2013-09-30,5100000.0,1442800000.0,8900000.0,0.63,228700000.0,0.1585112282,,,,,,,,322320000.0,,,0.0,0.0,0.0,0.0,,0.0,0.2233989464929304,15.8,0.0,0.0,0.0,0.0,0.0,0.0,0.0,-14.389285714285714,0.15851122816745217,3.25,0.0,0.0,0.0,-0.009098786828422877,3.217391304347826,-0.3153846153846154,0.0,0.0,0.0,Conglomerates,Industrials,VRTV
2013Q2,2013,Q2,2013-06-30,2013-06-30,-2300000.0,1402900000.0,13000000.0,-0.28,230800000.0,0.164516359,,,,,,,,322320000.0,,,0.0,0.0,0.0,0.0,,0.0,0.22975265521419916,-35.03478260869565,0.0,0.0,0.0,0.0,0.0,0.0,0.0,26.204878048780486,0.16451635897070355,-1.5454545454545459,0.0,0.0,0.0,0.007420340462680052,-1.5555555555555556,2.0952380952380953,0.0,0.0,0.0,Conglomerates,Industrials,VRTV
2013Q1,2013,Q1,2013-03-31,2013-03-31,-900000.0,1388400000.0,4200000.0,-0.11,229100000.0,0.1650100835,,,,,,,,322320000.0,,,0.0,0.0,0.0,0.0,,0.0,0.23215211754537599,-89.53333333333333,0.0,0.0,0.0,0.0,0.0,0.0,0.0,24.234586466165414,0.16501008354940938,0.0,0.0,0.0,0.0,0.0,0.0,0.0,0.0,0.0,0.0,Conglomerates,Industrials,VRTV
