Quarters,Year,Quarter,FillingDate,Date,NetIncome,Revenue,OperatingIncome,EPSDiluted,GrossProfit,GrossProfitRatio,TotalAssets,CommonStockEquity,CurrentAssets,CurrentLiability,TotalLiability,Inventory,RetainedEarnings,MarketCap,EnterpriseValue,bookValuePerShare,currentRatio,debtToAssets,debtToEquity,roic,shareholdersEquityPerShare,roe,priceToSalesRatio,peRatio,pbRatio,payoutRatio,inventoryTurnover,dividendYield,assetTurnover,quickRatio,returnOnAssets,priceToFreeCashFlowsRatio,grossProfitMargin,epsdilutedGrowth,fiveYNetIncomeGrowthPerShare,fiveYRevenueGrowthPerShare,fiveYShareholdersEquityGrowthPerShare,grossProfitGrowth,netIncomeGrowth,operatingIncomeGrowth,threeYNetIncomeGrowthPerShare,threeYRevenueGrowthPerShare,threeYShareholdersEquityGrowthPerShare,Industry,Sector,Symbol
2023Q1,2023,Q1,2023-05-09,2023-03-31,33000000.0,278000000.0,53000000.0,0.3,50000000.0,0.1798561151,2322000000.0,1068000000.0,687000000.0,295000000.0,1254000000.0,251000000.0,-537000000.0,324310000.0,464310000.0,13.501896333754742,2.328813559322034,0.15719207579672695,0.34176029962546817,0.02888187988176429,13.501896333754742,0.03089887640449438,1.1665827338129497,2.4568939393939395,0.3036610486891385,0.030303030303030304,0.9083665338645418,0.003083469519903796,0.11972437553832903,1.3288135593220338,0.014211886304909561,36.034444444444446,0.17985611510791366,2.389830508474576,1.7108975979772438,-0.5806180879431418,1.9049534536260202,0.16279069767441862,3.7142857142857144,0.8928571428571429,1.163870570950217,-0.42609033272252916,2.7024067934069604,Specialty Business Services,Industrials,KODK
2022Q4,2022,Q4,2023-03-16,2022-12-31,7000000.0,305000000.0,28000000.0,0.0885,43000000.0,0.1409836066,2285000000.0,1244000000.0,681000000.0,293000000.0,1041000000.0,237000000.0,-570000000.0,241255000.0,387255000.0,15.72692793931732,2.324232081911263,0.1588621444201313,0.29180064308681675,0.011857229280096793,15.72692793931732,0.005627009646302251,0.791,8.616249999999999,0.19393488745980705,0.14285714285714285,1.1054852320675106,0.004144991813641168,0.13347921225382933,1.3447098976109215,0.003063457330415755,120.6275,0.14098360655737704,9.85,-0.9708444810317624,-0.6041670483763597,2.0244092190994847,0.0,2.5,0.75,1.0613759634598914,-0.4960401784513467,1.406611748721156,Specialty Business Services,Industrials,KODK
2022Q3,2022,Q3,2022-11-08,2022-09-30,2000000.0,289000000.0,16000000.0,-0.01,43000000.0,0.1487889273,2259000000.0,1102000000.0,699000000.0,297000000.0,1157000000.0,273000000.0,-577000000.0,362610000.0,507610000.0,13.949367088607595,2.3535353535353534,0.15980522355024346,0.3275862068965517,0.007059342598720495,13.949367088607595,0.0018148820326678765,1.2547058823529411,45.32625,0.32904718693284934,0.5,0.9010989010989011,0.0027577838449022365,0.1279327135900841,1.2794612794612794,0.0008853474988933156,-9.80027027027027,0.14878892733564014,-1.0526315789473684,1.023390203632361,-0.5897765605691193,12.174402250351617,-0.1568627450980392,-0.9,-0.4074074074074074,1.2177215189873418,-0.5006228651798272,0.7088968228208734,Specialty Business Services,Industrials,KODK
2022Q2,2022,Q2,2022-08-09,2022-06-30,20000000.0,321000000.0,27000000.0,0.19,51000000.0,0.1588785047,2309000000.0,1100000000.0,788000000.0,318000000.0,1209000000.0,262000000.0,-579000000.0,366096000.0,437096000.0,13.94169835234474,2.4779874213836477,0.1559116500649632,0.32727272727272727,0.018809432582117105,13.94169835234474,0.01818181818181818,1.1404859813084112,4.576199999999999,0.3328145454545454,0.05,1.0305343511450382,0.002731523971854377,0.13902122130792552,1.509433962264151,0.0086617583369424,-5.72025,0.1588785046728972,5.986876640419947,1.693282636248416,-0.5461712723171961,4.866556237372786,0.5454545454545454,7.666666666666667,1.4545454545454546,-0.9457717748393647,-0.4301532059300727,0.6652584143078439,Specialty Business Services,Industrials,KODK
2022Q1,2022,Q1,2022-05-10,2022-03-31,-3000000.0,290000000.0,11000000.0,-0.0381,33000000.0,0.1137931034,2187000000.0,980000000.0,790000000.0,334000000.0,1207000000.0,247000000.0,-599000000.0,515485000.0,517485000.0,12.452350698856417,2.3652694610778444,0.14220393232738912,0.3173469387755102,0.02453531598513011,12.452350698856417,-0.003061224489795918,1.7775344827586206,-42.95708333333333,0.5260051020408163,-0.3333333333333333,1.040485829959514,0.0019399206572451187,0.13260173754000915,1.470059880239521,-0.0013717421124828531,-10.739270833333334,0.11379310344827587,0.48790322580645157,-1.2308948992557633,-0.5623560733060695,4.27979669631512,0.0,0.5,2.6666666666666665,0.909148665819568,-0.4567652183025714,2.359785188559373,Specialty Business Services,Industrials,KODK
2021Q4,2021,Q4,2022-03-15,2021-12-31,-6000000.0,307000000.0,3000000.0,-0.0744,33000000.0,0.1074918567,2171000000.0,977000000.0,807000000.0,309000000.0,1194000000.0,219000000.0,-596000000.0,367848000.0,317848000.0,12.430025445292621,2.6116504854368934,0.1437125748502994,0.3193449334698055,0.0019075879610004243,12.430025445292621,-0.006141248720573183,1.198201954397394,-15.326999999999998,0.3765076765609007,-0.16666666666666666,1.2511415525114156,0.0027185141688958483,0.14140948871487793,1.7378640776699028,-0.0027637033625057578,-14.71392,0.10749185667752444,-2.2399999999999998,-1.3221374045801528,-0.592012445519361,5.319844262546368,-0.23255813953488372,-1.75,1.3333333333333333,0.7671755725190839,-0.2748700077442195,2.122129920670558,Specialty Business Services,Industrials,KODK
2021Q3,2021,Q3,2021-11-09,2021-09-30,8000000.0,287000000.0,-9000000.0,0.06,43000000.0,0.14982578397212543,1535000000.0,339000000.0,836000000.0,312000000.0,1196000000.0,240000000.0,-590000000.0,535265999.99999994,465265999.99999994,4.312977099236641,2.6794871794871793,0.20195439739413681,0.9144542772861357,-0.011283497884344146,4.312977099236641,0.02359882005899705,1.8650383275261322,16.7270625,1.5789557522123894,0.125,1.0166666666666666,0.0018682300015319486,0.18697068403908795,1.7532051282051282,0.005211726384364821,-31.486235294117645,0.14982578397212543,-0.625,-0.7309160305343511,-0.5935415829650461,4.648778625954198,-0.10416666666666667,-0.5,-3.5,-0.7712602115976966,-0.5740033927056827,-0.025586655357647738,Specialty Business Services,Industrials,KODK
2021Q2,2021,Q2,2021-08-10,2021-06-30,16000000.0,291000000.0,-2000000.0,0.16,48000000.0,0.16494845360824742,1534000000.0,323000000.0,848000000.0,309000000.0,1211000000.0,234000000.0,-598000000.0,653120000.0,570120000.0,4.114649681528663,2.744336569579288,0.2033898305084746,0.9659442724458205,-0.002406015037593985,4.114649681528663,0.04953560371517028,2.2443986254295534,10.205,2.022043343653251,0.0625,1.0384615384615385,0.0015311121999020088,0.1897001303780965,1.838187702265372,0.010430247718383311,-72.56888888888889,0.16494845360824742,1.0933366477830258,0.22875341219290277,-0.6059554942322193,3.591615172544919,0.2,1.6666666666666667,0.8571428571428571,1.175796178343949,-0.574491473186768,-0.023913658881811704,Specialty Business Services,Industrials,KODK
2021Q1,2021,Q1,2021-05-17,2021-03-31,6000000.0,265000000.0,-14000000.0,0.076433,40000000.0,0.1509433962264151,1489000000.0,296000000.0,834000000.0,295000000.0,1193000000.0,224000000.0,-614000000.0,617795000.0,523795000.0,3.770700636942675,2.8271186440677964,0.20617864338482203,1.037162162162162,-0.018018018018018018,3.770700636942675,0.02027027027027027,2.3313018867924526,25.741458333333334,2.08714527027027,0.6666666666666666,1.0044642857142858,0.006474639645837212,0.17797179314976494,1.9186440677966101,0.004029550033579583,-36.34088235294118,0.1509433962264151,-0.832993895,1.178768577494692,-0.6074004997008833,3.088769694937982,-0.14893617021276595,-0.7,-3.3333333333333335,1.1302420382165606,-0.5971739014076969,-0.18872804477900018,Specialty Business Services,Industrials,KODK
2020Q4,2020,Q4,2021-03-16,2020-12-31,20000000.0,297000000.0,6000000.0,0.4576659038901602,47000000.0,0.15824915824915825,1248000000.0,268000000.0,627000000.0,296000000.0,980000000.0,206000000.0,-620000000.0,355718000.0,239718000.0,6.132723112128146,2.1182432432432434,0.0641025641025641,0.29850746268656714,0.013720742534301857,6.132723112128146,0.07462686567164178,1.1977037037037037,4.446475,1.3273059701492538,0.15,1.2135922330097086,0.008433646877582805,0.23798076923076922,1.260135135135135,0.016025641025641024,39.52422222222222,0.15824915824915825,1.0659460956614064,-0.19760497711670483,-0.3876368604805002,2.308336402041894,0.5161290322580645,1.0449438202247192,1.1875,-0.8492185975555674,-0.30230822803701124,0.1793698292554127,Specialty Business Services,Industrials,KODK
2020Q3,2020,Q3,2020-11-10,2020-09-30,-445000000.0,252000000.0,-32000000.0,-6.94,31000000.0,0.12301587301587301,1220000000.0,277000000.0,622000000.0,295000000.0,943000000.0,232000000.0,-640000000.0,571536000.0,458536000.0,4.2746913580246915,2.1084745762711865,0.06557377049180328,0.2888086642599278,-0.07672744514849779,4.2746913580246915,-1.6064981949458483,2.268,-0.3210876404494382,2.063306859205776,-0.029213483146067417,0.9525862068965517,0.022745723803924863,0.20655737704918034,1.1728813559322033,-0.36475409836065575,47.628,0.12301587301587301,-29.173913043478258,-12.0790544332211,-0.634653712007972,0.15554559936280363,0.47619047619047616,-88.0,-0.6842105263157895,-5.34477321524423,-0.5639108765757842,3.0372085048010975,Specialty Business Services,Industrials,KODK
2020Q2,2020,Q2,2020-08-11,2020-06-30,-5000000.0,213000000.0,-19000000.0,-0.23,21000000.0,0.09859154929577464,1160000000.0,156000000.0,589000000.0,275000000.0,1004000000.0,228000000.0,-195000000.0,97451000.0,94451000.0,3.5697940503432495,2.1418181818181816,0.15258620689655172,1.1346153846153846,-0.060126582278481014,3.5697940503432495,-0.03205128205128205,0.4575164319248826,-4.8725499999999995,0.6246858974358974,-0.6,0.8421052631578947,0.03078470205539194,0.18362068965517242,1.1636363636363636,-0.004310344827586207,-3.4803928571428573,0.09859154929577464,0.9135338345864662,0.8002479023646072,-0.5540905139248349,-0.2521281464530892,-0.4166666666666667,0.954954954954955,0.09523809523809523,-2.215675057208238,-0.4562965098470243,0.502141060788001,Specialty Business Services,Industrials,KODK
2020Q1,2020,Q1,2020-05-12,2020-03-31,-111000000.0,267000000.0,-21000000.0,-2.66,36000000.0,0.1348314606741573,1220000000.0,159000000.0,669000000.0,340000000.0,1061000000.0,236000000.0,-190000000.0,75428000.0,38428000.0,3.646788990825688,1.9676470588235293,0.14098360655737704,1.0817610062893082,0.11068376068376068,3.646788990825688,-0.6981132075471698,0.28250187265917603,-0.1698828828828829,0.47438993710691824,-0.02702702702702703,0.9788135593220338,0.03977302858354988,0.21885245901639344,1.1529411764705881,-0.09098360655737706,-1.6761777777777778,0.1348314606741573,-0.8448393047868727,-0.839172730148687,-0.3990879401843457,-0.3117096454252418,-0.23404255319148937,-0.7903225806451613,-1.1,-16.420707732634337,-0.2726852208773417,0.5462385321100917,Specialty Business Services,Industrials,KODK
2019Q4,2019,Q4,2020-03-17,2019-12-31,-62000000.0,329000000.0,-10000000.0,-1.44186,47000000.0,0.14285714285714285,1415000000.0,281000000.0,706000000.0,368000000.0,1134000000.0,215000000.0,-79000000.0,199950000.00000003,137950000.00000003,6.534883720930233,1.9184782608695652,0.12084805653710247,0.608540925266904,-0.027694742394935818,6.534883720930233,-0.2206405693950178,0.6077507598784195,-0.8062500000000001,0.7115658362989324,-0.04838709677419355,1.3116279069767443,0.015003750937734431,0.2325088339222615,1.1983695652173914,-0.04381625441696113,16.6625,0.14285714285714285,-5.26895652173913,-0.43842746400885935,-0.39398162395041103,-0.011510368566870988,-0.11320754716981132,-11.4,-1.5,-7.084651162790697,-0.20079438176375772,2.322555337629588,Specialty Business Services,Industrials,KODK
2019Q3,2019,Q3,2019-11-07,2019-09-30,-5000000.0,315000000.0,-4000000.0,-0.23,53000000.0,0.16825396825396827,1409000000.0,351000000.0,721000000.0,371000000.0,1058000000.0,242000000.0,-17000000.0,113520000.0,56520000.0,8.162790697674419,1.9433962264150944,0.11923349893541518,0.47863247863247865,-0.022870211549456832,8.162790697674419,-0.014245014245014245,0.36038095238095236,-5.676,0.3234188034188034,0.0,1.0826446280991735,0.0,0.22356281050390348,1.1320754716981132,-0.0035486160397444995,37.84,0.16825396825396827,-1.0504385964912282,-1.2859097127222983,-0.45707570509648693,-0.32568250758341755,0.2619047619047619,-1.0248756218905473,0.84,-1.3074127906976745,-0.184547123623011,7.905720930232559,Specialty Business Services,Industrials,KODK
2019Q2,2019,Q2,2019-08-08,2019-06-30,201000000.0,307000000.0,-25000000.0,4.56,42000000.0,0.13680781758957655,1431000000.0,360000000.0,729000000.0,382000000.0,1071000000.0,251000000.0,-12000000.0,103200000.0,47200000.0,8.372093023255815,1.9083769633507854,0.11180992313067785,0.4444444444444444,-0.06487889273356401,8.372093023255815,0.5583333333333333,0.33615635179153097,0.12835820895522387,0.2866666666666666,0.0,1.0557768924302788,0.0,0.21453529000698812,1.0994764397905759,0.14046121593291405,-34.4,0.13680781758957655,9.444444444444443,4.1439234808702174,-0.43291694352159465,-0.335016611295681,0.05,12.166666666666666,0.21875,27.180066445182725,-0.24108722394704463,6.273169038528289,Specialty Business Services,Industrials,KODK
2019Q1,2019,Q1,2019-05-09,2019-03-31,-18000000.0,291000000.0,-32000000.0,-0.54,40000000.0,0.13745704467353953,1538000000.0,159000000.0,859000000.0,795000000.0,1379000000.0,249000000.0,-213000000.0,133848000.0,365848000.0,3.7062937062937062,1.080503144654088,0.3068920676202861,2.9685534591194966,-0.06156806156806156,3.7062937062937062,-0.11320754716981132,0.4599587628865979,-1.859,0.841811320754717,0.0,1.0080321285140563,0.0,0.1892067620286086,0.5547169811320755,-0.011703511053315995,-8.9232,0.13745704467353953,-0.6469942355201758,0.513986013986014,-0.413153236804689,-0.7398106943561489,19.0,-0.2857142857142857,0.4482758620689655,0.018648018648018596,-0.2111231310126337,3.0530916451969086,Specialty Business Services,Industrials,KODK
2018Q4,2018,Q4,2019-04-01,2018-12-31,-14000000.0,230000000.0,-58000000.0,-0.32787,2000000.0,0.008695652173913044,1511000000.0,170000000.0,878000000.0,778000000.0,1341000000.0,236000000.0,-200000000.0,108884999.99999999,263885000.0,3.981264637002342,1.1285347043701799,0.26538716082064856,2.3588235294117648,-0.029369212962962958,3.981264637002342,-0.08235294117647059,0.4734130434782608,-1.944375,0.6405,0.0,0.9661016949152542,0.0,0.15221707478491064,0.6143958868894601,-0.009265387160820648,13.610624999999999,0.008695652173913044,-1.9935454545454543,0.6202185792349727,-0.6299611480425481,-0.7356389564283476,-0.9692307692307692,-1.736842105263158,-8.666666666666666,-1.574830532786885,-0.5146735177449363,1.147718474148802,Specialty Business Services,Industrials,KODK
2018Q3,2018,Q3,2018-11-09,2018-09-30,19000000.0,366000000.0,-6000000.0,0.33,65000000.0,0.17759562841530055,1540000000.0,189000000.0,844000000.0,779000000.0,1351000000.0,306000000.0,-187000000.0,121695000.0,284695000.0,4.426229508196721,1.0834403080872914,0.2603896103896104,2.121693121693122,-0.007969798657718121,4.426229508196721,0.10052910052910052,0.3325,1.60125,0.643888888888889,0.10526315789473684,0.9836601307189542,0.016434528945314105,0.23766233766233766,0.6187419768934531,0.012337662337662338,-3.2890540540540543,0.17759562841530055,17.5,1.9277517564402809,0.8051948051948052,-0.6944142872652264,0.08333333333333333,3.75,0.6470588235294118,1.847455822865659,-0.19474695707879563,0.19650978318350074,Specialty Business Services,Industrials,KODK
2018Q2,2018,Q2,2018-08-09,2018-06-30,4000000.0,372000000.0,-17000000.0,-0.02,60000000.0,0.16129032258064516,1573000000.0,180000000.0,874000000.0,392000000.0,1393000000.0,301000000.0,-205000000.0,162260000.0,288260000.0,4.215456674473068,2.229591836734694,0.25492689129052765,2.227777777777778,-0.023407917383821,4.215456674473068,0.022222222222222223,0.4361827956989247,10.14125,0.9014444444444444,0.75,1.0365448504983388,0.01848884506347837,0.2364907819453274,1.3188775510204083,0.0025429116338207248,-5.595172413793104,0.16129032258064516,0.9714285714285714,1.1140849782535964,3.0765321903583582,1.3644933695075288,0.1111111111111111,1.16,0.34615384615384615,1.163544106167057,-0.20299029483652564,-0.11686182669789215,Specialty Business Services,Industrials,KODK
2018Q1,2018,Q1,2018-05-10,2018-03-31,-25000000.0,357000000.0,-26000000.0,-0.7,54000000.0,0.15126050420168066,1672000000.0,198000000.0,936000000.0,419000000.0,1474000000.0,305000000.0,-209000000.0,227909999.99999997,317910000.0,4.647887323943662,2.2338902147971362,0.2410287081339713,2.0353535353535355,-0.06008504344610834,4.647887323943662,-0.12626262626262627,0.6384033613445377,-2.2790999999999997,1.151060606060606,-0.12,0.9934426229508196,0.013163090693694882,0.21351674641148324,1.3579952267303104,-0.014952153110047847,-6.159729729729729,0.15126050420168066,-1.231705426356589,-1.565080708040943,1.6897841702748886,1.3811463423938153,-0.425531914893617,-1.193798449612403,-1.9285714285714286,0.5760482434838918,-0.17767259293465706,-0.12276360867910169,Specialty Business Services,Industrials,KODK
2017Q4,2017,Q4,2018-03-15,2017-12-31,129000000.0,414000000.0,28000000.0,3.021077283372365,94000000.0,0.22705314009661837,1707000000.0,221000000.0,958000000.0,419000000.0,1486000000.0,276000000.0,-174000000.0,131750000.0,190750000.0,5.2,2.2863961813842484,0.23608670181605154,1.8235294117647058,0.23666138404648704,5.2,0.583710407239819,0.31823671497584544,0.2553294573643411,0.5961538461538461,0.023255813953488372,1.1594202898550725,0.022770398481973434,0.24253075571177504,1.494033412887828,0.07557117750439367,0.0,0.22705314009661837,3.5175644028103044,3.0529762949956103,1.364844537815126,1.3843109540636043,0.08045977011494253,3.8043478260869565,1.5185185185185186,4.028067226890756,-0.22843989769820977,-0.21342960288808666,Specialty Business Services,Industrials,KODK
2017Q3,2017,Q3,2017-11-08,2017-09-30,-46000000.0,379000000.0,-54000000.0,-1.2,87000000.0,0.22955145118733508,1618000000.0,45000000.0,988000000.0,411000000.0,1573000000.0,316000000.0,-303000000.0,312375000.0,380375000.0,1.0588235294117647,2.4038929440389296,0.25339925834363414,9.11111111111111,-0.09208033345964381,1.0588235294117647,-1.0222222222222221,0.8242084432717678,-1.6976902173913044,6.941666666666666,-0.043478260869565216,0.9240506329113924,0.006402561024409764,0.2342398022249691,1.559610705596107,-0.02843016069221261,-22.3125,0.22955145118733508,-58.99999999999999,0.05675716440422325,1.3818352016641626,1.0890485980968323,-0.04395604395604396,-12.5,-6.4,-3.661314878892733,-0.33908218606591567,-0.9125319693094629,Specialty Business Services,Industrials,KODK
2017Q2,2017,Q2,2017-08-09,2017-06-30,4000000.0,381000000.0,10000000.0,-0.02,91000000.0,0.2388451443569554,1693000000.0,101000000.0,1004000000.0,396000000.0,1592000000.0,313000000.0,-257000000.0,386750000.0,427750000.0,2.376470588235294,2.5353535353535355,0.24276432368576492,4.069306930693069,0.012428977272727272,2.376470588235294,0.039603960396039604,1.0150918635170603,24.171875,3.8292079207920793,0.75,0.9265175718849841,0.007756948933419522,0.22504430005906675,1.6868686868686869,0.002362669816893089,-12.475806451612904,0.2388451443569554,-1.4000000000000001,1.0855872516230571,1.2632344748484352,1.2185195647416898,0.0963855421686747,-0.42857142857142855,6.0,1.0633017077798863,-0.28794621848739493,-0.8112403361344538,Specialty Business Services,Industrials,KODK
2017Q1,2017,Q1,2017-05-09,2017-03-31,7000000.0,357000000.0,-2000000.0,0.05,83000000.0,0.23249299719887956,1717000000.0,100000000.0,997000000.0,393000000.0,1617000000.0,308000000.0,-261000000.0,487600000.0,519600000.0,2.358490566037736,2.5368956743002546,0.23878858474082704,4.1,-0.0027450980392156863,2.358490566037736,0.07,1.365826330532213,17.414285714285715,4.8759999999999994,0.2857142857142857,0.8896103896103896,0.004101722723543888,0.2079207920792079,1.6946564885496183,0.004076878276062901,-8.126666666666667,0.23249299719887956,-0.7875000000000001,1.122287091452727,1.3653998435819725,1.236372196840233,-0.20952380952380953,-0.3,-1.0512820512820513,1.1912342767295596,-0.27156404133719564,-0.8344291976367448,Specialty Business Services,Industrials,KODK
2016Q4,2016,Q4,2017-03-07,2016-12-31,10000000.0,404000000.0,39000000.0,0.23529411764705882,105000000.0,0.2599009900990099,1776000000.0,83000000.0,1120000000.0,425000000.0,1693000000.0,236000000.0,-268000000.0,654100000.0,628100000.0,1.966824644549763,2.635294117647059,0.22916666666666666,4.903614457831325,0.03349556255367879,1.966824644549763,0.12048192771084337,1.619059405940594,16.3525,7.880722891566265,0.0,1.2669491525423728,0.0,0.22747747747747749,1.7223529411764706,0.00563063063063063,163.525,0.2599009900990099,-0.3640699523052464,1.5490744116336534,0.48052762630345264,1.2267032998033338,0.14130434782608695,-0.375,-0.09302325581395349,1.2744865718799367,-0.3423175121216144,-0.8694003380927944,Specialty Business Services,Industrials,KODK
2016Q3,2016,Q3,2016-11-09,2016-09-30,16000000.0,380000000.0,43000000.0,0.37,92000000.0,0.24210526315789474,1981000000.0,-50000000.0,1237000000.0,423000000.0,2004000000.0,280000000.0,-278000000.0,634500000.0,817500000.0,-1.1820330969267139,2.92434988179669,0.3392226148409894,-13.44,0.058496166213208016,-1.1820330969267139,-0.32,1.6697368421052632,9.9140625,-12.690000000000001,0.0,1.0285714285714285,0.0,0.1918223119636547,1.872340425531915,0.008076728924785462,-39.65625,0.24210526315789474,1.3125,1.458160287947522,0.6522914625193635,0.8074811025053947,-0.08,1.2857142857142858,0.10256410256410256,1.7886524822695036,0.8919693387778495,-1.0816072518904702,Specialty Business Services,Industrials,KODK
2016Q2,2016,Q2,2016-08-09,2016-06-30,7000000.0,397000000.0,39000000.0,0.16,100000000.0,0.2518891687657431,2042000000.0,-67000000.0,1303000000.0,444000000.0,2081000000.0,286000000.0,-294000000.0,678575999.9999999,841575999.9999999,-1.5876777251184835,2.934684684684685,0.33104799216454456,-10.08955223880597,0.04657411553963278,-1.5876777251184835,-0.1044776119402985,1.7092594458438284,24.23485714285714,-10.127999999999998,0.0,1.0384615384615385,0.0,0.19441723800195887,1.8716216216216217,0.0034280117531831538,-42.410999999999994,0.2518891687657431,1.372093023255814,1.2491858402393496,0.7035010452072064,0.6995590849511891,0.16279069767441862,1.3888888888888888,1.0526315789473684,1.2020142180094786,3.4020388089063753,0.8627199735618629,Specialty Business Services,Industrials,KODK
2016Q1,2016,Q1,2016-05-05,2016-03-31,-18000000.0,362000000.0,19000000.0,-0.43,86000000.0,0.23756906077348067,2066000000.0,-76000000.0,1304000000.0,443000000.0,2114000000.0,286000000.0,-301000000.0,456785000.0,619785000.0,-1.8052256532066508,2.943566591422122,0.32720232333010646,-8.894736842105264,-0.06333333333333334,-1.8052256532066508,0.23684210526315788,1.2618370165745856,-6.344236111111111,-6.0103289473684205,0.0,0.965034965034965,0.0,0.17521781219748306,1.8781038374717833,-0.008712487899322363,-17.568653846153847,0.23756906077348067,-1.7538899846592155,0.5326458490238108,0.7489839406930402,0.6195727443986926,-0.2773109243697479,-1.75,-0.62,-1.4116901538487363,1.7598488091341216,0.851963890912184,Specialty Business Services,Industrials,KODK
2015Q4,2015,Q4,2016-03-15,2015-12-31,24000000.0,467000000.0,50000000.0,0.570375,119000000.0,0.25481798715203424,2138000000.0,78000000.0,1278000000.0,459000000.0,2035000000.0,314000000.0,-283000000.0,527653041.29999995,660653041.3,1.8537181129292204,2.784313725490196,0.31805425631431244,8.717948717948717,0.05619075539919867,1.8537181129292204,0.3076923076923077,1.1298780327623126,5.4963858468749995,6.76478258076923,0.0,1.10828025477707,0.0,0.2184284377923293,1.9869281045751634,0.011225444340505144,17.588434709999998,0.25481798715203424,2.076179245283019,1.0000002578669283,-0.999998450696376,1.0000004629992316,0.20202020202020202,2.090909090909091,1.380952380952381,1.3857833562230808,1.69436951626428,1.1370008031816947,Specialty Business Services,Industrials,KODK
2015Q3,2015,Q3,2015-10-22,2015-09-30,-22000000.0,446000000.0,21000000.0,-0.53,99000000.0,0.2219730941704036,2200000000.0,155000000.0,1325000000.0,502000000.0,2018000000.0,375000000.0,-307000000.0,654478000.0,807478000.0,3.6992840095465396,2.639442231075697,0.30636363636363634,4.348387096774194,-0.1646562123039807,3.6992840095465396,-0.14193548387096774,1.4674394618834081,-7.43725,4.2224387096774185,0.0,0.9253333333333333,0.0,0.20272727272727273,1.7868525896414342,-0.01,-13.08956,0.2219730941704036,0.0701754385964911,-2.278570239218516,0.625721895949237,5.619803518898818,0.1511627906976744,0.08333333333333333,6.0,0.542423964261673,1.84303538690211,1.3111151630670288,Specialty Business Services,Industrials,KODK
2015Q2,2015,Q2,2015-08-04,2015-06-30,-24000000.0,458000000.0,3000000.0,-0.57,86000000.0,0.18777292576419213,2322000000.0,200000000.0,1400000000.0,527000000.0,2095000000.0,381000000.0,-285000000.0,703920000.0,802920000.0,4.77326968973747,2.6565464895635675,0.29069767441860467,3.375,0.0056326530612244895,4.77326968973747,-0.12,1.536943231441048,-7.3325000000000005,3.5196000000000005,0.0,0.9763779527559056,0.0,0.19724375538329025,1.8045540796963946,-0.0103359173126615,-31.996363636363636,0.18777292576419213,0.5882240754546874,0.08455506307534946,0.8705649890251301,7.102966246164336,0.11688311688311688,0.5862068965517241,1.15,0.4791229316496516,1.7595925214342854,1.4389083627458972,Specialty Business Services,Industrials,KODK
2015Q1,2015,Q1,2015-05-07,2015-03-31,-58000000.0,427000000.0,-20000000.0,-1.384248,77000000.0,0.18032786885245902,2353000000.0,222000000.0,1411000000.0,515000000.0,2106000000.0,373000000.0,-261000000.0,795680999.9999999,863680999.9999999,5.298329355608592,2.7398058252427187,0.28771780705482364,3.0495495495495497,-0.024026696329254728,5.298329355608592,-0.26126126126126126,1.863421545667447,-3.42965948275862,3.584148648648648,0.0,0.938337801608579,0.0,0.18147046323841903,1.879611650485437,-0.024649383765405864,-8.28834375,0.18032786885245902,-8.6205236,-4.120956258398348,0.4144990844853919,26.846213929268824,-0.29357798165137616,-0.38095238095238093,-1.8571428571428572,-0.02532702114062891,1.8629651155601172,1.5310081657321586,Specialty Business Services,Industrials,KODK
2014Q4,2014,Q4,2015-03-16,2014-12-31,-42000000.0,529000000.0,-7000000.0,-0.14388489208633093,109000000.0,0.2060491493383743,2556000000.0,277000000.0,1550000000.0,599000000.0,2257000000.0,349000000.0,-204000000.0,909649000.0,874649000.0,6.610978520286396,2.5876460767946576,0.26486697965571204,2.444043321299639,-0.007158562151659253,6.610978520286396,-0.15162454873646208,1.7195633270321362,-5.414577380952381,3.283931407942238,0.0,1.2034383954154728,0.0,0.2069640062597809,1.8797996661101837,-0.01643192488262911,-69.973,0.2060491493383743,-1.3689356207341818,-1.6070887903586417,0.31191616644698283,51.67787248550972,-0.30128205128205127,-3.4705882352941178,-1.1206896551724137,-1.3226240744140505,0.9524919435757588,1.7620052197489975,Specialty Business Services,Industrials,KODK
2014Q3,2014,Q3,2014-11-04,2014-09-30,17000000.0,564000000.0,58000000.0,0.39,156000000.0,0.2765957446808511,2679000000.0,506000000.0,1660000000.0,623000000.0,2152000000.0,402000000.0,-162000000.0,918346000.0,850346000.0,12.105263157894736,2.664526484751204,0.2523329600597238,1.3359683794466404,0.03710123395650201,12.105263157894736,0.03359683794466403,1.62827304964539,13.505088235294117,1.8149130434782608,0.0,1.0149253731343284,0.0,0.21052631578947367,1.8635634028892456,0.006345651362448675,-70.642,0.2765957446808511,1.261744966442953,1.9826716668821933,1.0318782255009684,5.964268469338483,0.5294117647058824,1.2741935483870968,3.0,1.492618216302427,1.481682691993009,2.9715961618158055,Specialty Business Services,Industrials,KODK
2014Q2,2014,Q2,2014-08-05,2014-06-30,-62000000.0,525000000.0,-29000000.0,-1.49,102000000.0,0.19428571428571428,2853000000.0,525000000.0,1762000000.0,745000000.0,2305000000.0,416000000.0,-179000000.0,1020399000.0,929399000.0,12.589928057553957,2.3651006711409397,0.23729407641079564,1.2895238095238095,-0.02783821835402534,12.589928057553957,-0.1180952380952381,1.943617142857143,-4.1145120967741935,1.9436171428571427,0.0,1.0168269230769231,0.0,0.18401682439537329,1.6536912751677852,-0.021731510690501228,-10.51957731958763,0.19428571428571428,-0.72591737141626,-1.109854973164326,0.912015121764423,31.148381294964025,0.18604651162790697,-0.7222222222222222,0.2926829268292683,-1.2335383090175907,1.279751956010949,3.3824290321437434,Specialty Business Services,Industrials,KODK
2014Q1,2014,Q1,2014-05-06,2014-03-31,-36000000.0,482000000.0,-41000000.0,-0.863309,86000000.0,0.17842323651452283,3082000000.0,594000000.0,1938000000.0,839000000.0,2466000000.0,399000000.0,-117000000.0,1392780000.0,1260780000.0,14.244604316546763,2.3098927294398095,0.21966255678131083,1.1397306397306397,-0.028494623655913976,14.244604316546763,-0.06060606060606061,2.889585062240664,-9.672083333333333,2.3447474747474746,0.0,0.9924812030075187,0.0,0.1563919532770928,1.5435041716328963,-0.011680726800778715,-29.01625,0.17842323651452283,1.1583324646172935e-06,0.34408054293109425,1.0988879850757172,4.97872124835343,-0.10416666666666667,0.0,-2.242424242424242,0.056325671170380766,1.3510958253064715,4.001860580501115,Specialty Business Services,Industrials,KODK
2013Q4,2013,Q4,2014-03-19,2013-12-31,-36000000.0,607000000.0,33000000.0,-0.86331,96000000.0,0.15815485996705106,3200000000.0,628000000.0,1971000000.0,885000000.0,2572000000.0,358000000.0,-81000000.0,1447407000.0,1281407000.0,15.059952038369305,2.227118644067797,0.211875,1.0796178343949046,0.03136716480963194,15.059952038369305,-0.05732484076433121,2.384525535420099,-10.0514375,2.3047882165605094,0.0,1.4273743016759777,0.0,0.1896875,1.5988700564971752,-0.01125,-21.603089552238806,0.15815485996705106,-0.7999874900963263,0.6686813448065078,1.1078157847975627,4.521058214639527,3.3636363636363638,-0.8,2.064516129032258,0.9999996096971162,-0.9999979680023496,1.000003761492199,Specialty Business Services,Industrials,KODK
2013Q3,2013,Q3,2013-11-12,2013-09-30,-20000000.0,198000000.0,-31000000.0,-0.47962,22000000.0,0.1111111111111111,3410000000.0,604000000.0,2121000000.0,973000000.0,2806000000.0,469000000.0,-18000000.0,1042500000.0,882500000.0,14.484412470023981,2.179856115107914,0.19912023460410558,1.1241721854304636,-0.02543381055913361,14.484412470023981,-0.033112582781456956,5.265151515151516,-13.03125,1.7259933774834437,0.0,0.3752665245202559,0.0,0.05806451612903226,1.4182939362795477,-0.005865102639296188,-4.804147465437788,0.1111111111111111,0.41509756097560974,-2.4143685051958435,-0.4410745000673058,-0.06316262959474776,-0.8345864661654135,0.9107142857142857,0.11428571428571428,-1.99481345156433,-0.2748054116433816,19.088673247448554,Specialty Business Services,Industrials,KODK
2013Q2,2013,Q2,2013-08-07,2013-06-30,-224000000.0,583000000.0,-35000000.0,-0.82,133000000.0,0.2281303602058319,3815000000.0,-3155000000.0,2602000000.0,3387000000.0,6968000000.0,427000000.0,2628000000.0,5292320000.0,5518320000.0,-11.56524926686217,0.7682314732801889,0.3252948885976409,-0.39334389857369256,0.024226450758407708,-11.56524926686217,0.07099841521394612,9.077735849056603,-5.906607142857142,-1.6774389857369254,0.0,1.053864168618267,0.0,0.15281782437745742,0.461175081192796,-0.05871559633027523,-33.9251282051282,0.2281303602058319,-1.7884615384615383,-1.4780710329097426,-0.7521483741156617,-1.946098449818245,-0.2810810810810811,-1.7915194346289753,-1.0741525423728813,-0.31231671554252205,-0.6342826743970887,-13.786997276916631,Specialty Business Services,Industrials,KODK
2013Q1,2013,Q1,2013-04-29,2013-03-31,283000000.0,849000000.0,472000000.0,1.04,185000000.0,0.21790341578327443,4096000000.0,-3323000000.0,2553000000.0,2025000000.0,7417000000.0,567000000.0,2852000000.0,5286500000.0,5344500000.0,-12.194495412844036,1.2607407407407407,0.30078125,-0.3707493229009931,-0.22049717965040966,-12.194495412844036,-0.08516400842612097,6.226737338044758,4.670053003533569,-1.5908817333734577,0.0,1.1710758377425043,0.0,0.207275390625,0.9259259259259259,0.069091796875,-18.948028673835125,0.21790341578327443,1.7034228855721394,3.6017487036298363,-0.5711403235774994,-2.1333013317549567,-0.0106951871657754,1.7039800995024876,53.44444444444444,1.3414971860303753,-0.5675558740750937,-58.486965804837354,Specialty Business Services,Industrials,KODK
2012Q4,2012,Q4,2012-12-31,2012-12-31,-402000000.0,1120000000.0,-9000000.0,-1.4784847370356748,187000000.0,0.1669642857142857,4286000000.0,-3679000000.0,2578000000.0,2104000000.0,7963000000.0,543000000.0,2600000000.0,5274860000.0,5578860000.0,-13.530709819786686,1.2252851711026616,0.33574428371441906,-0.3911388964392498,0.002804786836200449,-13.530709819786686,0.10926882304974178,4.709696428571428,-3.2803855721393034,-1.4337754824680617,0.0,1.718232044198895,0.0,0.26131591227251516,0.9149239543726235,-0.09379374708352776,-277.6242105263158,0.1669642857142857,-0.28563890177015216,-2.985518314496609,-0.6152263511536596,-2.2897835057069393,0.16875,-0.28846153846153844,0.9533678756476683,-1.8954344355455341,-0.571970945485323,-102.72255556139336,Specialty Business Services,Industrials,KODK
2012Q3,2012,Q3,2012-09-30,2012-09-30,-312000000.0,1018000000.0,-193000000.0,-1.15,160000000.0,0.15717092337917485,4403000000.0,-3233000000.0,2693000000.0,1459000000.0,7634000000.0,638000000.0,3015000000.0,5274860000.0,5582860000.0,-11.890400882677454,1.8457847840986978,0.3270497388144447,-0.4454067429631921,0.11673723321524236,-11.890400882677454,0.09650479430869162,5.181591355599214,-4.226650641025641,-1.6315682029075163,0.0,1.3448275862068966,0.0,0.23120599591187826,1.3331048663468128,-0.07086077674312968,-39.36462686567164,0.15717092337917485,-0.04545454545454529,-9.92553899983102,-0.5825145392269504,-2.2874557464388907,-0.08571428571428572,-0.043478260869565216,-1.0315789473684212,-1.7725614544297883,-0.4361891561430894,-3.8761552243640574,Specialty Business Services,Industrials,KODK
2012Q2,2012,Q2,2012-06-30,2012-06-30,-299000000.0,1077000000.0,-95000000.0,-1.1,175000000.0,0.16248839368616527,4618000000.0,-2957000000.0,2837000000.0,1404000000.0,7573000000.0,632000000.0,3346000000.0,5274860000.0,6176860000.0,-10.875321809488783,2.0206552706552707,0.467518406236466,-0.7301318904294893,0.11865079365079366,-10.875321809488783,0.10111599594183295,4.897734447539461,-4.410418060200668,-1.78385525870815,0.0,1.4272151898734178,0.0,0.2332178432221741,1.4821937321937322,-0.06474664356864443,-52.7486,0.16248839368616527,0.1852183799919262,-1.5500257447591026,-0.5461402642464347,-2.2637343646096864,3.6052631578947367,0.1830601092896175,0.7270114942528736,-0.5604826704495701,-0.3984460678327128,-25.042511690222245,Specialty Business Services,Industrials,KODK
2012Q1,2012,Q1,2012-03-31,2012-03-31,-366000000.0,965000000.0,-348000000.0,-1.350055,38000000.0,0.039378238341968914,5053000000.0,-2705000000.0,3153000000.0,1614000000.0,7756000000.0,676000000.0,3645000000.0,5259340000.0,5386340000.0,-9.9778679454076,1.953531598513011,0.294478527607362,-0.5500924214417745,0.21986839107047912,-9.9778679454076,0.13530499075785582,5.4500932642487045,-3.5924453551912565,-1.94430314232902,0.0,1.371301775147929,0.0,0.19097565802493568,1.442998760842627,-0.07243221848406887,-67.4274358974359,0.039378238341968914,-0.5982528842794761,-1.568681432769609,-0.517383167418357,-2.8029191576827697,-0.8895348837209303,-2.128205128205128,-12.92,-0.02573608935581934,-0.3536376162014032,-5.1878938700443165,Specialty Business Services,Industrials,KODK
2011Q4,2011,Q4,2012-02-29,2011-12-31,-117000000.0,1753000000.0,-25000000.0,-0.8447067502766507,344000000.0,0.19623502567027953,4678000000.0,-2352000000.0,2703000000.0,2150000000.0,7028000000.0,607000000.0,4071000000.0,5259340000.0,5913340000.0,-8.675765400221321,1.2572093023255815,0.3238563488670372,-0.6441326530612245,0.051391524351676154,-8.675765400221321,0.04974489795918367,3.000193953223046,-11.237905982905982,-2.236113945578231,0.0,2.3212520593080725,0.0,0.3747327917913638,0.9134883720930232,-0.025010688328345448,0.0,0.19623502567027953,-0.017718976236928547,-6.885114511711544,-0.6307726043334845,-2.363756676917713,0.6618357487922706,0.47297297297297297,0.8563218390804598,0.8343712255806048,-0.06366250470029464,-4.180581565541551,Specialty Business Services,Industrials,KODK
2011Q3,2011,Q3,2011-11-03,2011-09-30,-222000000.0,1462000000.0,-174000000.0,-0.83,207000000.0,0.14158686730506156,5102000000.0,-1651000000.0,2950000000.0,2317000000.0,6751000000.0,892000000.0,4273000000.0,5216660000.0,5920660000.0,-6.139828932688732,1.273198100992663,0.30693845550764404,-0.9485160508782556,2.0470588235294116,-6.139828932688732,0.13446396123561477,3.568166894664843,-5.874617117117117,-3.15969715324046,0.0,1.40695067264574,0.0,0.2865542924343395,0.826068191627104,-0.04351234809878479,-23.393094170403586,0.14158686730506156,-0.2388059701492536,-5.40833023428784,-0.5126415520948386,-1.972083169497356,-0.018957345971563982,-0.24022346368715083,0.0,-3.434617887690591,-0.3599979588823024,-1.3971180193840942,Specialty Business Services,Industrials,KODK
2011Q2,2011,Q2,2011-07-26,2011-06-30,-179000000.0,1485000000.0,-174000000.0,-0.67,211000000.0,0.1420875420875421,5334000000.0,-1421000000.0,3052000000.0,2210000000.0,6753000000.0,837000000.0,4536000000.0,5216660000.0,5710660000.0,-5.284492376348084,1.3809954751131222,0.27202849643794524,-1.0211118930330754,-5.3241025641025645,-5.284492376348084,0.12596762843068263,3.512902356902357,-7.285837988826816,-3.6711189303307528,0.0,1.5221027479091995,0.0,0.27840269966254216,0.9352941176470588,-0.03355830521184852,-14.694816901408451,0.1420875420875421,0.26373626373626374,0.3218141152950424,-0.5277934574722414,-1.8097251518532294,0.688,0.27235772357723576,0.23348017621145375,-1.3875707615387793,-0.3595234478645768,-1.4322993763450236,Specialty Business Services,Industrials,KODK
2011Q1,2011,Q1,2011-04-28,2011-03-31,-246000000.0,1322000000.0,-227000000.0,-0.91,125000000.0,0.094553706505295,5882000000.0,-1276000000.0,3395000000.0,2441000000.0,7156000000.0,815000000.0,4716000000.0,5216660000.0,5362660000.0,-4.745258460394199,1.3908234330192544,0.2458347500850051,-1.1332288401253918,-1.2179056237879766,-4.745258460394199,0.19278996865203762,3.946036308623298,-5.301483739837399,-4.088291536050156,0.0,1.4687116564417177,0.0,0.22475348520911254,0.9692748873412536,-0.04182250935056103,-9.519452554744525,0.094553706505295,0.9999996982749692,0.118316981188586,-0.511260380193347,-1.6291958586450663,-0.6684350132625995,0.5865546218487395,0.6676427525622255,-1.2918686435882096,-0.3232711634897674,-1.4410028911095383,Specialty Business Services,Industrials,KODK
2010Q4,2010,Q4,2011-02-25,2010-12-31,-595000000.0,1927000000.0,-683000000.0,-3015991.07475,377000000.0,0.19564089257913855,6239000000.0,-1077000000.0,3799000000.0,2833000000.0,7314000000.0,696000000.0,4969000000.0,5218.599999999999,-378994781.4000001,-4003717.4721189593,1.3409812919166961,0.1995512101298285,-1.1559888579387188,-3.426028997457569,-4003717.4721189593,0.552460538532962,2.7081473793461336e-06,-2.192689075630252e-06,-4.845496750232126e-06,0.0,2.2270114942528734,0.0,0.30886359993588713,1.0176491351923755,-0.09536784741144415,2.340179372197309e-05,0.19564089257913855,-18849943.217187498,-10848901.979696883,435325.3432173627,-519139.86904935155,-0.20798319327731093,-12.837209302325581,-12.775862068965518,-2970447.5190628516,669152.7888966528,-381646.07448812656,Specialty Business Services,Industrials,KODK
2010Q3,2010,Q3,2010-10-28,2010-09-30,-43000000.0,1758000000.0,58000000.0,-0.16,476000000.0,0.2707622298065984,6929000000.0,-215000000.0,3771000000.0,2365000000.0,7142000000.0,849000000.0,5565000000.0,5208900000.0,5061900000.0,-0.8007448789571695,1.5945031712473572,0.18040121229614664,-5.813953488372093,-0.08605935127674258,-0.8007448789571695,0.2,2.9629692832764505,-30.284302325581393,-24.227441860465113,0.0,1.5100117785630154,0.0,0.25371626497330063,1.1463002114164904,-0.006205801702987444,46.92702702702703,0.2707622298065984,0.7460317460317459,0.9556890309756264,-0.47074641462797195,-1.0986166077343478,0.570957095709571,0.7440476190476191,1.58,-2.2456993306155315,-0.26990837642505716,-1.086702173124106,Specialty Business Services,Industrials,KODK
2010Q2,2010,Q2,2010-07-28,2010-06-30,-168000000.0,1569000000.0,-100000000.0,-0.63,303000000.0,0.1931166347992352,6791000000.0,-210000000.0,3638000000.0,2215000000.0,6999000000.0,751000000.0,5620000000.0,5208900000.0,5190900000.0,-0.7821229050279329,1.6424379232505644,0.19069356501251655,-6.166666666666667,-0.10916102885903846,-0.7821229050279329,0.8,3.319885277246654,-7.751339285714285,-24.804285714285715,0.0,1.6857523302263648,0.0,0.23104108378736563,1.2135440180586907,-0.02473862465027242,-25.285922330097087,0.1931166347992352,-2.5749999999999997,-0.16648044692737438,-0.566264089246821,-1.0694333599361532,-0.6188679245283019,-2.411764705882353,-1.25706940874036,-1.312957979111003,-0.33043335039729355,-1.0908842616105185,Specialty Business Services,Industrials,KODK
2010Q1,2010,Q1,2010-04-29,2010-03-31,119000000.0,1933000000.0,389000000.0,0.4,795000000.0,0.4112778065183652,7178000000.0,-55000000.0,3936000000.0,2348000000.0,7231000000.0,756000000.0,5788000000.0,5205020000.0,4995020000.0,-0.20499440924338427,1.676320272572402,0.1797157982724993,-23.454545454545453,0.15299016772700985,-0.20499440924338427,-2.1636363636363636,2.692715985514744,10.934915966386553,-94.63672727272727,0.0,1.5052910052910053,0.0,0.2692950682641404,1.2627768313458263,0.0165784341042073,-10.493991935483871,0.4112778065183652,1.5773451327433627,1.8961247919871071,-0.2701250128976965,-1.0160778829994332,-0.10372040586245772,-0.7313769751693002,-0.234251968503937,1.8438883033472957,-0.023177058919028964,-1.0370408136953613,Specialty Business Services,Industrials,KODK
2009Q4,2009,Q4,2010-02-22,2009-12-31,443000000.0,2582000000.0,508000000.0,-0.6928264868179032,887000000.0,0.3435321456235476,7691000000.0,-35000000.0,4303000000.0,2896000000.0,7724000000.0,679000000.0,5676000000.0,5205020000.0,4372020000.0,-0.13045098770033545,1.485842541436464,0.15485632557534781,-34.02857142857143,0.38881057143263986,-0.13045098770033545,-12.657142857142857,2.0158869093725795,2.937370203160271,-148.71485714285714,0.0,2.496318114874816,0.0,0.3357170719022234,1.1805939226519337,0.05759979196463399,6.795065274151436,0.3435321456235476,-0.6898206995558614,5.942178134000674,-0.1966677075541789,-1.0107580377358711,1.4570637119113574,4.990990990990991,7.271604938271605,21.51550162458069,-0.4504881227748295,-1.020505787936855,Specialty Business Services,Industrials,KODK
2009Q3,2009,Q3,2009-10-29,2009-09-30,-111000000.0,1781000000.0,-81000000.0,-0.41,361000000.0,0.20269511510387422,7483000000.0,-654000000.0,4134000000.0,3199000000.0,8134000000.0,898000000.0,5222000000.0,5203080000.0,5804080000.0,-2.4384787472035794,1.2922788371366052,0.2335961512762261,-2.672782874617737,-0.08301479142429782,-2.4384787472035794,0.16972477064220184,2.921437394722066,-11.718648648648648,-7.955779816513761,0.0,1.581291759465479,0.0,0.23800614726713884,0.7755548608940294,-0.014833622878524655,-100.05923076923077,0.20269511510387422,0.41428571428571426,-1.2476309238579628,-0.4342489809635027,-1.1843492505799382,0.10736196319018405,0.4126984126984127,0.31932773109243695,-2.212527964205816,-0.40475319348204747,-1.3860700640556054,Specialty Business Services,Industrials,KODK
2009Q2,2009,Q2,2009-07-30,2009-06-30,-189000000.0,1766000000.0,-119000000.0,-0.7,326000000.0,0.18459796149490373,7106000000.0,-112000000.0,3599000000.0,2498000000.0,7215000000.0,918000000.0,5335000000.0,5203080000.0,5382080000.0,-0.41759880686055184,1.4407526020816652,0.18449197860962566,-11.705357142857142,-0.14809867597998333,-0.41759880686055184,1.6875,2.946251415628539,-6.882380952380952,-46.45607142857143,0.0,1.5686274509803921,0.0,0.24852237545735997,0.9867894315452362,-0.026597241767520406,-27.099375,0.18459796149490373,0.4696969696969698,-2.311470408785845,-0.45599384685363853,-1.036589366568705,0.6804123711340206,0.46458923512747874,0.6458333333333334,0.2820576895616165,-0.4369742285430205,-1.0639872731792195,Specialty Business Services,Industrials,KODK
2009Q1,2009,Q1,2009-04-30,2009-03-31,-353000000.0,1477000000.0,-336000000.0,-1.32,194000000.0,0.13134732566012186,7929000000.0,639000000.0,3855000000.0,2637000000.0,7287000000.0,1038000000.0,5525000000.0,5203080000.0,5200080000.0,2.38255033557047,1.4618885096700796,0.16471181737924076,2.043818466353678,-0.1653995514959252,2.38255033557047,-0.5524256651017214,3.5227352742044684,-3.684900849858357,8.142535211267605,0.0,1.2360308285163777,0.0,0.1862782191953588,0.9852104664391353,-0.044520116029764155,-6.423555555555556,0.13134732566012186,-0.13981762917933135,-14.472062426760411,-0.45929073296172906,-0.7878064244330341,-0.6104417670682731,0.6154684095860566,-2.169811320754717,-0.26848139973674845,-0.4525321560941512,-0.6840865852373782,Specialty Business Services,Industrials,KODK
2008Q4,2008,Q4,2009-02-27,2008-12-31,-918000000.0,2433000000.0,-106000000.0,-1.15808,498000000.0,0.20468557336621454,9179000000.0,961000000.0,5004000000.0,3462000000.0,8218000000.0,948000000.0,5879000000.0,6834769224.799999,5992769224.799999,2.727729260024218,1.4454072790294628,0.14195446127029088,1.3558792924037462,-0.046717561374542874,2.727729260024218,-0.9552549427679501,2.809194091574188,-1.8613205949891065,7.112142793756503,-0.07298474945533769,2.0411392405063293,0.009802818178101773,0.2650615535461379,1.1152512998266897,-0.10001089443294477,15.676076203669723,0.20468557336621454,-4.509333333333333,-40.29086420347168,-0.4762999006016124,-0.7605715585180949,-0.24659606656580937,-10.5625,-1.7066666666666668,-11.780319043476261,-0.5803323454650297,-0.6463111363419096,Specialty Business Services,Industrials,KODK
2008Q3,2008,Q3,2008-10-30,2008-09-30,96000000.0,2405000000.0,150000000.0,0.33,661000000.0,0.27484407484407486,11913000000.0,4377000000.0,4983000000.0,3309000000.0,7536000000.0,1136000000.0,6865000000.0,5492140000.0,4953140000.0,15.460967855881314,1.5058930190389845,0.10937631159237808,0.29769248343614346,0.020676383884703574,15.460967855881314,0.02193283070596299,2.2836340956340955,14.302447916666665,1.254772675348412,0.0,1.5352112676056338,0.0,0.20188029883320743,1.1106074342701722,0.008058423570888944,-52.809038461538464,0.27484407484407486,-0.7962962962962963,-0.2036643484605451,-0.29391244947843703,0.514899894223665,0.12991452991452992,-0.806060606060606,12.636363636363637,1.0938249724866926,-0.3133041236688058,0.9041123362817809,Specialty Business Services,Industrials,KODK
2008Q2,2008,Q2,2008-07-31,2008-06-30,495000000.0,2485000000.0,11000000.0,1.62,585000000.0,0.23541247484909456,13032000000.0,3523000000.0,5509000000.0,3438000000.0,9509000000.0,1087000000.0,6772000000.0,5591080000.0,4638080000.0,12.22414989590562,1.6023851076207096,0.10397483118477593,0.38461538461538464,-0.03469265461885388,12.22414989590562,0.1405052512063582,2.249931589537223,2.8237777777777775,1.5870224240703945,0.0,1.7479300827966882,0.0,0.19068446899938613,1.2216404886561956,0.03798342541436464,14.447235142118863,0.23541247484909456,5.05,3.393572791712105,-0.2630245296706246,0.22712646992885785,0.37971698113207547,5.304347826086956,1.120879120879121,4.202017448200655,-0.36000122358439185,0.08520514382019292,Specialty Business Services,Industrials,KODK
2008Q1,2008,Q1,2008-05-01,2008-03-31,-115000000.0,2093000000.0,-91000000.0,-0.4,424000000.0,0.20258002866698518,12864000000.0,3100000000.0,5349000000.0,3668000000.0,9764000000.0,1133000000.0,6348000000.0,5589140000.0,4992140000.0,10.760152724748352,1.458287895310796,0.12484452736318408,0.5180645161290323,-0.029789457966253548,10.760152724748352,-0.037096774193548385,2.670396559961777,-12.150304347826086,1.802948387096774,0.0,1.4730803177405118,0.0,0.1627021144278607,1.0804252998909487,-0.008939676616915422,-6.816024390243903,0.20258002866698518,-2.3274923669188903,-10.523458289945621,-0.24090390856783808,0.07563956881824481,-0.4413702239789196,-1.5348837209302326,-2.2465753424657535,0.19351408695142044,-0.26402464912332313,-0.15607222068608467,Specialty Business Services,Industrials,KODK
2007Q4,2007,Q4,2008-02-27,2007-12-31,215000000.0,3091000000.0,73000000.0,0.30132,759000000.0,0.24555160142348753,13659000000.0,3029000000.0,6053000000.0,4446000000.0,10630000000.0,943000000.0,6474000000.0,5601408443.599999,4251408443.5999994,10.490682940134525,1.3614484930274404,0.11691924738267809,0.527236711786068,0.013728923476005189,10.490682940134525,0.07098052162429845,1.8121670797800062,6.513265632093023,1.849259968174315,0.33488372093023255,2.4729586426299046,0.012853909998701315,0.22629767918588475,1.098965362123257,0.01574053737462479,5.846981673903966,0.24555160142348753,1.3178461538461537,0.9228694175045932,-0.09058515452522671,0.10233391499144905,0.11290322580645161,4.8108108108108105,1.8076923076923077,3.2288369014145064,-0.10635886156016541,-0.13485390233854683,Specialty Business Services,Industrials,KODK
2007Q3,2007,Q3,2007-11-01,2007-09-30,37000000.0,2581000000.0,26000000.0,0.13,682000000.0,0.2642386671832623,12931000000.0,2658000000.0,5444000000.0,4020000000.0,10273000000.0,1230000000.0,6333000000.0,5583320000.0,5362320000.0,9.235580264072272,1.354228855721393,0.1257443353182275,0.6117381489841986,0.007115489874110564,9.235580264072272,0.013920240782543265,2.1632390546299884,37.72513513513513,2.1005718585402557,0.0,1.5439024390243903,0.0,0.19959786559430825,0.9893034825870647,0.002861340963575903,-105.34566037735848,0.2642386671832623,-0.935,-0.8876818981911091,-0.21977575032021757,-0.20503176370020976,0.05572755417956656,-0.9356521739130435,1.1192660550458715,-0.9230778158689997,-0.23595768134001105,-0.30178915756182717,Specialty Business Services,Industrials,KODK
2007Q2,2007,Q2,2007-08-09,2007-06-30,575000000.0,2510000000.0,-218000000.0,2.0,646000000.0,0.25737051792828686,13074000000.0,2475000000.0,5365000000.0,4041000000.0,10599000000.0,1188000000.0,6305000000.0,5579440000.0,5278440000.0,8.605702364394993,1.327641672853254,0.12421600122380297,0.6561616161616162,-0.04145601491295563,8.605702364394993,0.23232323232323232,2.2228844621513946,2.4258434782608695,2.254319191919192,0.0,1.569023569023569,0.0,0.1919840905614196,0.9764909675822816,0.043980419152516444,-12.975441860465116,0.25737051792828686,4.773584905660377,1.0535110873866282,-0.23756144457065545,-0.19049229935697537,0.5058275058275058,4.80794701986755,-0.1595744680851064,2.7207837364304677,-0.2789643698949286,-0.245981565993395,Specialty Business Services,Industrials,KODK
2007Q1,2007,Q1,2007-05-09,2007-03-31,-151000000.0,2119000000.0,-188000000.0,-0.53,429000000.0,0.20245398773006135,13701000000.0,1590000000.0,4987000000.0,4024000000.0,12111000000.0,1157000000.0,5810000000.0,5573620000.0,7301620000.0,5.534284719805082,1.239314115308151,0.20100722574994526,1.7320754716981133,-0.03963361442279732,5.534284719805082,-0.0949685534591195,2.6303067484662574,-9.227847682119204,3.5054213836477985,0.0,1.4606741573033708,0.0,0.15466024377782644,0.7025347912524851,-0.011021093350850303,-13.270523809523809,0.20245398773006135,-1.7182350390286212,-4.925700821976492,-0.2063161202647066,-0.4501578653208662,-0.573982125124131,-10.4375,-1.8468468468468469,-6.379717567500372,-0.27583518188681116,-0.5071081414865952,Specialty Business Services,Industrials,KODK
