Quarters,Year,Quarter,FillingDate,Date,NetIncome,Revenue,OperatingIncome,EPSDiluted,GrossProfit,GrossProfitRatio,TotalAssets,CommonStockEquity,CurrentAssets,CurrentLiability,TotalLiability,Inventory,RetainedEarnings,MarketCap,EnterpriseValue,bookValuePerShare,currentRatio,debtToAssets,debtToEquity,roic,shareholdersEquityPerShare,roe,priceToSalesRatio,peRatio,pbRatio,payoutRatio,inventoryTurnover,dividendYield,assetTurnover,quickRatio,returnOnAssets,priceToFreeCashFlowsRatio,grossProfitMargin,epsdilutedGrowth,fiveYNetIncomeGrowthPerShare,fiveYRevenueGrowthPerShare,fiveYShareholdersEquityGrowthPerShare,grossProfitGrowth,netIncomeGrowth,operatingIncomeGrowth,threeYNetIncomeGrowthPerShare,threeYRevenueGrowthPerShare,threeYShareholdersEquityGrowthPerShare,Industry,Sector,Symbol
2023Q4,2023,Q4,2023-03-31,2023-03-31,39821000000.0,920194000000.0,871821000000.0,5.84,920194000000.0,1.0,270428564000000.0,12681609000000.0,76140262000000.0,4919011000000.0,257637460000000.0,0.0,7423600000000.0,7271549880655.056,-39259566119344.945,1858.4242191660683,15.478774493490663,0.10865288623874807,2.3169649844905327,0.012955126624576811,1858.4242191660683,0.003140058962549626,7.902192234088742,45.651477114180054,0.5733933194640408,,0.0,,0.0034027248689602182,15.478774493490663,0.00014725145676549168,0.0,1.0,-0.8336656223298206,-0.5229296595077532,-0.07800872137041759,0.26071138464834726,0.03758771123707376,-0.8344888068696642,-0.03059479438163267,-0.5642639125994517,0.2509565496532802,0.20431197976113036,Banks—Diversified,Financial Services,SMFG
2023Q3,2023,Q3,2022-12-31,2022-12-31,240594000000.0,886859000000.0,899336000000.0,35.11,886859000000.0,1.0,264636170000000.0,12367141000000.0,67969653000000.0,3814845000000.0,252160610000000.0,0.0,7381273000000.0,7188036134531.269,-35054872865468.734,1804.7812529183752,17.81714669927612,0.09631916906899007,2.0610694096557967,0.018873820213822196,1804.7812529183752,0.01945429424634198,8.10504954511514,7.469051737087447,0.5812205209378036,,0.0,,0.0033512387970246094,17.81714669927612,0.000909150098416252,0.0,1.0,-0.11872489959839366,0.1386444753947576,-0.5135207929988095,0.0,-0.14064133658785213,-0.11866455668381028,0.08786784985048918,-0.3136510081557621,-0.41234276198691483,0.13377529391649112,Banks—Diversified,Financial Services,SMFG
2023Q2,2023,Q2,2022-09-30,2022-09-30,272988000000.0,1032001000000.0,826696000000.0,39.84,1032001000000.0,1.0,271748777000000.0,12653974000000.0,71025087000000.0,3318781000000.0,258987939000000.0,0.0,7297926000000.0,5443369917464.903,-39139719082535.09,1846.63982161411,21.400956254721237,0.0964480881545973,2.071258404671924,0.015626384995796626,1846.63982161411,0.0215733017943612,5.274578142332133,4.984990107133742,0.4301707840924048,,0.0,,0.003797628866605718,21.400956254721237,0.0010045601787565727,0.0,1.0,0.08202064095600226,0.4846113401263418,1.0326493818306368,0.18357341075919043,0.0903672695729716,0.0814018436137047,0.49749118745629956,5.978860294706921,1.384114955964027,0.13076020330295476,Banks—Diversified,Financial Services,SMFG
2023Q1,2023,Q1,2022-06-30,2022-06-30,252439000000.0,946471000000.0,552054000000.0,36.82,946471000000.0,1.0,269691834000000.0,12346239000000.0,74873380000000.0,3011064000000.0,257246422000000.0,0.0,7024916000000.0,5462770021254.261,-37244162978745.74,1801.2119767122856,24.866087203725993,0.118430360038265,2.586998437337881,0.00910649071536219,1801.2119767122856,0.020446631561239013,5.771724671177734,5.409990157279839,0.44246430198332143,0.0,0.0,0.0,0.003509453682605755,24.866087203725993,0.0009360275995601706,12652623.09497223,1.0,,,,,,,,,,,Banks—Diversified,Financial Services,SMFG
2022Q4,2022,Q4,2022-03-31,2022-03-31,85255000000.0,917337000000.0,177036000000.0,12.44,917337000000.0,1.0,257704625000000.0,12099688000000.0,75020731000000.0,2996365000000.0,245507296000000.0,0.0,6916468000000.0,5257252653644.702,-37410408346355.3,1765.7508771478736,25.03724713110719,0.12465613296618173,2.6549826739334104,0.005060927906797001,1765.7508771478736,0.007046049451853635,5.730993793605514,15.416259027754096,0.4344948938885616,,0.0,,0.003559645078158764,26.248697338274877,0.00033082448559081936,0.0,1.0,-0.6736621196222455,-0.4744686985053108,-0.05665459547504198,0.23994383153474588,-0.11350504594647615,-0.67360760172126,-0.6449886399412846,-0.01664129749270106,0.23674158195652925,0.1503630199315647,Banks—Diversified,Financial Services,SMFG
2022Q3,2022,Q3,2021-12-31,2021-12-31,261204000000.0,1034791000000.0,498677000000.0,38.12,1034791000000.0,1.0,250648163000000.0,12230907000000.0,199073409000000.0,3178307000000.0,238326460000000.0,0.0,6834716000000.0,5353653060182.862,-35976760939817.14,1784.9001365625352,62.63504721224224,0.127145591727317,2.6055965432490003,0.008372131157025753,1784.9001365625352,0.021356061328894088,5.173656381030432,5.124015195195003,0.43771513103507875,,0.0,,0.004128460339045054,23.102959531599684,0.0010421141606371956,0.0,1.0,0.5983228511530396,6.529095805792049,-0.299090467140603,0.3205065992595263,0.4423702022792658,0.5974314283093294,0.0,-0.025538052852679,-0.41074829116854855,0.19400126244703475,Banks—Diversified,Financial Services,SMFG
2022Q2,2022,Q2,2021-09-30,2021-09-30,163515000000.0,717424000000.0,0.0,23.85,717424000000.0,1.0,234014920000000.0,12777980000000.0,193954391000000.0,4196637000000.0,221166966000000.0,0.0,6345833000000.0,5333915402732.848,-33531201597267.156,1864.7364620623264,46.2166232152078,0.14348087292895684,2.6276974138322333,0.0,1864.7364620623264,0.012796623566479209,7.434815956439773,8.15508577612581,0.41743025131772377,,0.0,,0.003065719057571201,17.265243574795722,0.0006987374993013266,0.0,1.0,-0.19556125202374522,-0.49928133583162077,-0.011832855761704614,0.3549530044604668,-0.11168343606291062,-0.19547044670665165,0.0,0.22917832860056955,0.5450399587734321,0.13838684120766825,Banks—Diversified,Financial Services,SMFG
2022Q1,2022,Q1,2021-06-30,2021-06-30,203243000000.0,807622000000.0,0.0,29.648,807622000000.0,1.0,240120007000000.0,11947540000000.0,191044786000000.0,3979203000000.0,228100312000000.0,0.0,6557286000000.0,5267724745960.526,-36041456254039.48,1743.547373680983,48.01081673892988,0.13065428571306015,2.6258717694186418,0.0,1743.547373680983,0.017011284331335152,6.522512692770289,6.4795893904839605,0.4409045498873012,,0.0,,0.0033634098636353945,18.32384751418814,0.0008464225973473339,0.0,1.0,1.6499372853466525,0.1002410706391644,-0.21700716569549944,0.35616960043979023,0.1998490572765238,1.5765120494910183,0.0,-0.08329555975344247,-0.26866390041222005,0.0,Banks—Diversified,Financial Services,SMFG
2021Q4,2021,Q4,2021-03-31,2021-03-31,78883000000.0,673103000000.0,0.0,11.188189306948669,673103000000.0,1.0,242584308000000.0,11828207000000.0,196056896000000.0,6302855000000.0,230685265000000.0,0.0,6492586000000.0,5654053818160.0,-36552181181840.0,1677.626599872918,31.1060457522821,0.12516324839939771,2.566968941277406,0.0,1677.626599872918,0.006669058125208664,8.399983090492837,17.919113808298366,0.47801444615908395,,0.0,,0.002774717810683781,16.466301858443515,0.00032517766977738726,0.0,1.0,-0.3289237496490765,2.740768137125778,-0.23454370741438418,0.28618462557026947,-0.15031880259990432,-0.518415863344709,0.0,-0.08534025949932166,-0.3472681095684774,0.13806252191318927,Banks—Diversified,Financial Services,SMFG
2021Q3,2021,Q3,2020-12-31,2020-12-31,163799000000.0,792183000000.0,0.0,16.672009031906686,792183000000.0,1.0,233005116000000.0,11445613000000.0,185311778000000.0,3457565000000.0,221491394000000.0,0.0,6412912000000.0,4485965209183.11,-34699468790816.89,1623.362257749739,53.59603593858684,0.12922716254865407,2.630753809341623,0.0,1623.362257749739,0.014311072722797809,5.662789038874995,6.846753046696119,0.3919375230652225,0.0,0.0,0.0,0.0033998523877904895,20.106335528037796,0.0007029845645105922,0.0,1.0,-0.36127910451816225,-0.1263614668235071,-0.4788881676601693,0.1940813718188523,-0.003380426988060941,-0.10995734507023121,0.0,-0.24658246246688253,-0.5776657025949966,0.0,Banks—Diversified,Financial Services,SMFG
2021Q2,2021,Q2,2020-09-30,2020-09-30,184035000000.0,794870000000.0,0.0,26.102181954341216,794870000000.0,1.0,225757919000000.0,11234433000000.0,183645813000000.0,3136144000000.0,214458252000000.0,0.0,6427428000000.0,4163786751238.4004,-35231968248761.6,1593.410027004947,58.55783822426521,0.1288047441649212,2.588354125214864,0.0,1593.410027004947,0.0163813340646564,5.238324192935197,5.656243039691363,0.3706272271362872,0.0,0.0,0.0,0.003520895317962246,29.651141337897748,0.0008151873511909897,0.0,1.0,1.077206903894733,0.010519081644132823,0.3463811973286839,0.14809919330463117,0.0761453345193176,1.1375805795923108,0.0,-0.027273448029810483,0.52159680852693,0.021269940313372544,Banks—Diversified,Financial Services,SMFG
2021Q1,2021,Q1,2020-06-30,2020-06-30,86095000000.0,738627000000.0,0.0,12.566,738627000000.0,1.0,226147489000000.0,10893401000000.0,182611680000000.0,5731814000000.0,215189131000000.0,0.0,6243623000000.0,4135855443682.8604,-27717647556317.14,1590.7780176528431,31.859317137646126,0.1385615163739448,2.876543239342791,0.0,1590.7780176528431,0.007903408678336546,5.599382968240885,12.009569207511646,0.3796661339909235,0.0,0.0,0.0,0.0032661295655597574,11.062387579220122,0.0003807028783768632,0.0,1.0,-0.06170819099158541,-0.6791411074357292,-0.32919416153919084,0.1791775399595891,-0.013842549015681013,-0.07477459082458383,0.0,-0.6329789807628496,-0.33315058910479284,0.13372330033805155,Banks—Diversified,Financial Services,SMFG
2020Q4,2020,Q4,2020-03-31,2020-03-31,93053000000.0,748995000000.0,0.0,13.392422143469132,748995000000.0,1.0,219863518000000.0,10722032000000.0,183218560000000.0,7498461000000.0,209078617000000.0,0.0,6336311000000.0,3575529974254.233,-28217722025745.766,1543.1418522754195,24.434155221984884,0.13633603825078427,2.7956753906349094,0.0,1543.1418522754195,0.008678672102452222,4.773770151007994,9.606165234474528,0.33347503292792197,,0.0,,0.003406636111407987,11.139875369092405,0.0004232307426282518,0.0,1.0,-0.7382040901302889,0.2824675319340836,-0.21579071215529855,0.1689766588635488,-0.5105346839790855,-0.7382033535899167,0.0,-0.43430466005553187,-0.24038376503259326,0.08362354263849489,Banks—Diversified,Financial Services,SMFG
2020Q3,2020,Q3,2019-12-31,2019-12-31,355440000000.0,1530231000000.0,0.0,51.15596401079827,1530231000000.0,1.0,212439441000000.0,11060349000000.0,170628622000000.0,3234900000000.0,201045561000000.0,0.0,6243496000000.0,5605439260247.716,-27808692739752.28,1591.833287073997,52.74618133481715,0.11157084055780395,2.1429746023384975,0.0,1591.833287073997,0.032136418118451776,3.6631327297955116,3.9426058267553707,0.5068049172994195,,0.0,,0.007203139835036565,17.73020649788247,0.0016731356396291778,0.0,1.0,7.961751802733096,0.19975630762779842,-0.05457729559968819,0.2875759229352883,2.4864028032826475,7.9615006429165724,0.0,9.104219978048638,0.022209262708691023,0.1776716901094546,Banks—Diversified,Financial Services,SMFG
2020Q2,2020,Q2,2019-09-30,2019-09-30,39663000000.0,438914000000.0,0.0,5.708254941315945,438914000000.0,1.0,201518047000000.0,11347049000000.0,170772238000000.0,1435492000000.0,189843950000000.0,0.0,5777873000000.0,5126773531101.861,-27459471468898.14,1633.0958732188028,118.96425615747074,0.12639464494214753,2.2447071480875778,0.0,1633.0958732188028,0.0034954462609617706,11.680587839763282,32.31458494756991,0.4518155805180591,,0.0,,0.00217803817838707,40.47443385264425,0.00019682108173666452,0.0,1.0,-0.8160289112635056,-0.7559556541547597,-0.18972033366968907,0.3378565665568781,-0.5423669789051356,-0.8161426247062259,0.0,-0.8802169868962404,-0.40377877188746936,0.18663854384150907,Banks—Diversified,Financial Services,SMFG
2020Q1,2020,Q1,2019-06-30,2019-06-30,215727000000.0,959096000000.0,0.0,31.028,959096000000.0,1.0,204572522000000.0,10699124000000.0,166796868000000.0,3571803000000.0,193351036000000.0,0.0,6075295000000.0,5288174124914.093,-28307014875085.906,1539.844875214362,46.698227197860575,0.1193863025260059,2.282724922152505,0.0,1539.844875214362,0.020163052601315772,5.513706787343595,6.128317416125581,0.49426234567559857,,0.0,,0.004688293376957048,16.31536061759285,0.001054525788170124,0.0,1.0,1.4523961787857969,-0.08043073137674203,-0.05008116969206472,0.40262990463701287,0.2624434984744259,1.4293854660525456,0.0,0.15172886685600953,-0.08296646279735724,0.19772530456107631,Banks—Diversified,Financial Services,SMFG
2019Q4,2019,Q4,2019-03-31,2019-03-31,88799000000.0,759714000000.0,0.0,12.65211561998202,759714000000.0,1.0,203659146000000.0,10773069000000.0,169697114000000.0,5132194000000.0,192207537000000.0,0.0,5992247000000.0,5627183036832.0,-28215737963168.0,1534.9510081199571,33.06521811139641,0.11572451059968601,2.187710391532812,0.0,1534.9510081199571,0.00824268367723255,7.406975568216461,15.84247299190306,0.5223379741494276,,0.0,,0.003730321053197385,14.645826521756582,0.0004360177372048884,0.0,1.0,-0.6765605763697158,0.3981955030646208,9.072618547782662,0.3607206525257025,-0.5776250478130532,-0.6765605763697158,0.0,3.2302315128924053,-0.13210399196055356,0.17679964528282088,Banks—Diversified,Financial Services,SMFG
2019Q3,2019,Q3,2018-12-31,2018-12-31,274546000000.0,1798672000000.0,0.0,39.11741950926906,1798672000000.0,1.0,202000264000000.0,10491898000000.0,165936284000000.0,4037874000000.0,190670462000000.0,0.0,5903515000000.0,5041032967414.0,-26259501032586.0,1494.889656066601,41.09496333961882,0.11351705956186275,2.18554126241029,0.0,1494.889656066601,0.02616742938217661,2.8026415974752483,4.590335469660822,0.4804691169714002,,0.0,,0.00890430519437341,13.49340940306706,0.001359136837563737,0.0,1.0,1.0150017247579837,0.08478826179133837,0.13594330095829188,0.39910556027375294,2.781948468651833,1.014986935971582,0.0,0.4710056653201715,0.1886009684391011,0.09958198344968648,Banks—Diversified,Financial Services,SMFG
2019Q2,2019,Q2,2018-09-30,2018-09-30,136252000000.0,475594000000.0,0.0,19.41309480217311,475594000000.0,1.0,199370561000000.0,11496682000000.0,171633512000000.0,2013278000000.0,186740372000000.0,0.0,5629654000000.0,6485421108317.899,-25706837891682.1,1638.051666236851,85.25077609748877,0.1233941604849073,2.139848958160276,0.0,1638.051666236851,0.011851419392134183,13.636465363982513,11.899680570409792,0.5641124202894278,,0.0,,0.0023854775630590716,28.234577142351924,0.0006834108271381149,0.0,1.0,-0.3996073853475256,-0.22478590406905352,-0.09390945761547936,0.545852325718056,-0.5795203677917026,-0.39999295414912545,0.0,-0.24843651979651588,-0.19074202387346526,0.18026481867494648,Banks—Diversified,Financial Services,SMFG
2019Q1,2019,Q1,2018-06-30,2018-06-30,227084000000.0,1131075000000.0,0.0,32.334,1131075000000.0,1.0,,,,,,,,6025225209669.387,,,0.0,0.0,0.0,0.0,,0.0,5.326989995950212,6.6332559864074385,0.0,,0.0,,0.0,0.0,0.0,0.0,1.0,1.6438266557645136,-0.23534062124571012,-0.004905934961691138,0.0,0.09684360784283302,1.6330716695847778,0.0,-0.1742823263458393,0.0022405112196106497,0.0,Banks—Diversified,Financial Services,SMFG
2018Q4,2018,Q4,2018-03-31,2018-03-31,86243000000.0,1031209000000.0,0.0,12.23,1031209000000.0,1.0,199049128000000.0,10393284000000.0,161098026000000.0,5954121000000.0,187436240000000.0,0.0,5552573000000.0,6381260675320.96,-22632075324679.04,1474.1075886170745,27.056558978227013,0.12418665807970784,2.3783864657215177,0.0,1474.1075886170745,0.008297954717681149,6.188135164957792,18.49790903412729,0.6139792461478931,,0.0,,0.0051806757977859615,12.795277254190838,0.0004332749450678327,0.0,1.0,-0.6033800559317044,2.7032726850909192,8.453308026863164,0.513140614852685,-0.4502344426821629,-0.6033126655872829,0.0,0.17135218258716473,0.0640141264529177,0.11668111470508846,Banks—Diversified,Financial Services,SMFG
2018Q3,2018,Q3,2017-12-31,2017-12-31,217408000000.0,1875725000000.0,0.0,30.835564834566334,1875725000000.0,1.0,,,,,,,,6905609017577.6,,,0.0,0.0,0.0,0.0,,0.0,3.6815679364392966,7.94084051366279,0.0,,0.0,,0.0,0.0,0.0,0.0,1.0,0.17848450517939526,-0.19532702691195858,0.22478776627143016,0.0,2.5906464876950643,0.1491212769893496,0.0,-0.2768141856450656,0.1420518846993374,0.0,Banks—Diversified,Financial Services,SMFG
2018Q2,2018,Q2,2017-09-30,2017-09-30,189195000000.0,522392000000.0,0.0,26.165439340988517,522392000000.0,1.0,197288043000000.0,11000454000000.0,167967849000000.0,12670192000000.0,184753085000000.0,0.0,4929792000000.0,6113685769098.653,-17939427230901.344,1560.224152407752,13.256930044943282,0.13147209838763518,2.357891137947579,0.0,1560.224152407752,0.017198835611693844,11.703253053451533,8.07855092510195,0.5557666773661026,,0.0,,0.00264786447296251,3.9497543525780823,0.0009589785428608058,0.0,1.0,-0.23555453602347448,0.049176907222793255,0.21853052004192733,0.8760011922733582,-0.5419325760724502,-0.2166552115335249,0.0,0.14720354703887092,-0.04961480898794968,0.27815896288146796,Banks—Diversified,Financial Services,SMFG
2018Q1,2018,Q1,2017-06-30,2017-06-30,241522000000.0,1140426000000.0,0.0,34.228,1140426000000.0,1.0,201864739000000.0,9892957000000.0,161302064000000.0,4279136000000.0,190456584000000.0,0.0,5172476000000.0,6207247902066.605,-16543840097933.39,1403.1448565787682,37.695007590317296,0.12316460578090362,2.5131607263632096,0.0,1403.1448565787682,0.024413529746465087,5.442920366658254,6.4251371532061325,0.6274411080596636,,0.0,,0.005649456193535613,11.678962061500265,0.001196454622022918,0.0,1.0,1.567894356677568,0.9679117309832177,0.13182562883067478,0.8575117746262132,0.17555874876560898,0.49235046959960455,0.0,0.014575282137160793,0.11311276510849064,0.2781111708418124,Banks—Diversified,Financial Services,SMFG
2017Q4,2017,Q4,2017-03-31,2017-03-31,161840000000.0,970114000000.0,0.0,13.329208777998714,970114000000.0,1.0,197791611000000.0,9735018000000.0,160912500000000.0,7581151000000.0,186557329000000.0,0.0,5036756000000.0,5539823331637.151,-16884608668362.852,1424.0571485906,21.22533900195366,0.12356998295544495,2.510637987520927,0.0,1424.0571485906,0.016624519851940696,5.7104869444592605,8.557561992766237,0.569061436931822,,0.0,,0.0049047277338774495,8.859031168222344,0.0008182349048160591,0.0,1.0,1.6327650967928347,3.444203478836122,8.509252256387297,0.7324512775657656,-0.34133058671042793,3.6761051719156312,0.0,1.6162622698870015,11.583337752457574,0.2624142153158917,Banks—Diversified,Financial Services,SMFG
2017Q3,2017,Q3,2016-12-31,2016-12-31,34610000000.0,1472839000000.0,0.0,5.0628173376485455,1472839000000.0,1.0,192306072000000.0,9240228000000.0,154540615000000.0,3964736000000.0,181473539000000.0,0.0,4873833000000.0,6072383036485.004,-14243314963515.0,1351.678316157918,38.978790769423235,0.11289094917398136,2.3494674590280673,0.0,1351.678316157918,0.003745578572303627,4.122910268186138,43.86292282927625,0.6571680954717789,,0.0,,0.007658827330215554,11.194289607176872,0.00017997351638485964,0.0,1.0,-0.8924550756791861,-0.6377193412623109,0.7667563664871032,0.9179497457886814,1.0335047205109584,-0.8937636402144986,0.0,-0.8596000224868248,-0.04501722427052983,0.26507039510463504,Banks—Diversified,Financial Services,SMFG
2017Q2,2017,Q2,2016-09-30,2016-09-30,325783000000.0,724286000000.0,0.0,47.076302016316596,724286000000.0,1.0,174682853000000.0,9408114000000.0,148890873000000.0,8515235000000.0,163754895000000.0,0.0,4590242000000.0,4669703665948.986,-15452969334051.016,1376.2370029983822,17.48523358427571,0.11191066933169451,2.077873950081812,0.0,1376.2370029983822,0.034627875470046386,6.447320072387132,3.583446393726028,0.4963485419021269,,0.0,,0.0041462913363339675,6.424217769679874,0.001864997018339287,0.0,1.0,0.7480988494733233,2.095215096866567,-0.208980439801107,0.9287286593370861,-0.2961256522115182,0.7678119878883909,0.0,0.903017472549363,0.41670981717358246,0.2987741569298465,Banks—Diversified,Financial Services,SMFG
2017Q1,2017,Q1,2016-06-30,2016-06-30,184286000000.0,1028999000000.0,0.0,26.93,1028999000000.0,1.0,181371336000000.0,8788790000000.0,142884838000000.0,3694186000000.0,171073237000000.0,0.0,4616228000000.0,4006606352940.5054,-17775988647059.492,1285.6410976293603,38.67830098430344,0.09693538895252997,2.00042338023778,0.0,1285.6410976293603,0.020968301666099656,3.89369314541657,5.435310269011897,0.4558769014779629,,0.0,,0.005673437835844138,11.296430661585529,0.0010160701468284934,0.0,1.0,8.006688963210701,-0.09213811671020979,0.08311745839396081,0.79994492911423,0.20689113221511066,8.013303335615769,0.0,-0.36289721726801355,-0.07055571856606659,0.3257684055420753,Banks—Diversified,Financial Services,SMFG
2016Q4,2016,Q4,2016-03-31,2016-03-31,20446000000.0,852603000000.0,0.0,2.99,852603000000.0,1.0,186585842000000.0,8916642000000.0,149539643000000.0,6517976000000.0,176138178000000.0,0.0,4534472000000.0,4585050418722.303,-17117442581277.695,1304.343533984548,22.94265014170043,0.11301362833306505,2.3648749159156552,0.0,1304.343533984548,0.0022930156890901307,5.377708521694508,56.06292696275925,0.5142126844076842,,0.0,,0.004569494613637406,9.569546589309319,0.00010957958964539228,0.0,1.0,-0.8875614241817482,1.4070295763988612,26.3967624510789,0.6494523850175887,-0.42155543102313636,-0.8875295670828979,0.0,-0.09450831781541666,7.355701671625732,0.33888136268539,Banks—Diversified,Financial Services,SMFG
2016Q3,2016,Q3,2015-12-31,2015-12-31,181790000000.0,1473958000000.0,0.0,26.592296978512973,1473958000000.0,1.0,187505952000000.0,9293850000000.0,143532622000000.0,8097233000000.0,176493780000000.0,0.0,4514043000000.0,6249750886128.049,-6820147113871.953,1359.5072296262324,17.726132124393605,0.14188568798072074,2.862582352846237,0.0,1359.5072296262324,0.019560246829892887,4.240114634289477,8.594739653072294,0.6724609162110481,,0.0,,0.0078608597981999,5.1441410911604,0.0009695158903542432,0.0,1.0,0.029487549764133543,0.9022450399259062,0.714101108374224,0.8370671058217939,1.5749364545573656,0.029493379846190437,0.0,-0.30605770363729046,-0.007372604809397863,0.6366286924032121,Banks—Diversified,Financial Services,SMFG
2016Q2,2016,Q2,2015-09-30,2015-09-30,176582000000.0,572425000000.0,0.0,25.830615420852393,572425000000.0,1.0,182305423000000.0,9487729000000.0,149983402000000.0,15291869000000.0,171131468000000.0,0.0,3889763000000.0,6259215747120.0,-8487381252880.0,1387.8679092340058,9.80804910112688,0.15906237194052095,3.0563618543489173,0.0,1387.8679092340058,0.018611619282127474,10.93456041773158,8.861627667485926,0.6597169614688616,,0.0,,0.0031399230509999696,4.166614100604707,0.000968605305833387,0.0,1.0,-0.34034896008855425,-0.12282109404114386,-0.42900879240571504,0.8752334426436007,-0.47924911074115517,-0.34079217530891853,0.0,0.009938608689211384,0.37710787559061837,0.6687614074060859,Banks—Diversified,Financial Services,SMFG
2016Q1,2016,Q1,2015-06-30,2015-06-30,267870000000.0,1099230000000.0,0.0,39.158,1099230000000.0,1.0,187315077000000.0,9222412000000.0,143003711000000.0,8584339000000.0,176395547000000.0,0.0,4258030000000.0,7493704885911.79,-9758394114088.21,1349.0572570669551,16.658674709840792,0.1401454459536111,2.8464738942480556,0.0,1349.0572570669551,0.029045546869951158,6.817231048926785,6.993788858319138,0.812553688331403,,0.0,,0.005868347693122428,5.290455793975518,0.0014300503957831434,0.0,1.0,2.7497969431888225,0.2922015247778886,0.4073803448905033,0.8832368547084377,0.1697370717359565,2.7522061913433253,0.0,1.251036159546457,0.12515009641784522,0.7859095074166623,Banks—Diversified,Financial Services,SMFG
2015Q4,2015,Q4,2015-03-31,2015-03-31,71390000000.0,939724000000.0,0.0,10.442698789631017,939724000000.0,1.0,183442585000000.0,9024531000000.0,142696213000000.0,11334136000000.0,172746316000000.0,0.0,4098425000000.0,6330558051683.1,-6822025948316.898,1320.079268114408,12.589950658788636,0.14498484634851827,2.9471221274546013,0.0,1320.079268114408,0.007910660398861725,6.736614209792556,22.16892440006689,0.7014833293478742,,0.0,,0.0051227145539842886,5.514393245325449,0.0003891680876607795,0.0,1.0,-0.7550876181850618,-0.7402903322632517,0.6836860414512921,0.6721692813399446,-0.4099131061626933,-0.7550876181850616,0.0,2.0781360801925697,8.2737597154639,0.6059559244489038,Banks—Diversified,Financial Services,SMFG
2015Q3,2015,Q3,2014-12-31,2014-12-31,291492000000.0,1592518000000.0,0.0,42.6385089730652,1592518000000.0,1.0,175695844000000.0,8451803000000.0,130975355000000.0,6397480000000.0,165442357000000.0,0.0,4026998000000.0,5993441507797.38,-3721844492202.621,1236.3024647471607,20.472960446925978,0.1334094618652448,2.773312155997957,0.0,1236.3024647471607,0.03448873571710084,3.763500009291813,5.140313891802673,0.7091317092692979,,0.0,,0.009064061868190804,5.471677754365782,0.0016590716852699146,0.0,1.0,0.8228617526218037,0.44982714372790583,0.40232815468657807,0.36702863506729577,1.9880404680241066,0.8228731520624359,0.0,2.051089164028466,0.910251059517576,0.754238393584403,Banks—Diversified,Financial Services,SMFG
2015Q2,2015,Q2,2014-09-30,2014-09-30,159908000000.0,532964000000.0,0.0,23.390972415619924,532964000000.0,1.0,168119114000000.0,8345008000000.0,137412324000000.0,14130634000000.0,158036824000000.0,0.0,3413163000000.0,6090826210476.899,-6561158789523.102,1220.6808368267427,9.724427368227072,0.1429292507453971,2.8794626679806656,0.0,1220.6808368267427,0.019162114643868525,11.428213182272911,9.522391328884265,0.7298766173114393,,0.0,,0.0031701570827930964,3.8145758357339097,0.0009511589503142398,0.0,1.0,-0.30681091703354896,0.9472958412007858,-0.5505615758687379,0.30164305902121635,-0.46350100814265194,-0.3072177454293389,0.0,0.5192082784086912,-0.4179507727513915,0.710724322018599,Banks—Diversified,Financial Services,SMFG
2015Q1,2015,Q1,2014-06-30,2014-06-30,230820000000.0,993411000000.0,0.0,33.744,993411000000.0,1.0,162438236000000.0,7505135000000.0,121251229000000.0,5388682000000.0,153227565000000.0,0.0,3657602000000.0,5883155098527.054,-6124322901472.945,1097.8269250667795,22.501091918209312,0.1259482711939817,2.7259756153620156,0.0,1097.8269250667795,0.03075494311561351,5.922176318288255,6.372016179844742,0.7838839805715757,,0.0,,0.006115622925134449,6.361637224093016,0.0014209708605798946,0.0,1.0,2.729076659787876,0.9608591677612821,-0.08199416283190414,0.21820929530181385,11.872159961476163,2.7433103045635887,0.0,0.13706576957335592,0.04562095453457487,0.5369981641553668,Banks—Diversified,Financial Services,SMFG
2014Q4,2014,Q4,2014-03-31,2014-03-31,61662000000.0,-91372000000.0,0.0,9.048888794342856,-91372000000.0,1.0,158615655000000.0,7686841000000.0,127746594000000.0,13091676000000.0,149197488000000.0,0.0,3114716000000.0,6120552050294.269,-5743285949705.73,1128.0427068339536,9.75784872769537,0.13456985692868714,2.7768085745496753,0.0,1128.0427068339536,0.008021760824765335,-66.98498500956823,24.81492673889214,0.796237628733867,,0.0,,-0.0005760591538079895,3.995511651831286,0.00038875103469452623,0.0,1.0,-0.7490599208868487,1.083704830901345,-1.2667082840820973,0.9302865488156871,-1.0594347416008065,-0.7490599208868487,0.0,2.231465368746885,-1.7304335783922027,0.42650512285286013,Banks—Diversified,Financial Services,SMFG
2014Q3,2014,Q3,2013-12-31,2013-12-31,245724000000.0,1537350000000.0,0.0,36.059958322809905,1537350000000.0,1.0,157103235000000.0,7280832000000.0,116135055000000.0,5282158000000.0,147802202000000.0,0.0,3349313000000.0,7525787833500.004,-3206968166499.996,1068.4609499901542,21.98628950516058,0.10750118544662686,2.3196228123379306,0.0,1068.4609499901542,0.03374943962448248,4.895298945262955,7.656748866105879,1.03364393430586,,0.0,,0.00978560371465298,5.56733516869431,0.0015640925535365328,0.0,1.0,0.4399465566546341,903.041536365366,0.04480667937226485,0.3383093190965684,2.0166890691992974,0.4399549948138555,0.0,1.579501760036971,0.7935597980087434,0.44378376393162433,Banks—Diversified,Financial Services,SMFG
2014Q2,2014,Q2,2013-09-30,2013-09-30,170647000000.0,509615000000.0,0.0,25.04256713984334,509615000000.0,1.0,146753854000000.0,7220744000000.0,116198764000000.0,7669997000000.0,137570198000000.0,0.0,2882340000000.0,6479557069086.293,-1115973930913.707,1059.6430454480624,15.149779589222787,0.12002391432936405,2.439356941611557,0.0,1059.6430454480624,0.02363288325967518,12.714612146593591,9.492632552998725,0.8973531078080449,,0.0,,0.0034725834184906653,3.291200765789087,0.0011628110291399911,0.0,1.0,-0.40789314938659527,2.839001057109695,-0.6246194242588338,0.18838431969558986,-0.5382173685326509,-0.40816206205303573,0.0,-0.1495825027125836,-0.49002978463083546,0.4317487009160913,Banks—Diversified,Financial Services,SMFG
2014Q1,2014,Q1,2013-06-30,2013-06-30,288334000000.0,1103582000000.0,0.0,42.294,1103582000000.0,1.0,146677441000000.0,6608067000000.0,104303435000000.0,4335073000000.0,137926634000000.0,0.0,3006716000000.0,6377722683881.328,1841181683881.3281,969.7327921340018,24.060364150730564,0.10455026277694605,2.3206733527368897,0.0,969.7327921340018,0.04363363749187168,5.779110826274194,5.529804570291162,0.9651419520839193,,0.0,,0.007523870013521711,4.981768703779613,0.001965769228275533,0.0,1.0,11.804546757767904,1.8119730527329698,0.021285755493750547,0.03735447346221225,9.252931498653904,11.8102896747823,0.0,0.3953842280339276,0.4174876988028138,0.3537131384153184,Banks—Diversified,Financial Services,SMFG
2013Q4,2013,Q4,2013-03-31,2013-03-31,22508000000.0,-133720000000.0,0.0,3.3030454572195036,-133720000000.0,1.0,148007726000000.0,6638535000000.0,103215306000000.0,10666805000000.0,139265076000000.0,0.0,2596104000000.0,4871516843484.568,10581501843484.568,974.2039663383098,9.676309447861849,0.11833745760001745,2.6383619277446004,0.0,974.2039663383098,0.0033905070923027445,-36.43072721720437,54.1087262693772,0.733824080687165,,0.0,,-0.0009034663501282359,4.065142748929975,0.0001520731424520366,0.0,1.0,-0.9138050033276406,1.03055412302435,-1.3903190446466975,0.6670404414950363,-1.0909366639600564,-0.9132375559418859,0.0,-0.9178533389217708,-1.240358472527766,0.23404251973243678,Banks—Diversified,Financial Services,SMFG
2013Q3,2013,Q3,2012-12-31,2012-12-31,259421000000.0,1470474000000.0,0.0,38.32061702809612,1470474000000.0,1.0,142891234000000.0,5623465000000.0,89644114000000.0,3456854000000.0,135187514000000.0,0.0,2567637000000.0,4329188558621.7617,11645952558621.762,830.6754219431062,25.932282358468132,0.10692508961046554,2.716947291394185,0.0,830.6754219431062,0.046131877765754746,2.944076915757614,4.171971967016704,0.7698436032982799,,0.0,,0.010290862209224115,2.786533651696022,0.0018155137494298636,0.0,1.0,0.4982875624476594,959.7174024556472,0.00593578584503554,0.04046915176560965,2.5723024449022427,0.4982875624476595,0.0,0.30300688438312384,0.3075992070873025,-0.08148926284388656,Banks—Diversified,Financial Services,SMFG
2013Q2,2013,Q2,2012-09-30,2012-09-30,173145000000.0,411632000000.0,0.0,25.57627653632398,411632000000.0,1.0,138904559000000.0,5630235000000.0,94775180000000.0,8613182000000.0,131271012000000.0,0.0,2382208000000.0,3230960166114.824,12090825166114.824,831.6754588610127,11.003503699329702,0.12397305836448463,3.0585620316025883,0.0,831.6754588610127,0.030752712808612786,7.849147214295352,4.665107519874706,0.5738588471200268,,0.0,,0.0029634160531764836,4.311908305200099,0.001246503363507313,0.0,1.0,0.4697320156490047,0.9004238621311564,-0.7399073098227388,0.0,-0.5745264959667916,0.46929787342373686,0.0,1.1292354804805136,-0.6494633367480632,-0.11316328091224619,Banks—Diversified,Financial Services,SMFG
2013Q1,2013,Q1,2012-06-30,2012-06-30,117842000000.0,967468000000.0,0.0,17.402,967468000000.0,1.0,138120170000000.0,5113798000000.0,88636592000000.0,2819743000000.0,130979139000000.0,0.0,2202732000000.0,3565209986122.4365,10796859986122.438,755.3894816419793,31.434280358174487,0.10265409461920008,2.772616556226898,0.0,755.3894816419793,0.02304392938477429,3.6850934461113303,7.563538437319539,0.6971745825944702,,0.0,,0.007004538149641721,3.0674171369518426,0.0008531845855677705,0.0,1.0,2.79663556763127,-0.44988424221201617,-0.2406194778164617,0.0,8.562183921522648,2.7971664302816794,0.0,0.010939267265136783,-0.09717187014786573,-0.1617781755047573,Banks—Diversified,Financial Services,SMFG
2012Q4,2012,Q4,2012-03-31,2012-03-31,-65571000000.0,-127935000000.0,0.0,-9.68588194151318,-127935000000.0,1.0,141874426000000.0,5564665000000.0,95787826000000.0,14307490000000.0,134259035000000.0,0.0,2162696000000.0,3698265317045.3755,15582903317045.375,821.9897246354401,6.694942718813712,0.14051299139705417,3.582461837325338,0.0,821.9897246354401,-0.011783458662830556,-28.907377316960766,-14.100232256048313,0.6645980157018213,,0.0,,-0.0009017481416982086,2.9024479485919614,-0.0004621763192190818,0.0,1.0,-1.6930938756436866,0.9104027987887731,-1.375891467678198,0.4065741475176765,-1.150767892749565,-1.6743004637865964,0.0,0.9104027987887731,-1.375891467678198,0.4065741475176765,Banks—Diversified,Financial Services,SMFG
2012Q3,2012,Q3,2011-12-31,2011-12-31,97243000000.0,848556000000.0,0.0,13.974848547778262,848556000000.0,1.0,138842236000000.0,4903965000000.0,89455385000000.0,11588681000000.0,131904770000000.0,0.0,2045107000000.0,2977519501923.9385,11215527501923.938,704.7516855568567,7.719203332976376,0.11218898116852569,3.1763214052302575,0.0,704.7516855568567,0.019829464525134254,3.5089251645429864,7.654842769978144,0.6071657326110482,,0.0,,0.006111656110176733,0.6332524814515129,0.0007003848598347264,0.0,1.0,-0.09234904841464664,349.3565766357296,-0.43525185379605114,-0.11725763263650661,-0.08955074950188784,-0.09234904841464667,0.0,349.3565766357296,-0.43525185379605114,-0.11725763263650661,Banks—Diversified,Financial Services,SMFG
2012Q2,2012,Q2,2011-09-30,2011-09-30,107137000000.0,932019000000.0,0.0,15.39672108905854,932019000000.0,1.0,133087119000000.0,4965161000000.0,88038336000000.0,1630319000000.0,126126738000000.0,0.0,2017801000000.0,2921876218130.638,11451314218130.639,713.5461985987193,54.00068084834931,0.11471340062594637,3.074799789976599,0.0,713.5461985987193,0.02157774944256591,3.1349964090116598,6.81808389755789,0.5884756240795894,,0.0,,0.007003074429765063,5.179441569410649,0.0008050140449730526,0.0,1.0,-0.48148713244902874,0.1440404984153479,-0.42706522849029405,0.0,-0.03620765785655712,-0.4814805852260903,0.0,1.3603161202628915,-0.32769633826113576,-0.19976154476193764,Banks—Diversified,Financial Services,SMFG
2012Q1,2012,Q1,2011-06-30,2011-06-30,206621000000.0,967033000000.0,0.0,29.694,967033000000.0,1.0,133163200000000.0,4970176000000.0,87568861000000.0,10544716000000.0,126168588000000.0,0.0,1910956000000.0,3457568872575.139,10821802872575.139,714.2669071892308,8.30452531865249,0.10598982301416608,2.8397272048313784,0.0,714.2669071892308,0.041572169677693505,3.575440416795641,4.183467402363674,0.6956632667686495,,0.0,,0.0072620138296466295,0.6401035362166226,0.001551637389308758,0.0,1.0,5.041063327292836,-0.06159602931787118,-0.26154244850218694,0.0,29.298987475125834,5.04101230173476,0.0,0.9733352504806955,-0.12361471251593534,-0.23592563082431064,Banks—Diversified,Financial Services,SMFG
2011Q4,2011,Q4,2011-03-31,2011-03-31,-51131000000.0,-34172000000.0,0.0,-7.348065990317558,-34172000000.0,1.0,136470927000000.0,5502543000000.0,94351025000000.0,15658724000000.0,128919722000000.0,0.0,1974069000000.0,3654132331947.063,15285927331947.062,790.7736809090366,6.025460631402661,0.15437832411001357,3.828802973461543,0.0,790.7736809090366,-0.009292249056481704,-106.93352253151888,-17.866520955716997,0.6640806499734873,,0.0,,-0.0002503976542930642,2.6253649403361345,-0.0003746658803013773,0.0,1.0,-1.5256342501899756,0.9320282705257709,-1.097679828651663,0.3531578105764647,-1.0388933403747747,-1.5236417635311588,0.0,0.9320282705257709,-1.097679828651663,0.3531578105764647,Banks—Diversified,Financial Services,SMFG
2011Q3,2011,Q3,2010-12-31,2010-12-31,97645000000.0,878608000000.0,0.0,13.979427686954969,878608000000.0,1.0,132151935000000.0,5169126000000.0,86007839000000.0,11026656000000.0,124936663000000.0,0.0,1814224000000.0,4046515934379.401,13493601934379.4,740.0422256312027,7.799992944370442,0.10908922370300518,2.788934144766446,0.0,740.0422256312027,0.018890040598739517,4.605598781685804,10.36027429561012,0.7828240082326106,,0.0,,0.006648468673576365,0.4506593839510365,0.0007388843757755041,0.0,1.0,-0.5252715303909843,349.4713779890612,-0.4174676079759168,-0.0730541840613544,-0.1422524211184005,-0.5252715303909843,0.0,349.4713779890612,-0.4174676079759168,-0.0730541840613544,Banks—Diversified,Financial Services,SMFG
2011Q2,2011,Q2,2010-09-30,2010-09-30,205686000000.0,1024320000000.0,0.0,29.447207365651284,1024320000000.0,1.0,131409208000000.0,5169558000000.0,87453100000000.0,9408410000000.0,124210598000000.0,0.0,1789404000000.0,3316344358450.512,11133482358450.512,740.104073270721,9.295205034644535,0.09672526905420509,2.458738445337106,0.0,740.104073270721,0.039787927710647604,3.2376057857412843,4.030833841936875,0.6415141020664653,,0.0,,0.007794887554607284,0.7073151573964145,0.0015652327803391069,0.0,1.0,-0.02885009677292775,1.1880501437075628,-0.37271242137732347,0.0,0.2835479012277611,-0.02889895045961654,0.0,1.1880501437075628,-0.37271242137732347,0.0,Banks—Diversified,Financial Services,SMFG
2011Q1,2011,Q1,2010-06-30,2010-06-30,211807000000.0,798038000000.0,0.0,30.322,798038000000.0,1.0,128209062000000.0,5003640000000.0,85643099000000.0,1717427000000.0,121121410000000.0,0.0,1583847000000.0,3444000515766.9717,8861873515766.973,716.3502847207267,49.86709711679157,0.08392486328306496,2.150420094171443,0.0,716.3502847207267,0.04233058333533188,4.315584615979404,4.065022066984296,0.6882990214657673,,0.0,,0.006224505409765809,6.2258221164567695,0.0016520439093455032,0.0,1.0,-0.24589258928611354,-0.04168936580545847,-0.39290251504889606,0.0,0.3994209689213573,-0.24585465201152187,0.0,-0.04168936580545847,-0.39290251504889606,0.0,Banks—Diversified,Financial Services,SMFG
2010Q4,2010,Q4,2010-03-31,2010-03-31,280857000000.0,570263000000.0,0.0,40.20912613933239,570263000000.0,1.0,122992929000000.0,5514173000000.0,92497032000000.0,9145369000000.0,115431259000000.0,0.0,1663618000000.0,4256382200683.697,12781182200683.697,789.4411665406271,10.114084188401803,0.12004103097666696,2.6774999623696973,0.0,789.4411665406271,0.050933657685386366,7.463893327611465,3.7887449847108114,0.7718985604339395,,0.0,,0.004636551097990357,2.9517961495047382,0.0022835215185419318,0.0,1.0,0.3672214133756223,1.371946012452692,0.623903832229622,0.35087763576937475,-0.18773591086877872,1.2596001448167666,0.0,1.371946012452692,0.623903832229622,0.35087763576937475,Banks—Diversified,Financial Services,SMFG
2010Q3,2010,Q3,2009-12-31,2009-12-31,124295000000.0,702066000000.0,0.0,29.4093741847251,702066000000.0,1.0,119926945000000.0,3822214000000.0,85351663000000.0,1528248000000.0,113876129000000.0,0.0,1428278000000.0,2238232564401.686,5838491564401.686,904.3720321822668,55.84935363893818,0.08072235976660624,2.532769227468687,0.0,904.3720321822668,0.03251911065157524,3.188065743678922,4.501855594355537,0.585585360841043,,0.0,,0.00585411393577982,6.974735121524779,0.0010364226321282512,0.0,1.0,1.4483424271672545,736.3080019530939,-0.2307002173198215,0.1327784310797531,-0.04234954229429842,1.4483424271672543,0.0,736.3080019530939,-0.2307002173198215,0.1327784310797531,Banks—Diversified,Financial Services,SMFG
2010Q2,2010,Q2,2009-09-30,2009-09-30,50767000000.0,733113000000.0,0.0,12.011953008857468,733113000000.0,1.0,117531379000000.0,3963493000000.0,82898145000000.0,1171931000000.0,111428412000000.0,0.0,1347826000000.0,2559275914497.109,8589549914497.109,937.7999816206495,70.7363701446587,0.07629341267237237,2.262365544735414,0.0,937.7999816206495,0.012808651358788826,3.490970579565645,12.60304880383472,0.6457122327444779,,0.0,,0.006237593791867276,5.268356242816343,0.00043194422146616694,0.0,1.0,-0.27446526885374084,-0.10746186621769059,-0.258015730039833,0.0,0.09583244270187936,-0.3023923707968615,0.0,-0.10746186621769059,-0.258015730039833,0.0,Banks—Diversified,Financial Services,SMFG
2010Q1,2010,Q1,2009-06-30,2009-06-30,72773000000.0,669001000000.0,0.0,16.556,669001000000.0,1.0,116894603000000.0,3808727000000.0,83583591000000.0,1138114000000.0,111262673000000.0,0.0,1297083000000.0,3265188942361.8315,7726990942361.832,901.1808802483243,73.44043830407148,0.07738481305248969,2.3750368561464237,0.0,901.1808802483243,0.019106908948843013,4.880693664675885,11.217034279065834,0.8572914105846472,,0.0,,0.005723112811290355,5.921279414891654,0.000622552266164076,0.0,1.0,1.153147774483542,-0.4558369868486806,-0.1588869497144378,0.0,2.148506697037867,1.1592786901033287,0.0,-0.4558369868486806,-0.1588869497144378,0.0,Banks—Diversified,Financial Services,SMFG
2009Q4,2009,Q4,2009-03-31,2009-03-31,-456891000000.0,212482000000.0,0.0,-108.10473776606649,212482000000.0,1.0,119637224000000.0,2469856000000.0,87686193000000.0,10154142000000.0,115025460000000.0,0.0,1245085000000.0,2911257965957.0713,9539794965957.07,584.3913213434844,8.635509824463751,0.09921854254993412,4.806041728748559,0.0,584.3913213434844,-0.18498689802158508,13.70119805892768,-1.5929718280492893,1.1787156684264473,,0.0,,0.001776052577080859,0.7615429250447748,-0.003818970256280771,0.0,1.0,-2711.240881132395,0.0,0.0,0.0,-0.7451270154664031,-2967.8246753246754,0.0,0.0,0.0,0.0,Banks—Diversified,Financial Services,SMFG
2009Q3,2009,Q3,2008-12-31,2008-12-31,154000000.0,833678000000.0,0.0,0.039887501704607926,833678000000.0,1.0,116180500000000.0,3082379000000.0,85666274000000.0,776624000000.0,110832473000000.0,0.0,1701973000000.0,2820893855818.539,4101613855818.539,798.3662182905693,110.30598333298997,0.04894525329121496,1.8448360827789185,0.0,798.3662182905693,4.9961409677395284e-05,3.3836731397716373,4579.373142562564,0.9151677505649173,,0.0,,0.007175713652463193,5.76992083685284,1.325523646395049e-06,0.0,1.0,-0.9938852491562438,0.0,0.0,0.0,0.08384307067072116,-0.9938852491562438,0.0,0.0,0.0,0.0,Banks—Diversified,Financial Services,SMFG
2009Q2,2009,Q2,2008-09-30,2008-09-30,25185000000.0,769187000000.0,0.0,6.523160587211367,769187000000.0,1.0,111033760000000.0,3442600000000.0,84037024000000.0,898932000000.0,105776012000000.0,0.0,1761220000000.0,5037111511468.5,10366309511468.5,891.6669699239172,93.48540712756916,0.08080616201775027,2.6062313367803402,0.0,891.6669699239172,0.00731569162842038,6.548617581249423,50.00110692345147,1.4631707173265844,,0.0,,0.00692750565233493,6.773471185807158,0.00022682290503356817,0.0,1.0,-0.5484564563522322,-0.5153020018827288,-0.14780358323818726,0.0,0.25635702572210717,-0.5664933902506196,0.0,-0.5153020018827288,-0.14780358323818726,0.0,Banks—Diversified,Financial Services,SMFG
2009Q1,2009,Q1,2008-06-30,2008-06-30,58096000000.0,612236000000.0,0.0,14.44636,612236000000.0,1.0,115473167000000.0,3609182000000.0,84452012000000.0,6589476000000.0,110187676000000.0,0.0,1736008000000.0,6129326161414.53,10072517161414.531,934.8133323197418,12.816195400059124,0.07888597183794223,2.52389959830233,0.0,934.8133323197418,0.01609672219356076,10.011378229007327,26.375852732608656,1.6982590962202877,,0.0,,0.00530197634572541,1.0855377574787435,0.0005031125542785191,0.0,1.0,0.0,-0.524457909291623,-0.15738253249574272,0.0,0.0,0.0,0.0,-0.524457909291623,-0.15738253249574272,0.0,Banks—Diversified,Financial Services,SMFG
2008Q2,2008,Q2,2007-09-30,2007-09-30,50905000000.0,884264000000.0,0.0,13.458195850920573,884264000000.0,1.0,,,,,,,,6789125963034.088,,,0.0,0.0,0.0,0.0,,0.0,7.6777138535935965,33.34213713306202,0.0,,0.0,,0.0,0.0,0.0,0.0,1.0,-0.54814311443918,0.0,0.0,0.0,0.24223518718575845,-0.5746822963229089,0.0,0.0,0.0,0.0,Banks—Diversified,Financial Services,SMFG
2008Q1,2008,Q1,2007-06-30,2007-06-30,119687000000.0,711833000000.0,0.0,29.7842,711833000000.0,1.0,,,,,,,,8608852341747.763,,,0.0,0.0,0.0,0.0,,0.0,12.093921385701089,17.982012126938937,0.0,,0.0,,0.0,0.0,0.0,0.0,1.0,0.0,0.0,0.0,0.0,0.0,0.0,0.0,0.0,0.0,0.0,Banks—Diversified,Financial Services,SMFG
