Quarters,Year,Quarter,FillingDate,Date,NetIncome,Revenue,OperatingIncome,EPSDiluted,GrossProfit,GrossProfitRatio,TotalAssets,CommonStockEquity,CurrentAssets,CurrentLiability,TotalLiability,Inventory,RetainedEarnings,MarketCap,EnterpriseValue,bookValuePerShare,currentRatio,debtToAssets,debtToEquity,roic,shareholdersEquityPerShare,roe,priceToSalesRatio,peRatio,pbRatio,payoutRatio,inventoryTurnover,dividendYield,assetTurnover,quickRatio,returnOnAssets,priceToFreeCashFlowsRatio,grossProfitMargin,epsdilutedGrowth,fiveYNetIncomeGrowthPerShare,fiveYRevenueGrowthPerShare,fiveYShareholdersEquityGrowthPerShare,grossProfitGrowth,netIncomeGrowth,operatingIncomeGrowth,threeYNetIncomeGrowthPerShare,threeYRevenueGrowthPerShare,threeYShareholdersEquityGrowthPerShare,Industry,Sector,Symbol
2023Q1,2023,Q1,2023-05-02,2023-03-31,49972000.0,2323947000.0,77461000.0,1.34,391315000.0,0.1683837884,4960528000.0,1573598000.0,3745816000.0,2884195000.0,3386930000.0,265570000.0,1310178000.0,4818609760.0,5158430760.0,46.68599062481457,1.2987388162034814,0.10392986391771199,0.3276230651030314,0.027920830036887383,46.68599062481457,0.0317565223138311,2.073459403334069,24.1065484671416,3.062160577224933,0.0,7.277297887562601,0.0,0.46848783032773933,1.1312796118154285,0.010073927614157202,31.899914997285737,0.16838378844267962,-0.37089201877934264,0.6260212074993328,0.4045663887638505,0.9039655659134678,-0.06953602229413709,-0.3550085831924313,-0.320612896435588,0.5381145090401313,0.13300940542155704,0.4296296073369714,Electronics & Computer Distribution,Technology,NSIT
2022Q4,2022,Q4,2023-02-16,2022-12-31,77477000.0,2502610000.0,114016000.0,2.13,420559000.0,0.1680481577,5112581000.0,1638068000.0,3900668000.0,2866407000.0,3474513000.0,265154000.0,1368658000.0,3469743080.0,3944006080.0,47.337533233152236,1.3608214046365363,0.12477063933070205,0.3894221729500851,0.037619290074192215,47.337533233152236,0.04729779227724368,1.3864497784313177,11.196042309330512,2.1181923338957844,0.0,7.85223304193035,0.0,0.4895003130512749,1.1987160232304763,0.01515418533222261,11.869592709409487,0.16804815772333684,0.34810126582278467,4.658875478585784,0.45159665179732433,1.0096882369665612,0.05335146697123164,0.3517516923721125,0.2629293634178491,0.8380330461705491,0.11005979663286503,0.4384626320264915,Electronics & Computer Distribution,Technology,NSIT
2022Q3,2022,Q3,2022-11-03,2022-09-30,57316000.0,2534354000.0,90279000.0,1.58,399258000.0,0.1575383707,4997714000.0,1620791000.0,3784660000.0,2273036000.0,3376923000.0,367913000.0,1366124000.0,2880394320.0,3528058320.0,46.37191004806592,1.665024223109533,0.15693515075092332,0.4839100167757595,0.028022220697466762,46.37191004806592,0.035362980174495046,1.1365398519701668,12.563657268476517,1.7771534516171423,0.0,5.803263271479942,0.0,0.5071026473303595,1.4009421760148102,0.01146844337230982,12.853279904327572,0.15753837072484744,-0.3471074380165289,1.6184755426242858,0.4760747060555859,1.0072712971153737,-0.08822098751053349,-0.3573286688195192,-0.3031661984006916,1.1463333113660106,0.3463508877632704,0.4934722634508487,Electronics & Computer Distribution,Technology,NSIT
2022Q2,2022,Q2,2022-08-04,2022-06-30,89184000.0,2743377000.0,129556000.0,2.42,437889000.0,0.1596167789,5604323000.0,1613097000.0,4401004000.0,2968915000.0,3991226000.0,377059000.0,1331294000.0,3026961240.0,3954085240.0,45.97944873585497,1.4823610645639906,0.18996995712060136,0.6600055669311888,0.035999506991250645,45.97944873585497,0.055287437767226645,1.1033704955607633,8.485157763724434,1.8764905272280588,0.0,6.1143958902983355,0.0,0.4895108650946778,1.2624066367679776,0.015913429686333212,-16.885023289023756,0.15961677888237744,0.5816993464052287,1.2585443445782758,0.660720931466729,1.0921765899296099,0.15580384362602642,0.5748265084494358,0.6225124923292715,0.8187826951552539,0.5235417073081026,0.523529770456745,Electronics & Computer Distribution,Technology,NSIT
2022Q1,2022,Q1,2022-05-05,2022-03-31,56631000.0,2650850000.0,79849000.0,1.53,378861000.0,0.1429205726,4849788000.0,1539191000.0,3768241000.0,2677690000.0,3310597000.0,383401000.0,1242110000.0,3753409679.9999995,4356572680.0,44.009578544061306,1.4072730599882735,0.14803141910532996,0.46642749340400247,0.026846772214934103,44.009578544061306,0.03679270473904798,1.4159268461059658,16.569589447475764,2.4385600487528833,0.0,5.925881779129424,0.0,0.5465909025301725,1.1728232170266162,0.011677005262910461,-12.108398110870237,0.14292057264650962,-0.09467455621301771,3.162902754004237,0.8263083932242048,1.1362276882671498,-0.015574696963791558,-0.08855197721017817,-0.14524123018294316,0.46614824312696373,0.6013255363104489,0.5270995854443005,Electronics & Computer Distribution,Technology,NSIT
2021Q4,2021,Q4,2022-02-18,2021-12-31,62133000.0,2566023000.0,93417000.0,1.69,384855000.0,0.1499811186,4689080000.0,1509227000.0,3568311000.0,2515257000.0,3179853000.0,328101000.0,1167690000.0,3719487200.0,3977253200.0,43.254241659979364,1.4186665617072132,0.07711661989132197,0.23959682671990362,0.03740577991685434,43.254241659979364,0.04116875725122861,1.4495143652258768,14.965828142854843,2.464498183507186,0.0,6.647855385993947,0.0,0.5472337857319559,1.2088514215445976,0.01325057367330052,14.448482117538292,0.14998111864157102,0.11920529801324499,1.9942314986311183,0.777883825923718,1.1510018878234252,0.05571328642554417,0.11985653263161689,0.12346213515171195,0.3430850820452707,0.4918221823626536,0.5548911832817466,Electronics & Computer Distribution,Technology,NSIT
2021Q3,2021,Q3,2021-11-04,2021-09-30,55483000.0,2447521000.0,83151000.0,1.51,364545000.0,0.1489445852,4435378000.0,1448922000.0,3322992000.0,2145759000.0,2986456000.0,269471000.0,1105557000.0,3139738400.0,3559925400.0,41.569989958399084,1.5486324419471151,0.11893845349821368,0.3640893022536755,0.031370393840471335,41.569989958399084,0.03829260650331764,1.2828238858828995,14.147299172719572,2.1669478412226466,0.0,7.729870746759391,0.0,0.5518179059372166,1.3335621567939364,0.01250919312852253,-23.40485877643516,0.14894458515371267,-0.044303797468354465,1.6100456946051747,0.788582332293114,1.0946192207384011,-0.005830649361982966,-0.05256057785898465,-0.0601114514688761,0.7558869087260065,0.42503224819149316,0.5635137425750804,Electronics & Computer Distribution,Technology,NSIT
2021Q2,2021,Q2,2021-08-05,2021-06-30,58561000.0,2229501000.0,88469000.0,1.58,366683000.0,0.1644686412,4667047000.0,1401827000.0,3555229000.0,2483654000.0,3265220000.0,214385000.0,1050074000.0,3510050970.0,3886139970.0,39.941504971934926,1.431450999213256,0.1036848354002006,0.3451938077951131,0.034980774881959296,39.941504971934926,0.04177476963990564,1.5743661787996508,14.984592860436127,2.5039116595699755,0.0,8.689124705553093,0.0,0.47771128081632774,1.2695556627452937,0.012547763071595379,-75.47035993033606,0.16446864118921678,0.3389830508474578,0.7310219299677244,0.5869717790765577,1.134516270112365,0.10621949232820674,0.3565835804299481,0.3199600143232275,0.15008176552263364,0.2270655526063086,0.5634401454831509,Electronics & Computer Distribution,Technology,NSIT
2021Q1,2021,Q1,2021-05-06,2021-03-31,43168000.0,2193068000.0,67024000.0,1.18,331474000.0,0.1511462481,4254607000.0,1383166000.0,3153693000.0,2175072000.0,2871441000.0,253297000.0,1036413000.0,3358688580.0,3637166580.0,39.29560498877809,1.4499257955598712,0.09806569678468541,0.3016492597417808,0.028359186525186514,39.29560498877809,0.03120955836103548,1.531502251640168,19.45126355170497,2.428261380051274,0.0,7.3494514344820505,0.0,0.5154572443471277,1.251668450515661,0.010146178013621469,96.3506864798187,0.15114624808715463,-0.21333333333333337,5.601150340197805,0.9760371643650317,1.1191572081912535,-0.03262766522497913,-0.19142878549486775,-0.1928903446448785,0.34504958047768625,0.26924377261756355,0.6025680892503953,Electronics & Computer Distribution,Technology,NSIT
2020Q4,2020,Q4,2021-02-17,2020-12-31,53388000.0,2291315000.0,83042000.0,1.5,342654000.0,0.1495446938,4310732000.0,1342429000.0,3176450000.0,2227464000.0,2968303000.0,185650000.0,993245000.0,2670606820.0,2980979820.0,38.248019830189754,1.4260387597734463,0.10176601096983065,0.32678525270237757,0.03461226388388221,38.248019830189754,0.0397697010419173,1.1655345598488205,12.505651176294299,1.9893840344629028,0.0,10.49642337732292,0.0,0.5315373351904038,1.2632127836858418,0.012384903538424565,-24.276478256126826,0.1495446937675527,0.36363636363636354,2.0378846759527365,0.7459437510546065,1.069237829504697,0.11409369787653262,0.37223050429239707,0.35067174132266354,2.8445448090993364,0.3103325036667667,0.6237980792409265,Electronics & Computer Distribution,Technology,NSIT
2020Q3,2020,Q3,2020-11-03,2020-09-30,38906000.0,1936478000.0,61482000.0,1.1,307563000.0,0.1588259717,3827310000.0,1262891000.0,2726407000.0,1964003000.0,2564419000.0,158400000.0,939857000.0,1984656660.0,2205563660.0,36.003392536419874,1.388188816412195,0.07737653861328192,0.2344968805700571,0.03004532201803293,36.003392536419874,0.03080709261527717,1.024879528711403,12.752895825836632,1.571518571278123,0.0,10.283554292929294,0.0,0.5059631960828885,1.1929487887747625,0.010165364185289407,-47.674857911552046,0.15882597168674265,-0.16666666666666663,0.9757159459273633,0.525772852647346,0.9954844970722373,-0.0518698229594715,-0.16123746900937802,-0.1712675904458942,0.7710826116507633,0.12383671813697134,0.5584558919877327,Electronics & Computer Distribution,Technology,NSIT
2020Q2,2020,Q2,2020-08-06,2020-06-30,46385000.0,1968735000.0,74188000.0,1.32,324389000.0,0.1647702713,4341478000.0,1207356000.0,3264490000.0,2430961000.0,3134122000.0,212980000.0,900950000.0,1724952000.0,2008550000.0,34.43685111237878,1.3428804493367026,0.1007638412540614,0.3623322367222261,0.03327687060694644,34.43685111237878,0.03841866027915544,0.8761727708401588,9.2969278861701,1.428702056394303,0.0,7.720659216827872,0.0,0.4534711450800856,1.164736908572371,0.010684149499317975,4.341784737132228,0.16477027126555885,0.38947368421052647,0.9751093837287266,0.5010824897784606,0.9701786380536137,-0.0029108367964197014,0.3658313948352522,0.40340124472693567,0.17544969487514803,0.19256824251126609,0.5669603640120855,Electronics & Computer Distribution,Technology,NSIT
2020Q1,2020,Q1,2020-05-07,2020-03-31,33961000.0,2144051000.0,52863000.0,0.95,325336000.0,0.1517389279,4057018000.0,1150569000.0,2966157000.0,1896595000.0,2906449000.0,236414000.0,854566000.0,1484366290.0,2172953290.0,32.65600431413731,1.5639380046873477,0.1851722126941512,0.6529351998880554,0.022159205231388333,32.65600431413731,0.029516699998000988,0.6923185549224342,10.92699191719914,1.290114969202195,0.0,7.692924276904075,0.0,0.5284795384195978,1.332407287797342,0.008370926626403926,17.31160536014182,0.15173892785199605,-0.20833333333333334,2.491982907696443,0.9794064618152318,0.9121411259101163,-0.037416193761797965,-0.20928987194412108,-0.21118837292586845,1.478096343950956,0.4662896021787989,0.5851244868020941,Electronics & Computer Distribution,Technology,NSIT
2019Q4,2019,Q4,2020-02-21,2019-12-31,42950000.0,2297156000.0,67016000.0,1.2,337982000.0,0.1471306259,4178179000.0,1160318000.0,3048032000.0,1883528000.0,3017861000.0,190833000.0,841097000.0,2478355110.0,3223051110.0,32.90842054510905,1.6182568031906082,0.20567907693758453,0.7406280002551024,0.025642689606407816,32.90842054510905,0.03701571465753354,1.078879758275015,14.425815541327127,2.1359274871199103,0.0,10.266431906431277,0.0,0.5497983690981166,1.3942192523817007,0.010279597882235298,-26.682548044313815,0.14713062586955347,0.5789473684210525,1.5441714958059085,0.8332470600507422,0.8566997935773386,0.22370788754322127,0.5830016217013121,0.5086218540362883,1.048245891708063,0.5750313274283397,0.6365117500906506,Electronics & Computer Distribution,Technology,NSIT
2019Q3,2019,Q3,2019-11-06,2019-09-30,27132000.0,1912547000.0,44422000.0,0.76,276195000.0,0.1444121373,3982360000.0,1102638000.0,2802134000.0,1751974000.0,2879722000.0,219932000.0,798147000.0,1977663280.0,2673970280.0,31.049729668844336,1.5994152881264219,0.21014072057774788,0.7589580623921903,0.016675493526955812,31.049729668844336,0.024606443819277044,1.0340468913966558,18.222608727701605,1.7935743915954283,0.0,7.440263354127639,0.0,0.4802546731084081,1.4048324918063853,0.006813045530790787,-97.51310487648539,0.14441213732263836,-0.4492753623188405,0.7988488633894301,0.7828712683375125,0.7282117755307091,0.002708305348721542,-0.45733829353174127,-0.38402873108975694,0.2527370977448299,0.3717803618112134,0.5645267325822902,Electronics & Computer Distribution,Technology,NSIT
2019Q2,2019,Q2,2019-08-06,2019-06-30,49998000.0,1836021000.0,72117000.0,1.38,275449000.0,0.1500249725,3285997000.0,1079583000.0,2687426000.0,1948962000.0,2206414000.0,179577000.0,793990000.0,2114125200.0,2049399200.0,30.179553840992956,1.3789011791917953,0.014409934032197839,0.043860453526963654,0.047446043260296646,30.179553840992956,0.046312326148151645,1.1514711433039164,10.57104884195368,1.9582794467863982,0.0,8.690266570886026,0.0,0.5587409239874535,1.2298849336210762,0.015215473416439517,38.165927102702504,0.15002497248125157,0.2660550458715594,1.100503225013634,0.4823619200637941,0.6860290653964352,0.10857158955536238,0.2713403005568693,0.2643454478514701,0.45001832740233777,0.28223004861850925,0.6128272768789184,Electronics & Computer Distribution,Technology,NSIT
2019Q1,2019,Q1,2019-05-01,2019-03-31,39327000.0,1685466000.0,57039000.0,1.09,248472000.0,0.1474203573,2756467000.0,1026218000.0,2152993000.0,1409254000.0,1730249000.0,187146000.0,743992000.0,2004786700.0,1994343700.0,28.819062596534582,1.5277536909598979,0.0414980480448342,0.11146559502951614,0.03823414988527279,28.819062596534582,0.0383222668088067,1.1894554384366105,12.74434040226816,1.953568052791902,0.0,7.678464941810137,0.0,0.6114587985272452,1.3117919126005675,0.014267176062691844,17.19946380007035,0.14742035733737732,-0.1679389312977099,2.9808547452435237,0.6224796062645364,0.7087984157004531,-0.022394989062180324,-0.1639846091707234,-0.027617245435483048,4.9445510609178305,0.5011827118098243,0.5541718788195775,Electronics & Computer Distribution,Technology,NSIT
2018Q4,2018,Q4,2019-02-22,2018-12-31,47041000.0,1749046000.0,58659000.0,1.31,254164000.0,0.1453157893,2775947000.0,986989000.0,2338577000.0,1536662000.0,1788958000.0,148503000.0,704665000.0,1445810000.0,1500075000.0,27.818179255918828,1.5218551639853137,0.07093795378658166,0.19951590139302464,0.04260006753847574,27.818179255918828,0.047661118816927035,0.826627773083155,7.683775855105122,1.4648694159712012,0.0,10.06634209409911,0.0,0.6300718277402271,1.3499331668252355,0.01694592872270256,35.091623989708985,0.14531578929313466,0.4719101123595506,1.740505268242229,0.49042833406528735,0.6367264027321284,0.08194488195680122,0.46299060770044165,0.17440137743252984,1.6479082655172277,0.31839467374697045,0.5049780124526903,Electronics & Computer Distribution,Technology,NSIT
2018Q3,2018,Q3,2018-11-07,2018-09-30,32154000.0,1747726000.0,49948000.0,0.89,234914000.0,0.1344112292,2510517000.0,943007000.0,2068683000.0,1256748000.0,1567510000.0,171845000.0,657625000.0,1901084800.0,2058723800.0,26.58754370136461,1.646060308033114,0.1070273573132546,0.28493319773872305,0.030671370105575867,26.58754370136461,0.03409730786727988,1.0877476217667987,14.781090999564595,2.0159816417057352,0.0,8.803351857778813,0.0,0.6961617865961474,1.426745855175421,0.012807720481478517,-17.915156998002185,0.13441122922014093,-0.3819444444444444,1.5543072286387092,0.8123542174704216,0.5979855117462226,-0.1114431285626208,-0.37539579245906096,-0.3289896153794484,0.6148369305994644,0.36187236106163834,0.473611999692388,Electronics & Computer Distribution,Technology,NSIT
2018Q2,2018,Q2,2018-08-13,2018-06-30,51479000.0,1836920000.0,74437000.0,1.44,264377000.0,0.1439240685,3092730000.0,906491000.0,2710223000.0,1981808000.0,2186239000.0,178627000.0,625212000.0,1736183190.0,1649873190.0,25.547191612885044,1.3675507415450943,0.05232011847138289,0.1785037027394646,0.0516433905286282,25.547191612885044,0.056789311752681496,0.9451599361975481,8.43151183006663,1.9152790154563035,0.0,8.803501150441983,0.0,0.5939477419626026,1.2156571171374826,0.01664516462801473,8.921346230923385,0.14392406854952855,0.5999999999999999,1.3454346176563978,0.5664313080754528,0.6142711802883841,0.1015478844190746,0.5721178805924568,0.48337019987644725,1.1658844031649263,0.38388218917139166,0.46158924385150485,Electronics & Computer Distribution,Technology,NSIT
2018Q1,2018,Q1,2018-05-03,2018-03-31,32745000.0,1762903000.0,50181000.0,0.9,240005000.0,0.1361419205,2572411000.0,880601000.0,2166350000.0,1373344000.0,1691810000.0,195388000.0,584423000.0,1254441090.0,1416131090.0,24.520396513797234,1.577427068527623,0.10182159849262035,0.2974411793763577,0.03249274635645696,24.520396513797234,0.03718483172288017,0.7115769217024419,9.577348373797527,1.424528350524244,0.0,7.7942248244518595,0.0,0.685311561799417,1.3482113731155487,0.012729303365597489,8.609694442728602,0.13614192045733656,1.3076923076923077,3.48760656307687,0.8557271235259309,0.5669004810473255,0.03058188017158831,1.3111942405420667,0.10195880363652335,2.3031977386741733,0.5967106690931405,0.4357683857040901,Electronics & Computer Distribution,Technology,NSIT
2017Q4,2017,Q4,2018-02-26,2017-12-31,14168000.0,1784075000.0,45538000.0,0.39,232883000.0,0.1305343105,2685651000.0,843469000.0,2304343000.0,1499974000.0,1842182000.0,231485000.0,550220000.0,1371126610.0,1578463610.0,23.55466502834483,1.5362552950917816,0.11660785411060484,0.371285725972146,0.013850347003357648,23.55466502834483,0.016797297826001905,0.7685364180317531,24.194074851778655,1.6255803236396358,0.0,6.701047584076722,0.0,0.6642988981070139,1.2802828582362094,0.005275443458587881,92.58113504388926,0.1305343104970363,-0.3709677419354838,-0.15082935961760266,0.6489614196463767,0.48854157358928074,0.030086561895957643,-0.3678386578618597,0.09875738931113524,-0.17363947976726493,0.4019141309936408,0.32895900111532606,Electronics & Computer Distribution,Technology,NSIT
2017Q3,2017,Q3,2017-11-08,2017-09-30,22412000.0,1757973000.0,41445000.0,0.62,226081000.0,0.1286032266,2579292000.0,826750000.0,2162312000.0,1172906000.0,1752542000.0,291635000.0,536052000.0,1643339040.0,1956657040.0,23.10196440048062,1.8435509750994539,0.21313174312950997,0.6649277290595706,0.019042598869694612,23.10196440048062,0.027108557605080134,0.9347919677947272,18.331017312154206,1.9877097550650136,0.0,5.2527714437567505,0.0,0.6815719197361136,1.4661405091286088,0.008689206185263244,-7.147251898436888,0.1286032265569494,-0.4414414414414415,0.44026424079256044,0.8507349507982717,0.5085234786527655,-0.10063688693168482,-0.4432492858030058,-0.4021982143114714,0.47449505437661016,0.6261848435220357,0.28584330171683114,Electronics & Computer Distribution,Technology,NSIT
2017Q2,2017,Q2,2017-08-03,2017-06-30,40255000.0,1684032000.0,69329000.0,1.11,251379000.0,0.1492721041,2918467000.0,786002000.0,2501057000.0,1797454000.0,2132465000.0,272352000.0,513640000.0,1430242350.0,1536322350.0,21.97684887459807,1.3914442316743572,0.1030893959054531,0.38277637970386846,0.03972997464295547,21.97684887459807,0.051214882404879376,0.8492964207330977,8.882389454726122,1.819642125592556,0.0,5.260299171660204,0.0,0.5770262264401139,1.1218517970418158,0.01379320033428509,27.183684000456154,0.14927210409303387,1.9210526315789476,0.4183422320446809,0.3677712641232049,0.49574300096473845,0.20723537293434569,1.9069179664933564,1.2574647520432418,0.6915137955752434,0.35991554496027367,0.2277718273643689,Electronics & Computer Distribution,Technology,NSIT
2017Q1,2017,Q1,2017-05-05,2017-03-31,13848000.0,1477543000.0,30711000.0,0.38,208227000.0,0.1409278782,2390699000.0,733456000.0,1960470000.0,1238867000.0,1657243000.0,240515000.0,473385000.0,1462886180.0000002,1654935180.0000002,20.601539239368574,1.5824701118037692,0.15717495176097032,0.5123115769725791,0.020442097078394263,20.601539239368574,0.018880478174559893,0.9900802751595048,26.409701400924323,1.994511163587182,0.0,5.277492048312995,0.0,0.6180380717104077,1.2682644706816792,0.005792448150101707,-9.021585529805002,0.14092787824110703,-0.35593220338983045,-0.012598369162250551,0.4726940318476323,0.46215197923397855,0.09037068843634308,-0.34369668246445495,-0.24487337103516105,0.40203207612004865,0.42260640935211946,0.22154832397140187,Electronics & Computer Distribution,Technology,NSIT
2016Q4,2016,Q4,2017-02-17,2016-12-31,21100000.0,1467583000.0,40670000.0,0.59,190969000.0,0.1301248379,2219300000.0,713443000.0,1983605000.0,1438662000.0,1505857000.0,216822000.0,459537000.0,1434770760.0,1272619760.0,20.108881310070746,1.3787845929064644,0.01835308430586221,0.057090755673543644,0.029258167942693408,20.108881310070746,0.02957489245812209,0.9776419868586649,16.99965355450237,2.0110517027989623,0.0,5.887843484517254,0.0,0.6612819357455053,1.1396867367039651,0.009507502365610779,6.569583508855474,0.13012483791376706,-0.016666666666666684,-0.24676032104537302,0.334612410553114,0.4788062797911559,0.050388321746017775,-0.024728449272012943,0.11709286675639301,0.22927427111943144,0.25061830112841743,0.18313771245818092,Electronics & Computer Distribution,Technology,NSIT
2016Q3,2016,Q3,2016-10-31,2016-09-30,21635000.0,1392716000.0,36407000.0,0.6,181808000.0,0.1305420488,1916803000.0,704020000.0,1666850000.0,937548000.0,1212783000.0,227496000.0,438437000.0,1154678700.0,1222888700.0,19.84608445622146,1.7778823057592785,0.12724573156448524,0.34644612368966793,0.024947344470787985,19.84608445622146,0.03073066106076532,0.8290841061637836,13.342716662814881,1.6401220135791594,0.0,5.322766114569047,0.0,0.7265827526355082,1.427253857935807,0.011287023236086338,-9.239277455491099,0.1305420487737629,-0.375,0.5947350326650273,0.4234296190692569,0.5843377842353576,-0.13100751850949013,-0.38303818404768014,-0.373610680981384,0.7183893113064366,0.4439722222515841,0.19280501358634675,Electronics & Computer Distribution,Technology,NSIT
2016Q2,2016,Q2,2016-08-04,2016-06-30,35067000.0,1456234000.0,58122000.0,0.96,209217000.0,0.1436699047,2186540000.0,680750000.0,1938194000.0,1386690000.0,1505790000.0,197542000.0,417814000.0,945880000.0,858068000.0,18.712204507971414,1.3977125384909388,0.039941185617459546,0.12828938670583914,0.04720284043200755,18.712204507971414,0.051512302607418285,0.6495384670320842,6.743376964097299,1.389467499081895,0.0,6.31266768585921,0.0,0.6659992499565524,1.1908422214049283,0.016037666816065565,23.528767941095992,0.1436699046993821,4.333333333333334,0.2709862654851598,0.27007184047635485,0.4737213544844758,0.2986133525337041,4.0910278745644595,3.263331621800044,0.5582942880697462,0.21118341485687056,0.18238328950590313,Electronics & Computer Distribution,Technology,NSIT
2016Q1,2016,Q1,2016-04-29,2016-03-31,6888000.0,1168982000.0,13633000.0,0.18,161108000.0,0.1378190597,1749167000.0,687483000.0,1491828000.0,889094000.0,1061684000.0,181905000.0,406459000.0,1061828000.0,1030295000.0,18.543034389750506,1.677919320116883,0.08139703070089935,0.20709893917376865,0.01013336142269002,18.543034389750506,0.010019156837332704,0.9083356287778597,38.53905342624855,1.5445152825597142,0.0,5.540661334212913,0.0,0.6683078288122289,1.3775551291539476,0.003937874428227836,-21.201365732883414,0.1378190596604567,-0.64,-0.3387529440699345,0.20207487738218308,0.5215018902318185,-0.10917706645728852,-0.6291989664082688,-0.5537187377242373,-0.0856058392945821,0.19196649622207532,0.1849355490245982,Electronics & Computer Distribution,Technology,NSIT
2015Q4,2015,Q4,2016-02-19,2015-12-31,18576000.0,1387185000.0,30548000.0,0.5,180853000.0,0.1303741029,2014017000.0,685742000.0,1751659000.0,1208125000.0,1328275000.0,171576000.0,408721000.0,931926880.0,834483880.0,18.48411008382975,1.4498988101396793,0.04495245074892615,0.13202487232807675,0.02596531437502764,18.48411008382975,0.027088905156749915,0.6718115319874421,12.54208225667528,1.3590051068769307,0.0,7.0308901011796525,0.0,0.6887652884757179,1.2441361614071391,0.009223358094792645,6.080850863913974,0.13037410294949844,-0.10714285714285723,-0.06754140724585865,0.3267676942578042,0.5774398853861106,-0.0076707398038968234,-0.10799519807923169,-0.06403578650652614,0.07465388774109497,0.2375471684869672,0.16810688148065958,Electronics & Computer Distribution,Technology,NSIT
2015Q3,2015,Q3,2015-10-29,2015-09-30,20825000.0,1342195000.0,32638000.0,0.56,182251000.0,0.1357857837,1716596000.0,669284000.0,1502497000.0,933757000.0,1047312000.0,177639000.0,390145000.0,958905750.0,897362750.0,18.04243159455452,1.6090878033578329,0.0504434357297815,0.129378559774326,0.028058570549712333,18.04243159455452,0.031115341170564366,0.7144310252981124,11.511473589435775,1.4327337124449413,0.0,6.5297823113167714,0.0,0.7818933517263235,1.3433527138216903,0.01213156735772424,-12.628147470171465,0.13578578373485223,-0.16417910447761191,0.7997983170196735,0.42813495091279485,0.6056039764057398,-0.04787503591672544,-0.18330130593356603,-0.24166453681544645,0.2910899253044102,0.36319366912163464,0.1781436072079528,Electronics & Computer Distribution,Technology,NSIT
2015Q2,2015,Q2,2015-07-30,2015-06-30,25499000.0,1424031000.0,43039000.0,0.67,191415000.0,0.1344177198,2152595000.0,665375000.0,1934825000.0,1410515000.0,1487220000.0,214649000.0,373578000.0,1138583970.0,1015766970.0,17.479050095883572,1.3717152954771838,0.02447789760730653,0.07918993049032501,0.03704410646781358,17.479050095883572,0.03832275032876198,0.7995499887291779,11.163025706890465,1.7111913883148602,0.0,5.742472594794292,0.0,0.6615415347522409,1.158998663608682,0.011845702512548807,15.781227061041193,0.13441771983896417,1.4814814814814814,0.15078790681868173,0.35384457911780537,0.6483441394663448,0.18293956604228337,1.3284631540498584,1.1207746131861633,-0.15589994274745517,0.08665618559947381,0.189623088988368,Electronics & Computer Distribution,Technology,NSIT
2015Q1,2015,Q1,2015-05-07,2015-03-31,10951000.0,1219679000.0,20294000.0,0.27,161813000.0,0.1326685136,1717436000.0,677545000.0,1494931000.0,919541000.0,1039891000.0,184022000.0,381729000.0,1131473960.0,1042093960.0,17.078239608801955,1.6257361009460154,0.056331647875088216,0.1427890398423721,0.01613809207156981,17.078239608801955,0.016162764096849656,0.9276817588890192,25.830379873984114,1.6699613457408735,0.0,5.748584408385954,0.0,0.7101743529307643,1.3326637963940706,0.006376365698634476,64.20074670903314,0.1326685136007097,-0.43749999999999994,0.38762705631356853,0.34978380523160324,0.6726522656368007,-0.11208358254819221,-0.4379202381563414,-0.42292490118577075,-0.29928741460983566,0.09093103803887928,0.2120930167258344,Electronics & Computer Distribution,Technology,NSIT
2014Q4,2014,Q4,2015-02-20,2014-12-31,19483000.0,1446134000.0,35167000.0,0.48,182239000.0,0.1260180592,1948123000.0,721231000.0,1717872000.0,1138928000.0,1226892000.0,167834000.0,396992000.0,1053515880.0,952292880.0,17.72414725253121,1.5083236165938496,0.03249332819334303,0.08776799666126386,0.025215158429468178,17.72414725253121,0.02701353657843326,0.7285050209731602,13.51839911717908,1.4607190761351079,0.0,7.5306254990049695,0.0,0.7423217117194345,1.2939650267620078,0.010000908566861538,17.40686813277597,0.1260180591840037,0.14285714285714285,0.26741621456981535,0.38919070670653677,0.7464714384586619,0.06063904085671051,0.11958395586714171,0.23923461836634013,-0.3935864463407168,0.14663015280527714,0.3034330382098269,Electronics & Computer Distribution,Technology,NSIT
2014Q3,2014,Q3,2014-10-30,2014-09-30,17402000.0,1237668000.0,28378000.0,0.42,171820000.0,0.1388255978,1655608000.0,736119000.0,1416878000.0,842055000.0,919489000.0,168029000.0,390971000.0,927196360.0,854599360.0,17.966391682124378,1.68264305775751,0.03292144034095027,0.07404373477657825,0.023606699326923438,17.966391682124378,0.023640199478616907,0.7491478813381295,13.320255717733593,1.2595740090936383,0.0,6.343238369567158,0.0,0.7475610168590633,1.3826590899644322,0.010510942203710056,-15.833271174863388,0.1388255978178316,-0.3636363636363637,1.679379358540169,0.4287309227931111,0.8254362962250387,-0.11705609997995879,-0.3613710594884216,-0.3894446954538609,0.1105900985636588,0.0952180522155193,0.4342795553023149,Electronics & Computer Distribution,Technology,NSIT
2014Q2,2014,Q2,2014-08-01,2014-06-30,27249000.0,1417897000.0,46479000.0,0.66,194599000.0,0.1372448069,1976575000.0,733014000.0,1731243000.0,1191879000.0,1243561000.0,170386000.0,373568000.0,1258833740.0,1136466740.0,17.899782667089937,1.452532513787054,0.013943311030444076,0.03759819048476564,0.03739083407205587,17.899782667089937,0.03717391482290925,0.8878174789847217,11.549357224118316,1.7173392868349033,0.0,7.179568743910885,0.0,0.7173504673488231,1.2382070663213296,0.013785968151980067,36.638737411956456,0.13724480692180038,1.357142857142857,0.9441070021311248,0.5307396475052633,0.8575295846693483,0.18842712754587926,1.3592207792207793,1.2155012155012155,-0.12261340192982906,0.09860099326682092,0.4097372624312611,Electronics & Computer Distribution,Technology,NSIT
2014Q1,2014,Q1,2014-05-02,2014-03-31,11550000.0,1214530000.0,20979000.0,0.28,163745000.0,0.1348217006,1758721000.0,702128000.0,1500511000.0,942652000.0,1056593000.0,164826000.0,348278000.0,1045379520.0,956130520.0,16.86510376633359,1.5917973971306485,0.05209183264429094,0.13048190643301505,0.016000554580792258,16.86510376633359,0.016449992024246293,0.8607276230311314,22.627262337662337,1.4888731399402957,0.0,6.375116789826848,0.0,0.6905757081424513,1.331699290936634,0.006567272466752828,16.33022760290557,0.13482170057553128,-0.4166666666666666,2.865729423852839,0.4019696592451585,0.871180454671273,-0.0961055449752974,-0.4340177390111236,-0.4163258492613304,-0.01256962652190413,0.11220752313901715,0.38382352748133863,Electronics & Computer Distribution,Technology,NSIT
2013Q4,2013,Q4,2014-02-21,2013-12-31,20407000.0,1395158000.0,35943000.0,0.48,181155000.0,0.1298455085,1867718000.0,716918000.0,1594664000.0,1051805000.0,1150800000.0,135973000.0,353854000.0,957930510.0,898279510.0,16.996230530333563,1.5161213342777415,0.03596153166591531,0.09368714413642844,0.027600127165717636,16.996230530333563,0.02846490114629567,0.6866107709664425,11.735317660606656,1.336178628518185,0.0,8.92826517029116,0.0,0.7469853586033866,1.3165244508250102,0.010926167654860102,207.74897202342225,0.1298455085373843,0.37142857142857144,1.267459044317512,0.3134665791116034,0.8411294163101163,0.07403301159674627,0.3582029950083195,0.3677461090604665,-0.09904759402636669,0.1736246697873198,0.45046376688806067,Electronics & Computer Distribution,Technology,NSIT
2013Q3,2013,Q3,2013-10-31,2013-09-30,15025000.0,1151020000.0,26279000.0,0.35,168668000.0,0.1465378534,1619696000.0,704360000.0,1339088000.0,789929000.0,915336000.0,145333000.0,338295000.0,800535940.0,754222940.0,16.638163178532622,1.695200454724412,0.05477509359781095,0.1259568970412857,0.020593709255599068,16.638163178532622,0.02133142143222216,0.6955013292557906,13.320065557404327,1.1365437276392754,0.0,6.759318255317099,0.0,0.7106395274174907,1.4276789432974355,0.00927643212059547,-32.292696248487296,0.1465378533822175,-0.435483870967742,1.4092286897741142,0.059936284376027306,0.3453936055806997,-0.11658382523163303,-0.4332968732319994,-0.4107583299699538,0.1378352444717685,0.07315529092810862,0.4806375082836573,Electronics & Computer Distribution,Technology,NSIT
2013Q2,2013,Q2,2013-08-09,2013-06-30,26513000.0,1416547000.0,44598000.0,0.62,190927000.0,0.1347833852,1967235000.0,678327000.0,1679143000.0,1199389000.0,1288908000.0,151552000.0,323270000.0,792518379.9999999,703439379.9999999,15.82583640520741,1.399998665987432,0.026985083124283576,0.07826019014428144,0.036806081590287726,15.82583640520741,0.03908586861498953,0.5594719977522806,7.472922528570889,1.1683426724868684,0.0,8.08712521114865,0.0,0.7200700475540543,1.2182302822520468,0.01347729173179615,11.898246156617821,0.1347833852318349,2.0999999999999996,1.1653774761505349,0.10171116598825856,0.2763204270808176,0.20735185313999885,1.9212208021154693,2.093431365748769,0.06269156256417903,0.19606993954255345,0.4924394945707192,Electronics & Computer Distribution,Technology,NSIT
2013Q1,2013,Q1,2013-05-02,2013-03-31,9076000.0,1181622000.0,14417000.0,0.2,158137000.0,0.1338304466,1721100000.0,699040000.0,1424094000.0,923168000.0,1022060000.0,127127000.0,320968000.0,913501500.0,822520500.0,15.648981419297067,1.5426162951922078,0.035642902794724304,0.08775606546120393,0.01368337773380202,15.648981419297067,0.012983520256351569,0.7730911408216841,25.162557844865578,1.3067943179217212,0.0,8.050886121752264,0.0,0.6865504619138922,1.3370318295261534,0.005273371680901749,86.07382455479129,0.13383044662337024,-0.5652173913043478,-0.06251880073645258,0.15905845503993543,-0.028991426235994974,-0.12337507552953829,-0.5629604661241393,-0.60587752870421,0.021392247763223658,0.161385300381596,0.532669925324443,Electronics & Computer Distribution,Technology,NSIT
2012Q4,2012,Q4,2013-02-22,2012-12-31,20767000.0,1346675000.0,36580000.0,0.46,180393000.0,0.1339543691,2001503000.0,705291000.0,1701550000.0,1182121000.0,1296212000.0,132145000.0,315888000.0,774198270.0,702681270.0,15.823988692198963,1.4394042572630044,0.04027073654148907,0.11428190633369772,0.027775018658458515,15.823988692198963,0.02944458386680108,0.5748961479198768,9.320054292868495,1.0977004810780233,0.0,8.825774717166748,0.0,0.6728318668520606,1.288764009775649,0.010375702659451423,26.109478955888303,0.13395436909425065,0.06976744186046518,-0.08146051518998207,0.1428291797776666,-0.009155887275523704,0.07617002237136465,0.0730081636870931,0.1930465412087016,0.23337133035084498,0.1810622487423553,0.5592368930173252,Electronics & Computer Distribution,Technology,NSIT
2012Q3,2012,Q3,2012-11-01,2012-09-30,19354000.0,1181409000.0,30661000.0,0.43,167625000.0,0.1418856636,1591847000.0,681639000.0,1284891000.0,763114000.0,910208000.0,137667000.0,295121000.0,793168200.0,765351200.0,15.31428892383734,1.683747120351612,0.07089751716088293,0.16556857808898845,0.026021809861272772,15.31428892383734,0.02839332843337896,0.6713747736812569,10.245533223106335,1.1636191591150153,0.0,7.364030595567566,0.0,0.7421624063116619,1.437167972281992,0.012158203646455971,63.887893677003625,0.14188566364400473,-0.4556962025316456,1.3677236860591047,0.18468657185645962,-0.017721123907294294,-0.16722971294575878,-0.4509503546099291,-0.44563173501120995,1.7430602670467,0.2553826635819854,0.5559751422019699,Electronics & Computer Distribution,Technology,NSIT
2012Q2,2012,Q2,2012-08-02,2012-06-30,35250000.0,1529175000.0,55308000.0,0.79,201286000.0,0.1316304543,2002356000.0,652660000.0,1687609000.0,1194540000.0,1349696000.0,158074000.0,275767000.0,747588599.9999999,739687599.9999999,14.692931112111662,1.4127689319738141,0.060484748965718385,0.18556675757668617,0.04649850157766746,14.692931112111662,0.05400974473692274,0.4888836137132767,5.302046808510638,1.1454487788435017,0.0,8.40042638258031,0.0,0.7636878756824461,1.242289919132051,0.01760426217915296,31.83124414544835,0.13163045432994916,1.0256410256410258,0.4533579792508545,0.3169602477657226,-0.03672626236482678,0.18145000352170546,1.0267939282428702,1.1601312294953914,1.3185404339533424,0.52194792837957,0.5247422124535335,Electronics & Computer Distribution,Technology,NSIT
2012Q1,2012,Q1,2012-05-03,2012-03-31,17392000.0,1244182000.0,25604000.0,0.39,170372000.0,0.13693495,1750704000.0,622068000.0,1431111000.0,953528000.0,1128636000.0,163224000.0,240517000.0,968209500.0,975466500.0,14.089875424688561,1.5008589155221452,0.07989128944698819,0.22484037114913483,0.021643524057027953,14.089875424688561,0.02795835825022345,0.7781896057007737,13.917454864305428,1.5564367561102646,0.0,6.578750673920502,0.0,0.7106752483572323,1.2851851230378133,0.009934289291622113,-34.25713830803524,0.13693495003142628,-0.5,0.11805065753109127,0.2288001537175043,-0.03912438035684869,-0.04811071442539236,-0.49812431465343104,-0.3936293664890468,3.6491879453179576,0.3542874350194413,0.5632693322682072,Electronics & Computer Distribution,Technology,NSIT
2011Q4,2011,Q4,2012-02-24,2011-12-31,34654000.0,1360353000.0,42225000.0,0.78,178983000.0,0.1315709966,1857611000.0,596832000.0,1535679000.0,1109162000.0,1260779000.0,158579000.0,223125000.0,671093390.0,659376390.0,13.598049714064386,1.3845398598221,0.06277902101139582,0.19539669454720926,0.04983520765814872,13.598049714064386,0.05806324057691276,0.4933229757276236,4.841384760777976,1.1244259523618036,0.0,7.449725373473158,0.0,0.732313169980152,1.2050647245397876,0.0186551436226422,7.030616009973495,0.13157099664572358,1.0526315789473684,1.0509720799608693,0.19373473908927658,-0.034634002337516435,0.09459682597926795,1.0187580100198066,0.5126276195593766,1.4364885851658835,0.23080328698332198,0.4730189313641866,Electronics & Computer Distribution,Technology,NSIT
2011Q3,2011,Q3,2011-11-03,2011-09-30,17166000.0,1238019000.0,27915000.0,0.38,163515000.0,0.1320779406,1500571000.0,562261000.0,1206004000.0,756377000.0,938310000.0,148996000.0,188471000.0,679574040.0,738264040.0,12.526422492536648,1.5944482711663628,0.10487341152134753,0.2798878101095399,0.025996774779884876,12.526422492536648,0.030530305320838544,0.5489205254523557,9.89709367354072,1.208645166568551,0.0,7.2116298424118765,0.0,0.825031937842328,1.3337449446506173,0.011439645308352621,97.19308352402746,0.132077940645499,-0.49333333333333335,0.07390285087263601,0.45357618720566456,-0.08780172975033824,-0.1991585814407946,-0.5143713930066764,-0.48674339927925275,1.5960380528432592,0.07523303680887637,0.012910412130443997,Electronics & Computer Distribution,Technology,NSIT
2011Q2,2011,Q2,2011-08-04,2011-06-30,35348000.0,1468960000.0,54388000.0,0.75,204179000.0,0.1389956159,1888250000.0,591806000.0,1582297000.0,1126419000.0,1296444000.0,157399000.0,190691000.0,825445390.0,853362390.0,12.697247312750756,1.4047144091141928,0.07579504832516881,0.2418360070698844,0.04894417247780961,12.697247312750756,0.059729032824946016,0.5619250285916567,5.837992177775263,1.3947905056724672,0.0,8.03550848480613,0.0,0.7779478352972329,1.2173241040856022,0.01871997881636436,-8.93387510146653,0.13899561594597537,1.6785714285714284,0.41433930911081324,0.8176114182555867,-0.03001334196637054,0.25664081733136385,1.7051350730848702,1.3796980966965653,1.202761259864911,0.050628987811533056,0.024006295656410822,Electronics & Computer Distribution,Technology,NSIT
2011Q1,2011,Q1,2011-05-05,2011-03-31,13067000.0,1219896000.0,22855000.0,0.28,162480000.0,0.1331916819,1700939000.0,566808000.0,1389671000.0,1034773000.0,1134131000.0,185222000.0,162416000.0,792031240.0,723812240.0,12.18732261116367,1.342971840200701,0.042545911405406076,0.12767639130005223,0.021759250554695186,12.18732261116367,0.023053661910205924,0.6492612812895525,15.153272365500882,1.3973536717900947,0.0,5.708911468400082,0.0,0.7171897404903997,1.1116631377123292,0.007682227287398313,10.07904151077855,0.13319168191386807,-0.48148148148148145,-0.05116379287236861,0.562064488309745,-0.016515600865647045,-0.05864358466298189,-0.47677584688075597,-0.38759378349410506,0.29637981249229456,0.14931180375320008,-0.2437849832146191,Electronics & Computer Distribution,Technology,NSIT
2010Q4,2010,Q4,2011-02-23,2010-12-31,24974000.0,1310705000.0,37320000.0,0.54,172602000.0,0.1316863825,1803283000.0,544971000.0,1489697000.0,1137515000.0,1258312000.0,157411000.0,149349000.0,612045280.0,580898280.0,11.717790487658037,1.3096064667279113,0.05135965902190616,0.16994665771206174,0.04089201766251676,11.717790487658037,0.045826291674235874,0.4669588351307121,6.126824697685593,1.1230786225322082,0.0,7.230136394534054,0.0,0.7268437621826414,1.1074262756974633,0.013849185069675697,11.061325815079881,0.1316863825193312,0.7419354838709679,1.3188424280037347,0.6243114788254769,-0.006265849171481895,0.1161175595719228,0.730460088691796,0.5026574327588984,0.05861218510434939,0.06597788114617817,-0.2662719909197941,Electronics & Computer Distribution,Technology,NSIT
2010Q3,2010,Q3,2010-11-04,2010-09-30,14432000.0,1172227000.0,24836000.0,0.31,154645000.0,0.1319241068,1477199000.0,519921000.0,1153190000.0,762860000.0,957278000.0,152981000.0,124375000.0,725829250.0,799427250.0,11.237161753263594,1.5116666229714495,0.11329685438454805,0.32189890387193437,0.023055787943564183,11.237161753263594,0.02775806324422364,0.6191883056779958,12.57326167544346,1.3960375710925315,0.0,6.651688771808264,0.0,0.7935471117973949,1.2235652675458144,0.009769841436394148,-7.57255346896192,0.1319241068496119,-0.46551724137931033,-0.018283679678817603,0.45316978201504765,-0.0223901702346797,-0.11023848565921579,-0.4637735007802631,-0.443849788387039,0.698492641129699,0.1308155672654994,-0.27923348760342737,Electronics & Computer Distribution,Technology,NSIT
2010Q2,2010,Q2,2010-08-05,2010-06-30,26914000.0,1277618000.0,44657000.0,0.58,173805000.0,0.1360383151,1621048000.0,490308000.0,1292955000.0,1021866000.0,1130740000.0,124010000.0,109943000.0,608492080.0,594141080.0,10.604005363553787,1.2652882080429333,0.051688167160997084,0.17089054227138858,0.049448392340297354,10.604005363553787,0.0548920270523834,0.47627074759435134,5.652189195214386,1.241040488835589,0.0,8.900999919361341,0.0,0.7881432258637622,1.0783674180371987,0.016602839644476907,45.12697122515574,0.13603831505191694,1.8999999999999997,1.2301493141780215,0.6684547463242593,-0.0812061280691769,0.19828329139232653,1.9366066557555919,1.5868620749580027,0.06603445015813908,0.05705117226658544,-0.3047976743024525,Electronics & Computer Distribution,Technology,NSIT
2010Q1,2010,Q1,2010-05-06,2010-03-31,9165000.0,1049380000.0,17263000.0,0.2,145045000.0,0.1382197107,1494738000.0,470418000.0,1158173000.0,915412000.0,1024320000.0,121831000.0,83029000.0,661608280.0,659291280.0,10.210274998372148,1.2651931589273464,0.05553280909430281,0.17645370712855377,0.019759750928471178,10.210274998372148,0.019482672856905987,0.6304754045245764,18.047143480632844,1.4064263697392532,0.0,7.4228644597844555,0.0,0.702049456158872,0.998058797568745,0.00613150933474629,6.169244426209636,0.13821971068631,-0.47368421052631576,-0.3642964709221515,0.44870753518067724,-0.1135851737224556,-0.06730670301970267,-0.4734271760988222,-0.36308293978748524,-0.43541590424369153,-0.006851154946732456,-0.30369829256281955,Electronics & Computer Distribution,Technology,NSIT
2009Q4,2009,Q4,2010-02-25,2009-12-31,17405000.0,1178648000.0,27104000.0,0.38,155512000.0,0.1319410036,1603321000.0,467574000.0,1260320000.0,962835000.0,1135747000.0,125416000.0,73864000.0,526153660.0,608311660.0,10.148546871269508,1.3089677878348835,0.09369552322959657,0.32128390372433024,0.0337737717805801,10.148546871269508,0.03722405437428086,0.4464044057258825,7.5575073254811835,1.12528425447095,0.0,8.157938381067806,0.0,0.7351291475630893,1.108015392045366,0.010855592860069818,41.54719361970941,0.1319410035905546,1.375,0.77505378596073,0.6206042053628401,-0.10092811392083396,0.16500606805208037,1.3934268426842684,0.7037968317827508,-0.018682850063434127,-0.014698097472908931,-0.2795244699631802,Electronics & Computer Distribution,Technology,NSIT
2009Q3,2009,Q3,2009-11-05,2009-09-30,7272000.0,969935000.0,15908000.0,0.16,133486000.0,0.1376236552,1342067000.0,451513000.0,991122000.0,713433000.0,890554000.0,116573000.0,56459000.0,560133750.0,649479750.0,9.84224523160763,1.3892292618928477,0.11796281407709153,0.3506299929348657,0.02046144132822106,9.84224523160763,0.01610584855807031,0.5774961724239254,19.25652330858086,1.2405705926518173,0.0,7.1753236169610455,0.0,0.7227172711943591,1.1187077132680994,0.005418507421760613,-6.295264506557874,0.13762365519338926,-0.5294117647058824,-0.6138234505862188,0.2850293561432276,-0.06860645401637583,-0.09711587889938043,-0.5366382056837008,-0.27191175797519335,-0.5548723366861175,0.11426361332334499,-0.2832687001420654,Electronics & Computer Distribution,Technology,NSIT
2009Q2,2009,Q2,2009-08-06,2009-06-30,15694000.0,1037162000.0,21849000.0,0.34,147844000.0,0.1425466803,1543995000.0,441855000.0,1191574000.0,960431000.0,1102140000.0,107781000.0,49187000.0,442939980.0,442619980.0,9.636337862299087,1.2406659093677734,0.07739662369372957,0.2704507134693508,0.025079713318467905,9.636337862299087,0.035518439307012484,0.4270692331574045,7.055880909901873,1.0024555114234308,0.0,8.25115743962294,0.0,0.6717392219534389,1.0407723199271994,0.010164540688279431,4.750179415959763,0.14254668026788486,3.2666666666666666,0.27139255286317937,0.42335596593082503,-0.048274095637502436,0.12197676271713806,3.308959835221421,15.843070652173912,-0.3617005887138122,0.3044868294376864,-0.2638468064374937,Electronics & Computer Distribution,Technology,NSIT
2009Q1,2009,Q1,2009-05-15,2009-03-31,-6797000.0,951160000.0,-1472000.0,-0.15,131771000.0,0.1385371546,1468988000.0,411988000.0,1118233000.0,862316000.0,1057000000.0,123450000.0,33493000.0,139872600.0,243679600.0,9.01308247648217,1.2967786751028625,0.11640666908102722,0.41506063283396605,-0.0016914945640722915,9.01308247648217,-0.016498053341359457,0.14705475419487785,-5.144644696189495,0.3395064904803053,0.0,6.637415957877684,0.0,0.6474933763924552,1.056300706469554,-0.004626994910782117,1.5365043445783397,0.13853715463223853,0.9171270718232045,-1.4274852464428427,0.35442114802153757,-0.10011645474372335,-0.14774211908365348,0.9177944680284944,-1.1556848228450556,-1.5021680413008678,0.2392136049947098,-0.2726683057022105,Electronics & Computer Distribution,Technology,NSIT
2008Q4,2008,Q4,2009-05-12,2008-12-31,-82683000.0,1151062000.0,9455000.0,-1.81,154614000.0,0.1343229122,1607640000.0,421968000.0,1250408000.0,932941000.0,1185672000.0,133637000.0,40290000.0,315399000.0,494224000.0,9.231415445197987,1.3402862560440585,0.14182279614839144,0.5403253327266523,0.015147394398207243,9.231415445197987,-0.19594613809577976,0.2740069605286249,-0.9536392003192918,0.7474476737572517,0.0,7.456378098879801,0.0,0.7159948744743848,1.1138978777864839,-0.05143129058744495,3.909985743507097,0.13432291223235585,-13.066666666666666,-8.211848966371072,0.6052781780088611,0.0019544841593321528,0.003517835817020614,-13.31684790704603,-0.36432701358074493,-8.811164770721184,0.45137459398296953,-0.21712435479698072,Electronics & Computer Distribution,Technology,NSIT
2008Q3,2008,Q3,2008-11-07,2008-09-30,6713000.0,1168916000.0,14874000.0,0.15,154072000.0,0.1318075893,1605593000.0,563541000.0,1124656000.0,824604000.0,1042052000.0,107785000.0,161501000.0,611080290.0,869656290.0,12.36676249204503,1.3638740534850669,0.20617117787633604,0.5874053529379406,0.012941122904891085,12.36676249204503,0.011912176753776567,0.5227751951380596,22.757347311187246,1.0843581744717776,0.0,9.415447418471958,0.0,0.7280275885607373,1.1706964797648325,0.004181009757765511,-9.35847420249016,0.13180758925363328,1.0401069518716577,-0.3563706714830266,0.6278206113008488,0.38725846821243914,-0.2362918975721466,1.0385191390717077,-0.727417670020342,-0.53635309338803,0.471293004281235,0.0758827575909055,Electronics & Computer Distribution,Technology,NSIT
2008Q2,2008,Q2,2008-08-11,2008-06-30,-174277000.0,1397722000.0,54567000.0,-3.74,201742000.0,0.1443362843,2012047000.0,577746000.0,1518130000.0,1042587000.0,1434301000.0,130303000.0,154788000.0,546547620.0,775984620.0,12.39957934498004,1.456118290368094,0.16848512982052608,0.5867630411980351,0.038123764643318174,12.39957934498004,-0.30164985997306776,0.39102741460748275,-0.7840214428754225,0.9459998338370149,0.0,9.17845329731472,0.0,0.6946766154070954,1.2779969441399135,-0.08661676392251275,12.797911768838102,0.14433628432549533,-18.0,-22.124241428706416,0.9078525687400515,0.44014045429599763,0.31724070386210046,-17.566254752851712,1.9816403475219933,-15.330614510515437,0.8113536734244292,0.07437304359016067,Electronics & Computer Distribution,Technology,NSIT
2008Q1,2008,Q1,2008-05-08,2008-03-31,10520000.0,1107789000.0,18301000.0,0.22,153155000.0,0.1382528622,1656189000.0,782281000.0,1092954000.0,618797000.0,873908000.0,116120000.0,343086000.0,849450000.0,947254000.0,16.11621343222085,1.766256138927629,0.1228724499438168,0.2601367027960541,0.011622443528338057,16.11621343222085,0.013447853137171936,0.7667976482886182,20.186549429657795,1.0858630083051997,0.0,8.221098863244919,0.0,0.6688783707656554,1.4836319503811428,0.00635193205606365,13.990085312427945,0.13825286223278982,-0.5686274509803922,0.4216117020880495,0.47896245768810264,0.9370941831506807,-0.11600886559617671,-0.5727398261717164,-0.5426007847841844,-0.3073966102083892,0.45161585992047437,0.39914454136166483,Electronics & Computer Distribution,Technology,NSIT
2007Q4,2007,Q4,2008-02-27,2007-12-31,24622000.0,1283302000.0,40011000.0,0.51,173254000.0,0.1350064131,1867178000.0,775194000.0,1310579000.0,857354000.0,1091984000.0,120313000.0,340641000.0,885369599.9999999,1030901599.9999999,15.970210135970333,1.5286322802482988,0.10831854274204174,0.2609024321653676,0.025600074221395628,15.970210135970333,0.03176237174178335,0.689915234294032,8.989619039883031,1.1421264870471133,0.0,9.226334643804078,0.0,0.6872949445633999,1.31722718970227,0.01318674491666033,-114.07931967529956,0.13500641314359363,1.8333333333333335,1.2991894118133431,0.5785999694155666,0.9614509695070775,0.15621371274508494,1.7069041336851363,1.1029643645537686,1.3834581807743453,0.6748211202303414,0.41481998656141966,Electronics & Computer Distribution,Technology,NSIT
2007Q3,2007,Q3,2007-11-09,2007-09-30,9096000.0,1109705000.0,19026000.0,0.18,149846000.0,0.1350322834,1590637000.0,772201000.0,1027234000.0,611404000.0,818436000.0,119646000.0,335219000.0,1301648400.0,1415562400.0,15.590571370886332,1.6801231264433991,0.10498938475591854,0.2162649362018438,0.012026860821274344,15.590571370886332,0.011779316525101625,1.172967950941917,35.77529683377309,1.6856341807379167,0.0,8.022491349480969,0.0,0.6976481749135723,1.4189144984331146,0.005718463734969072,-98.15612698891486,0.13503228335458523,-0.6666666666666667,-0.16238095669348312,0.20843309188164721,0.5938815563121259,-0.18920205829676484,-0.6607109552762133,-0.5641137254003528,-0.5526059248386062,0.3617133967916618,0.4753704273093737,Electronics & Computer Distribution,Technology,NSIT
2007Q2,2007,Q2,2007-08-09,2007-06-30,26809000.0,1283449000.0,43649000.0,0.54,184813000.0,0.1439971514,1786731000.0,748913000.0,1228553000.0,909957000.0,1037818000.0,118459000.0,341741000.0,1108164430.0,1203520430.0,15.25312124483187,1.3501220387336985,0.07919490958627795,0.18894050443776514,0.030163092168682425,15.25312124483187,0.035797215430897845,0.8634269300922748,10.333884423141484,1.4796971477327807,0.0,9.274398737115796,0.0,0.7183224559264937,1.1817690286464086,0.015004497039565553,20.645436135330502,0.14399715142557282,1.1600000000000001,0.866344788820018,0.5932304519454851,0.5678052157185834,0.206548065937653,0.5525249015520037,0.863987701242687,1.0282511833456882,0.6449043677440481,0.5064634323256227,Electronics & Computer Distribution,Technology,NSIT
2007Q1,2007,Q1,2007-07-26,2007-03-31,17268000.0,1123975000.0,23417000.0,0.25,153175000.0,0.1362797215,1554963000.0,718662000.0,1001679000.0,615440000.0,836301000.0,124571000.0,314932000.0,881199800.0,1050539800.0,14.663578861456845,1.6275818926296632,0.12958507694395302,0.2803821546151042,0.01548563343591846,14.663578861456845,0.024027985339422426,0.7840030249783135,12.757699212416028,1.2261672385627738,0.0,7.793146077337422,0.0,0.7228307040103205,1.3501543611075004,0.011105087387931417,28.42304938231784,0.13627972152405526,-0.34210526315789475,0.23158532985436567,0.8319050378029841,0.8071986443951461,-0.043893213155480094,-0.08475115280648751,-0.3009850746268657,0.01291364040556686,0.4927370711510075,0.464040007003578,Electronics & Computer Distribution,Technology,NSIT
