Quarters,Year,Quarter,FillingDate,Date,NetIncome,Revenue,OperatingIncome,EPSDiluted,GrossProfit,GrossProfitRatio,TotalAssets,CommonStockEquity,CurrentAssets,CurrentLiability,TotalLiability,Inventory,RetainedEarnings,MarketCap,EnterpriseValue,bookValuePerShare,currentRatio,debtToAssets,debtToEquity,roic,shareholdersEquityPerShare,roe,priceToSalesRatio,peRatio,pbRatio,payoutRatio,inventoryTurnover,dividendYield,assetTurnover,quickRatio,returnOnAssets,priceToFreeCashFlowsRatio,grossProfitMargin,epsdilutedGrowth,fiveYNetIncomeGrowthPerShare,fiveYRevenueGrowthPerShare,fiveYShareholdersEquityGrowthPerShare,grossProfitGrowth,netIncomeGrowth,operatingIncomeGrowth,threeYNetIncomeGrowthPerShare,threeYRevenueGrowthPerShare,threeYShareholdersEquityGrowthPerShare,Industry,Sector,Symbol
2023Q1,2023,Q1,2023-05-03,2023-03-31,-1267000.0,4305000.0,-1869000.0,-0.0602,4007000.0,0.9307781649,49400000.0,38767000.0,37449000.0,5200000.0,10633000.0,-2201000.0,-59766000.0,35756100.0,31987100.0,1.8431512385299291,7.201730769230769,0.10615384615384615,0.1352696881368174,-0.031054012789932556,1.8431512385299291,-0.03268243609255295,8.305714285714286,-7.055268350434096,0.9223334279154951,0.0,-0.13539300318037256,0.0,0.08714574898785425,7.201730769230769,-0.025647773279352228,-23.821518987341772,0.9307781649245064,0.26763990267639903,-1.6221468236302066,0.515013630492124,-0.33810470264488285,0.0762825678216492,0.2792946530147895,0.07475247524752475,-0.22307236875745115,0.25215682754356045,-0.24308691505798483,Software—Application,Technology,AWRE
2022Q4,2022,Q4,2023-03-15,2022-12-31,-1758000.0,4063000.0,-2020000.0,-0.0822,3723000.0,0.9163179916,51192000.0,40209000.0,36586000.0,5654000.0,10983000.0,-693000.0,-58198000.0,36583740.0,29821740.0,1.8794521828550061,6.470817120622568,0.09741756524456946,0.12402695913850133,-0.04179826022316017,1.8794521828550061,-0.04372155487577408,9.004120108294364,-5.202465870307167,0.9098395881519062,0.0,-0.4906204906204906,0.0,0.07936786997968433,6.470817120622568,-0.0343413033286451,-34.286541705716964,0.9163179916317992,-1.685,-2.0491540005827877,0.24637310650121808,-0.32074180898928656,0.36223929747530187,-1.6764140053866872,0.3742255266418835,0.7640738557068889,0.6644910741710912,-0.2447370314878722,Software—Application,Technology,AWRE
2022Q3,2022,Q3,2022-10-28,2022-09-30,2599000.0,3015000.0,-3228000.0,0.12,2733000.0,0.9064676617,50049000.0,42648000.0,43811000.0,6482000.0,7401000.0,0.0,-56440000.0,38670500.0,26013500.0,1.963084004602992,6.758870718913916,0.0,0.0,-0.08020335079744753,1.963084004602992,0.060940724066779216,12.826036484245439,3.719747979992305,0.9067365409866817,0.0,0.0,0.0,0.060240963855421686,6.537025609379821,0.051929109472716735,-18.104166666666668,0.9064676616915422,3.1201413427561837,1.1102497469571657,-0.49049684835363144,-0.29760025523134126,-0.30173735309146654,3.1216326530612246,-1.3858093126385809,18.05188334006508,-0.007652359415679995,-0.30467445024158324,Software—Application,Technology,AWRE
2022Q2,2022,Q2,2022-07-29,2022-06-30,-1225000.0,4238000.0,-1353000.0,-0.0566,3914000.0,0.9235488438,46650000.0,39853000.0,36895000.0,5878000.0,6797000.0,1905000.0,-59039000.0,51538900.0,26554900.0,1.8403601939505887,6.276794828172848,0.0,0.0,-0.032264129247521485,1.8403601939505887,-0.030737962010388177,12.16113732892874,-10.518142857142857,1.2932251022507715,0.0,0.1700787401574803,0.0,0.09084673097534834,5.787682885335148,-0.026259378349410504,-291.18022598870056,0.9235488437942425,0.035775127768313535,-6.402332024936504,0.5523821275768921,-0.3298547919078179,-0.10598446779351302,0.03543307086614173,-0.05046583850931677,-0.2988538030236716,0.3993714359831511,-0.3514123889788445,Software—Application,Technology,AWRE
2022Q1,2022,Q1,2022-04-27,2022-03-31,-1270000.0,4692000.0,-1288000.0,-0.0587,4378000.0,0.9330775789,46624000.0,40673000.0,34784000.0,5209000.0,5951000.0,0.0,-57751000.0,64926000.0,39844000.0,1.87935495795213,6.677673257822999,0.0,0.0,-0.03144436528588669,1.87935495795213,-0.03122464534211885,13.837595907928389,-12.780708661417322,1.59629238069481,0.0,0.0,0.0,0.10063486616334935,6.488577462084853,-0.027239190116678105,-27.26837463250735,0.93307757885763,-0.008591065292096228,-4.224622675844067,0.10993761395757513,-0.3048738621345768,0.17688172043010753,-0.01195219123505976,0.15430072225869992,-6.550357329883252,0.2527616154250503,-0.3464444032084486,Software—Application,Technology,AWRE
2021Q4,2021,Q4,2022-03-15,2021-12-31,-1255000.0,3997000.0,-1523000.0,-0.0582,3720000.0,0.9306980235,48373000.0,41522000.0,38815000.0,5741000.0,6851000.0,0.0,-56472000.0,67970700.0,38007700.0,1.9242747242561868,6.761017244382511,0.0,0.0,-0.03020510835668686,1.9242747242561868,-0.03022494099513511,17.005429071803853,-13.539980079681275,1.6369803959346851,0.0,0.0,0.0,0.08262873917267897,6.658073506357777,-0.02594422508424121,-66.50753424657535,0.9306980235176382,0.16857142857142862,-3.846732481150286,0.061482605995978164,-0.2509630639748959,-0.05391658189216684,0.2051931602279924,0.036075949367088606,-2.9600014272927084,-0.01704049736509005,-0.33054377575435434,Software—Application,Technology,AWRE
2021Q3,2021,Q3,2021-10-27,2021-09-30,-1579000.0,4175000.0,-1580000.0,-0.07,3932000.0,0.9417964071856287,47917000.0,42149000.0,41847000.0,5662000.0,5768000.0,0.0,-55217000.0,86343320.0,53046320.0,1.9575051086754598,7.390851289297069,0.0,0.0,-0.03748606135376877,1.9575051086754598,-0.037462335998481575,20.681034730538922,-13.670569981000632,2.0485259436760064,0.0,0.0,0.0,0.08712982866206148,7.259272341928647,-0.03295281424129223,-45.539725738396626,0.9417964071856287,0.0,-2.065119211088002,-0.2490294705441153,-0.23739245940986903,-0.005815423514538559,-0.023994811932555125,-0.023979261179520414,-2.2383294023893483,-0.2258461917129375,-0.31006439535357433,Software—Application,Technology,AWRE
2021Q2,2021,Q2,2021-07-28,2021-06-30,-1542000.0,4264000.0,-1543000.0,-0.07,3955000.0,0.9275328330206379,48031000.0,43287000.0,40392000.0,4632000.0,4744000.0,0.0,-53638000.0,79538900.0,44346900.0,2.0136298088105318,8.720207253886011,0.0,0.0,-0.03564580590015478,2.0136298088105318,-0.03562270427611061,18.65358818011257,-12.895411802853438,1.8374777646868574,0.0,0.0,0.0,0.08877599883408632,8.642702936096718,-0.032104265994878305,-91.21433486238531,0.9275328330206379,0.0,-2.1470956043228417,-0.3402398275843389,-0.2095151045433945,-0.020069375619425175,-0.0649171270718232,-0.06487232574189096,-7.216244918885267,0.13599443366169855,-0.2759446239930871,Software—Application,Technology,AWRE
2021Q1,2021,Q1,2021-04-28,2021-03-31,-1448000.0,4419000.0,-1449000.0,-0.07,4036000.0,0.9133288074224938,49715000.0,44365000.0,41925000.0,5224000.0,5350000.0,0.0,-52096000.0,78453100.0,42413100.0,2.064064390062343,8.025459418070444,0.0,0.0,-0.032660881325369095,2.064064390062343,-0.032638341034599345,17.75358678434035,-13.5450794198895,1.7683556857883467,0.0,0.0,0.0,0.0888866539273861,7.923813169984686,-0.029126018304334707,-31.74953460137596,0.9133288074224938,0.12499999999999993,-3.4393450213903316,-0.022097063467385217,-0.17015155585410988,0.3023555985801872,0.11491442542787286,0.2192887931034483,-1.9324656258312165,0.5217782170010807,-0.2587724302482741,Software—Application,Technology,AWRE
2020Q4,2020,Q4,2021-02-17,2020-12-31,-1636000.0,3426000.0,-1856000.0,-0.08,3099000.0,0.9045534150612959,51628000.0,45670000.0,43661000.0,5868000.0,5958000.0,0.0,-50648000.0,74984000.0,36419000.0,2.1317214339059,7.44052488070893,0.0,0.0,-0.03586084591184495,2.1317214339059,-0.03582220275892271,21.886748394629304,-11.45843520782396,1.6418655572585943,0.0,0.0,0.0,0.06635933989308128,7.34134287661895,-0.03168823119237623,-67.92028985507247,0.9045534150612959,0.0,-1.9590116866406493,-0.4721245882486119,-0.1298724493631282,0.3329032258064516,0.07934721440630275,0.2634920634920635,-1.8335783119675975,0.04949418737488956,-0.22956845715856478,Software—Application,Technology,AWRE
2020Q3,2020,Q3,2020-10-30,2020-09-30,-1777000.0,2474000.0,-2520000.0,-0.08,2325000.0,0.9397736459175424,52238000.0,47245000.0,47241000.0,4968000.0,4993000.0,0.0,-49013000.0,57985200.00000001,15692200.000000007,2.1998975600670514,9.509057971014492,0.0,0.0,-0.03771721580536002,2.1998975600670514,-0.03761244576145624,23.437833468067907,-8.157737760270118,1.2273298761773734,0.0,0.0,0.0,0.047360159271028754,9.383252818035427,-0.03401738198246487,-24.59083969465649,0.9397736459175424,0.4666666666666666,-1.8635908462521023,-0.34632555881281857,-0.06526978000338203,0.347045191193511,0.43425660617637696,0.31910294514995946,-2.459558125398481,-0.5770727743818632,-0.21286736528588343,Software—Application,Technology,AWRE
2020Q2,2020,Q2,2020-07-31,2020-06-30,-3141000.0,1890000.0,-3701000.0,-0.15,1726000.0,0.9132275132275133,54166000.0,49051000.0,49631000.0,5036000.0,5115000.0,0.0,-47236000.0,69026050.0,24075050.0,2.2846297158826268,9.855242255758538,0.0,0.0,-0.06436582966097952,2.2846297158826268,-0.06403539173513283,36.521719576719576,-5.493954950652658,1.4072302297608612,0.0,0.0,0.0,0.0348927371413802,9.80262112787927,-0.057988406011150906,-47.24575633127994,0.9132275132275133,-1.9999999999999998,-11.487075645392784,-0.553663493742106,-0.026631619595170217,-0.48446833930704897,-1.9632075471698114,-1.7475872308834446,-14.97137866790871,-0.3017263890903815,-0.1680793458821942,Software—Application,Technology,AWRE
2020Q1,2020,Q1,2020-05-01,2020-03-31,-1060000.0,3518000.0,-1347000.0,-0.05,3348000.0,0.9516770892552586,56416000.0,52408000.0,52361000.0,3964000.0,4008000.0,0.0,-44094000.0,61337700.0,14480700.0,2.435089675680699,13.209132189707367,0.0,0.0,-0.022722530312939505,2.435089675680699,-0.020225919706914976,17.43538942581012,-14.466438679245282,1.1703881086856969,0.0,0.0,0.0,0.06235819625638117,13.123360242179617,-0.01878899602949518,-73.45832335329341,0.9516770892552586,0.8571428571428572,-5.140421292576133,-0.093453527340659,0.04692602282814439,0.4588235294117647,0.8582698221687391,0.22093695777906305,-3.706423860281928,-0.16314316707443263,-0.09932156538626283,Software—Application,Technology,AWRE
2019Q4,2019,Q4,2020-02-18,2019-12-31,-7479000.0,2450000.0,-1729000.0,-0.35,2295000.0,0.936734693877551,57555000.0,53435000.0,53800000.0,4060000.0,4120000.0,0.0,-43034000.0,72149280.0,24407280.0,2.488473897452615,13.251231527093596,0.0,0.0,-0.15765375997932282,2.488473897452615,-0.13996444278094883,29.448685714285713,-2.4117288407541113,1.3502251333395714,0.0,0.0,0.0,0.042567978455390496,13.188177339901477,-0.12994526974198592,-707.3458823529412,0.936734693877551,-33.99999999999999,-34.23548556745485,-0.3961264799263204,0.08328343173766121,-0.16332482683193583,-48.52980132450331,-0.473998294970162,-18.04766602750876,-0.34617234992509016,-0.0313447243106858,Software—Application,Technology,AWRE
2019Q3,2019,Q3,2019-11-01,2019-09-30,-151000.0,3010000.0,-1173000.0,-0.01,2743000.0,0.911295681063123,65899000.0,60765000.0,56138000.0,5070000.0,5134000.0,0.0,-35555000.0,64353770.00000001,16346770.000000007,2.8232588393811273,11.07258382642998,0.0,0.0,-0.0031683534929647,2.8232588393811273,-0.00248498313173702,21.379990033222594,-106.54597682119206,1.059059820620423,0.0,0.0,0.0,0.04567595866401614,10.988560157790927,-0.0022913853017496474,-113.49871252204586,0.911295681063123,0.75,-1.0615572052746638,-0.4708564206197481,0.23789333717716604,0.01932367149758454,0.8390191897654584,0.0084530853761623,-1.1019000977649867,-0.4583553280544638,0.09988907329423849,Software—Application,Technology,AWRE
2019Q2,2019,Q2,2019-08-02,2019-06-30,-938000.0,3012000.0,-1183000.0,-0.04,2691000.0,0.8934262948207171,65055000.0,61111000.0,55788000.0,3865000.0,3944000.0,0.0,-35404000.0,71072100.0,22113100.0,2.8374889724659886,14.434152652005174,0.0,0.0,-0.020064096751396403,2.8374889724659886,-0.015349118816579667,23.596314741035858,-18.94245735607676,1.1630001145456628,0.0,0.0,0.0,0.04629928522019829,14.373609314359637,-0.014418568903235724,-54.00615501519757,0.8934262948207171,-5.0,-2.1394258730975406,-0.5323099430462471,0.3338950839632175,-0.1627255756067206,-5.114035087719298,-25.886363636363637,-1.6964833337924772,-0.5348248407669014,0.11390493125645695,Software—Application,Technology,AWRE
2019Q1,2019,Q1,2019-05-03,2019-03-31,228000.0,3732000.0,-44000.0,0.01,3214000.0,0.8612004287245445,65926000.0,62012000.0,56751000.0,3849000.0,3914000.0,0.0,-34466000.0,76987050.0,26573050.0,2.8755854393693485,14.744349181605612,0.0,0.0,-0.0007003252826641848,2.8755854393693485,0.00367670773398697,20.628898713826366,84.415625,1.2414863252273753,0.0,0.0,0.0,0.056608925158511056,14.612366848532087,0.003458423080423505,-71.88333333333334,0.8612004287245445,-0.6666666666666666,-0.7281617941529835,-0.4082492449574743,-0.24916338367333438,-0.10173281162660704,-0.6431924882629108,-1.1282798833819243,-0.6171688230601131,-0.17684586179067605,0.156117083535923,Software—Application,Technology,AWRE
2018Q4,2018,Q4,2019-02-19,2018-12-31,639000.0,4058000.0,343000.0,0.03,3578000.0,0.88171513060621,66441000.0,61897000.0,57185000.0,4469000.0,4544000.0,0.0,-34694000.0,77737740.0,26125740.0,2.8743846939723228,12.79592750055941,0.0,0.0,0.0059016592080391615,2.8743846939723228,0.010323602113188038,19.15666338097585,30.41382629107981,1.2559209654749017,0.0,0.0,0.0,0.06107674478108397,12.732378608189752,0.009617555425114012,28.176056542225442,0.88171513060621,-0.5,-0.5774122296220576,-0.037863123070322934,-0.23804331987852886,-0.2930250938549694,-0.49960845732184805,-0.6996497373029772,-0.6273361131142774,-0.37794044090465156,0.17326836122841005,Software—Application,Technology,AWRE
2018Q3,2018,Q3,2018-10-26,2018-09-30,1277000.0,5401000.0,1142000.0,0.06,5061000.0,0.9370486946861692,66190000.0,61182000.0,56863000.0,4931000.0,5008000.0,0.0,-35332000.0,78277320.0,29314320.0,2.837228714524207,11.531737984181708,0.0,0.0,0.017449485736170695,2.837228714524207,0.020872151940113104,14.493116089613034,15.324455755677368,1.2794174757281553,0.0,0.0,0.0,0.08159842876567458,11.453457716487527,0.01929294455355794,7116.12,0.9370486946861692,6.999999999999999,2.1592659169992454,0.2647017856839036,-0.23082636516417993,0.4929203539823009,7.792553191489362,3.9973753280839897,-0.38193297769415757,0.42121590279123333,0.2055304158922296,Software—Application,Technology,AWRE
2018Q2,2018,Q2,2018-07-27,2018-06-30,-188000.0,3760000.0,-381000.0,-0.01,3390000.0,0.901595744680851,63853000.0,59887000.0,54404000.0,3876000.0,3966000.0,0.0,-36610000.0,87212700.0,38091700.0,2.7810439305284667,14.036119711042312,0.0,0.0,-0.006644736475918536,2.7810439305284667,-0.003139245579174111,23.194867021276597,-115.97433510638297,1.4562876751214786,0.0,0.0,0.0,0.05888525206333297,13.978328173374614,-0.0029442626031666486,-61.54742413549753,0.901595744680851,0.5,-1.640332128360605,-0.18935272821977042,-0.2619044308328581,0.18490038448095072,0.6202020202020202,0.4730290456431535,-1.6258231860791406,-0.11468915140024018,0.1848660672118506,Software—Application,Technology,AWRE
2018Q1,2018,Q1,2018-04-27,2018-03-31,-495000.0,2911000.0,-723000.0,-0.02,2861000.0,0.9828237718996908,63928000.0,60001000.0,54470000.0,3816000.0,3927000.0,0.0,-36423000.0,89420050.00000001,38772050.000000015,2.784656796769852,14.274109014675052,0.0,0.0,-0.010632175738247499,2.784656796769852,-0.008249862502291629,30.71798351082103,-45.161641414141414,1.4903093281778639,0.0,0.0,0.0,0.04553560255287198,14.189203354297694,-0.007743085971718183,-99.46612903225808,0.9828237718996908,0.3333333333333333,-1.2784846561144878,-0.45846929960437643,-0.25972898650094906,-0.10116242538485705,0.14802065404475043,-0.5125523012552301,-2.9312552723321663,-0.25074050003286313,0.19721655194019796,Software—Application,Technology,AWRE
2017Q4,2017,Q4,2018-02-28,2017-12-31,-581000.0,3285000.0,-478000.0,-0.03,3183000.0,0.9689497716894977,63936000.0,59652000.0,54212000.0,4157000.0,4284000.0,0.0,-36809000.0,97015500.0,45407500.0,2.7669186882508465,13.04113543420736,0.0,0.0,-0.013004569894587864,2.7669186882508465,-0.009739824314356601,29.53287671232877,-41.74505163511188,1.6263578756789379,0.0,0.0,0.0,0.05137950450450451,12.992302140967043,-0.009087212212212212,31.944517616068488,0.9689497716894977,-1.5,-1.1012834809844494,-0.39637853031134707,-0.24245566538096508,-0.44157894736842107,-1.4727420667209112,-1.2870870870870872,-3.5715722991165046,-0.19354639565954515,0.20449612713067256,Software—Application,Technology,AWRE
2017Q3,2017,Q3,2017-10-27,2017-09-30,1229000.0,5905000.0,1665000.0,0.06,5700000.0,0.9652836579170194,65134000.0,60589000.0,55056000.0,4392000.0,4545000.0,0.0,-36229000.0,100807350.00000001,51682350.000000015,2.794824484524194,12.53551912568306,0.0,0.0,0.019037885940540514,2.794824484524194,0.02028421000511644,17.07152413209145,20.505970301057772,1.6637896317813465,0.0,0.0,0.0,0.090659256302392,12.46379781420765,0.018868793564037215,300.9174626865672,0.9652836579170194,4.999999999999999,-0.8770111748597446,0.1576813265339724,-0.4673265975037031,1.158273381294964,4.390350877192983,5.995798319327731,-0.5025867034944319,0.030600852676938236,0.22542593676267025,Software—Application,Technology,AWRE
2017Q2,2017,Q2,2017-07-28,2017-06-30,228000.0,2745000.0,238000.0,0.01,2641000.0,0.9621129326047358,63411000.0,59796000.0,53018000.0,3460000.0,3615000.0,0.0,-37458000.0,112136100.00000001,62711100.000000015,2.7462110774317994,15.323121387283237,0.0,0.0,0.0025068658854469836,2.7462110774317994,0.00381296407786474,40.85103825136613,122.95625,1.875311057595826,0.0,0.0,0.0,0.043289019255334245,15.244508670520231,0.0035955906703884185,555.1292079207922,0.9621129326047358,-0.5,-0.9958522013339985,-0.4857786187445776,-0.42468523988557455,-0.32003089598352213,-0.43703703703703706,-0.38341968911917096,-0.7260539297279303,-0.5784078578539306,0.29098561836103004,Software—Application,Technology,AWRE
2017Q1,2017,Q1,2017-04-28,2017-03-31,405000.0,4347000.0,386000.0,0.02,3884000.0,0.8934897630549804,64111000.0,60169000.0,52683000.0,3761000.0,3942000.0,0.0,-37686000.0,104598500.0,55605500.0,2.703617164682094,14.00771071523531,0.0,0.0,0.005539833236596806,2.703617164682094,0.006731040901460885,24.06222682309639,64.56697530864197,1.7384118067443368,0.0,0.0,0.0,0.06780427695715244,13.928210582291944,0.006317168660604265,8046.038461538462,0.8934897630549804,0.0,-0.6626667079295964,-0.29404350766087056,-0.00269197556341606,0.05543478260869565,-0.11956521739130435,-0.39781591263650545,-0.5321005494168828,-0.33210423496432373,-0.2940655714900978,Software—Application,Technology,AWRE
2016Q4,2016,Q4,2017-02-10,2016-12-31,460000.0,3929000.0,641000.0,0.02,3680000.0,0.9366250954441334,61984000.0,57841000.0,55197000.0,3932000.0,4143000.0,0.0,-42849000.0,137341500.0,85428500.0,2.5689984454807906,14.037894201424212,0.0,0.0,0.00722063458813756,2.5689984454807906,0.00795283622344012,34.955841180962075,74.64211956521739,2.3744662090904374,0.0,0.0,0.0,0.06338732576148684,13.969735503560528,0.007421270005162623,123.1762331838565,0.9366250954441334,-0.7142857142857143,-0.5589495891627804,-0.386208424978505,-0.02446314641971772,-0.360333738918825,-0.7075651621106167,-0.7228707306528318,-0.7090444435570818,-0.10903713290137113,-0.31899667749392363,Software—Application,Technology,AWRE
2016Q3,2016,Q3,2016-10-27,2016-09-30,1573000.0,5899000.0,2313000.0,0.07,5753000.0,0.9752500423800644,63729000.0,58645000.0,56914000.0,4842000.0,5084000.0,0.0,-43309000.0,121089100.0,68823100.0,2.5668577931457084,11.754233787691037,0.0,0.0,0.025969118912987563,2.5668577931457084,0.026822406002216727,20.527055433124257,19.24493006993007,2.064781311279734,0.0,0.0,0.0,0.09256382494625681,11.672036348616274,0.024682640556104755,73.12143719806764,0.9752500423800644,0.16666666666666682,0.10453798238233,-0.17181940411781788,-0.008816127453211238,-0.018091824543437447,0.09540389972144847,0.11523625843780134,2.3477862902703834,0.3037445083817466,-0.30412401060461247,Software—Application,Technology,AWRE
2016Q2,2016,Q2,2016-07-27,2016-06-30,1436000.0,6904000.0,2074000.0,0.06,5859000.0,0.848638470451912,65161000.0,58497000.0,58283000.0,6453000.0,6664000.0,0.0,-44882000.0,99663760.0,47407760.0,2.5473349590663648,9.031923136525647,0.0,0.0,0.023724653613719546,2.5473349590663648,0.024548267432517906,14.435654692931633,17.35093314763231,1.7037413884472707,0.0,0.0,0.0,0.1059529473151118,8.959243762591043,0.022037721950246312,-1071.6533333333334,0.848638470451912,1.0,5.8480376710787185,0.05248450556055314,0.002068255120080451,0.40402588066139467,1.2614173228346457,1.356818181818182,3.5864752477606934,0.39579627098982373,-0.3239313389363947,Software—Application,Technology,AWRE
2016Q1,2016,Q1,2016-04-27,2016-03-31,635000.0,4834000.0,880000.0,0.03,4173000.0,0.8632602399669012,64042000.0,57190000.0,57166000.0,6541000.0,6852000.0,0.0,-46318000.0,85763890.0,33113890.0,2.487278737006915,8.739642256535697,0.0,0.0,0.010317781388960232,2.487278737006915,0.011103339744710613,17.741805957798924,33.76531102362205,1.4996308795243924,0.0,0.0,0.0,0.07548171512444958,8.636141262803852,0.009915368039723932,81.75775977121067,0.8632602399669012,-0.625,-0.053575996231719825,-0.3314249654629764,-0.018036302894856575,-0.30123911587407903,-0.6522453450164294,-0.6648895658796649,-0.6652188705508719,-0.15728893644454903,-0.3387837403752682,Software—Application,Technology,AWRE
2015Q4,2015,Q4,2016-02-12,2015-12-31,1826000.0,6947000.0,2626000.0,0.08,5972000.0,0.8596516481934648,63619000.0,56181000.0,56642000.0,7307000.0,7438000.0,0.0,-46952000.0,74758320.0,23526320.0,2.4498953427524857,7.751744902148625,0.0,0.0,0.03199043934005657,2.4498953427524857,0.032502091454406294,10.761237944436447,10.2352573932092,1.3306690874138942,0.0,0.0,0.0,0.1091969380216602,7.660462570138224,0.028702117292003962,16.220073768713387,0.8596516481934648,-0.20000000000000004,5.999881312614232,-0.10215095930952184,-0.006987672451285829,0.647448275862069,-0.16886663632225762,5.121212121212121,-0.7007391264610746,0.2000885241294127,-0.3292523032236466,Software—Application,Technology,AWRE
2015Q3,2015,Q3,2015-10-27,2015-09-30,2197000.0,4041000.0,429000.0,0.1,3625000.0,0.8970551843603068,57510000.0,53966000.0,50455000.0,3394000.0,3544000.0,616000.0,-48778000.0,76815500.0,30394500.0,2.3535106846925427,14.865939893930465,0.0,0.0,0.03763995881187006,2.3535106846925427,0.04071081792239558,19.009032417718387,8.740953573054165,1.4234054775228848,0.0,0.6753246753246753,0.0,0.0702660406885759,14.387153800824985,0.03820205181707529,36.26794145420208,0.8970551843603068,9.0,24.214038148139647,-0.42698094467033787,-0.04561610515306469,-0.08018269474752601,5.887147335423197,-0.10062893081761007,-0.7921361257524612,-0.2509804258344336,-0.5514378268945233,Software—Application,Technology,AWRE
2015Q2,2015,Q2,2015-07-28,2015-06-30,319000.0,4510000.0,477000.0,0.01,3941000.0,0.8738359201773835,57776000.0,53672000.0,50618000.0,3921000.0,4104000.0,2000.0,-50975000.0,92154010.0,47641010.0,2.3471377968251192,12.909461871971436,0.0,0.0,0.005558928743654266,2.3471377968251192,0.005943508719630348,20.433261640798225,72.22101097178684,1.7169848338053362,0.0,284.5,0.0,0.07806009415674328,12.581994389186432,0.005521323733037939,-555.1446385542168,0.8738359201773835,0.0,2.8782858929248922,-0.20938416621450992,-0.03808043770778957,0.10206935123042506,0.17279411764705882,0.2421875,-0.9944741062465385,-0.1955235216886209,-0.5082887001538288,Software—Application,Technology,AWRE
2015Q1,2015,Q1,2015-04-24,2015-03-31,272000.0,4123000.0,384000.0,0.01,3576000.0,0.8673296143584769,56240000.0,53185000.0,49040000.0,2976000.0,3055000.0,2000.0,-51294000.0,100381740.0,55696740.0,2.3259424473016708,16.478494623655912,0.0,0.0,0.004493963366505542,2.3259424473016708,0.005114223935320109,24.34677176813,92.26262867647058,1.8874069756510292,0.0,273.5,0.0,0.07331081081081081,16.107526881720432,0.0048364153627311526,-25095.435,0.8673296143584769,0.0,9.766950533940825,-0.3606587434459603,-0.0462989405308727,0.0030855539971949507,0.13807531380753138,0.5802469135802469,-0.7794990398286854,-0.3483130405558707,-0.14200830747263615,Software—Application,Technology,AWRE
2014Q4,2014,Q4,2015-02-13,2014-12-31,239000.0,4309000.0,243000.0,0.01,3565000.0,0.8273381294964028,55893000.0,52389000.0,48175000.0,3430000.0,3504000.0,2000.0,-51566000.0,103539240.0,59554240.0,2.29715864246251,14.045189504373178,0.0,0.0,0.0038761273085272394,2.29715864246251,0.0045620263795835,24.028600603388256,108.30464435146443,1.9763545782511596,0.0,372.0,0.0,0.07709373266777593,13.87871720116618,0.004276027409514608,153.39146666666667,0.8273381294964028,-0.9090909090909092,-0.9642238586069315,-0.3140579359443464,-0.054108353032341565,-0.3301390454716272,-0.9080415544440169,-0.9415162454873646,-0.7737695124090151,-0.3354338453470905,-0.1276900466075482,Software—Application,Technology,AWRE
2014Q3,2014,Q3,2014-10-24,2014-09-30,2599000.0,6027000.0,4155000.0,0.11,5322000.0,0.883026381284221,55798000.0,52009000.0,48108000.0,3713000.0,3789000.0,2000.0,-51805000.0,84146760.0,40639760.0,2.28069636905806,12.956638836520334,0.0,0.0,0.049460257139685326,2.28069636905806,0.04997212020996366,13.961632653061224,8.094147749134283,1.6179268972677805,0.0,352.5,0.0,0.10801462418007814,12.781308914624294,0.04657873042044518,29.380851955307264,0.883026381284221,1.7500000000000002,2.989919623583791,-0.15943757540139342,0.06909162277449683,0.12325875897002955,2.0046242774566476,2.0065123010130246,0.8284216752157488,-0.15225351936868914,-0.1193164400369861,Software—Application,Technology,AWRE
2014Q2,2014,Q2,2014-07-25,2014-06-30,865000.0,6767000.0,1382000.0,0.04,4738000.0,0.7001625535687898,91828000.0,48139000.0,83974000.0,43671000.0,43689000.0,63000.0,-54404000.0,148452800.0,71210800.0,2.127220503756076,1.9228778823475532,0.0,0.0,0.018060276207724223,2.127220503756076,0.017968798687135173,21.937756760750702,42.90543352601156,3.083836390452648,0.0,32.20634920634921,0.0,0.07369212005052925,1.9068489386549425,0.00941978481508908,107.18613718411552,0.7001625535687898,0.0,1.4980635911106852,0.07212167312739749,0.03054852385538627,0.11429915333960489,-0.017045454545454544,0.05415713196033562,3.9634024636680953,0.04682500768433492,-0.16319597826436646,Software—Application,Technology,AWRE
2014Q1,2014,Q1,2014-04-28,2014-03-31,880000.0,6617000.0,1311000.0,0.04,4252000.0,0.6425872752002418,89462000.0,86654000.0,80079000.0,2792000.0,2808000.0,1000.0,-15364000.0,131004540.0,56636540.0,3.8298417749491733,28.681590257879655,0.0,0.0,0.009530163312178819,3.8298417749491733,0.010155330394442264,19.798177421792353,37.21719886363637,1.511811803263554,0.0,2365.0,0.0,0.07396436475822137,28.28116045845272,0.009836578659095482,109.44406015037595,0.6425872752002418,-0.4285714285714286,1.4249062023096644,0.4888597225800597,0.6892284705793854,0.7419090536665301,-0.444794952681388,-0.702316076294278,0.33285390888238653,-0.06997954511601273,0.5120000556038845,Software—Application,Technology,AWRE
2013Q4,2013,Q4,2014-02-18,2013-12-31,1585000.0,4421000.0,4404000.0,0.07,2441000.0,0.5521375254467316,89329000.0,85150000.0,79921000.0,4161000.0,4179000.0,1601000.0,-16244000.0,137914920.0,65254920.0,3.77237285132022,19.207161739966356,0.0,0.0,0.03158072443542099,3.77237285132022,0.018614210217263654,31.195412802533365,21.753141955835964,1.6196702290076337,0.0,1.2367270455965023,0.0,0.049491206663009775,18.563326123527997,0.017743398000649287,-51.403250093179274,0.5521375254467316,2.4,-0.6715978713213917,-0.6226213481567894,0.6107809979565697,-0.38606639839034207,2.3746747614917605,3.037945395650162,5.17292586428742,-0.4195050706627031,0.5290501108763211,Software—Application,Technology,AWRE
2013Q3,2013,Q3,2013-10-29,2013-09-30,-1153000.0,4470000.0,-2161000.0,-0.05,3976000.0,0.8894854586129753,89647000.0,83257000.0,80181000.0,6350000.0,6390000.0,0.0,-17829000.0,123237660.0,47819660.0,3.688671303885517,12.626929133858267,0.0,0.0,-0.014570111558117126,3.688671303885517,-0.013848685395822574,27.569946308724834,-26.721088464874242,1.4802077903359476,0.0,0.0,0.0,0.04986223744241302,12.310551181102362,-0.012861556995772306,102.27191701244813,0.8894854586129753,-6.0,-0.8114135298080338,-0.27136757603497613,0.7619704651621054,0.08102229472539424,-4.755700325732899,-8.636042402826854,-14.442960109502412,-0.35606654212436567,0.4958115587532509,Software—Application,Technology,AWRE
2013Q2,2013,Q2,2013-07-26,2013-06-30,307000.0,4850000.0,283000.0,0.01,3678000.0,0.7583505154639175,89376000.0,84841000.0,80642000.0,4335000.0,4535000.0,0.0,-16676000.0,116412890.0,40657890.0,3.7678642803215348,18.602537485582467,0.0,0.0,0.0028366896904527387,3.7678642803215348,0.003618533492061621,24.002657731958763,94.79877035830619,1.3721301021911576,0.0,0.0,0.0,0.05426512710347297,18.337024221453287,0.0034349266022198352,32.59039473684211,0.7583505154639175,-0.8750000000000001,1.2588968667145823,-0.16633515729560064,0.7644722877574006,-0.3182576459684893,-0.8346795907377491,-0.8986389684813754,2.8357268202163173,-0.13656555805347084,0.5441711024405573,Software—Application,Technology,AWRE
2013Q1,2013,Q1,2013-04-29,2013-03-31,1857000.0,5616000.0,2792000.0,0.08,5395000.0,0.9606481481481481,88444000.0,84679000.0,79594000.0,3480000.0,3765000.0,0.0,-16983000.0,102875270.0,30368270.0,3.7616720714317444,22.87183908045977,0.0,0.0,0.02130418051065055,3.7616720714317444,0.021929876356593724,18.318246082621084,13.849659396876683,1.2148852726177684,0.0,0.0,0.0,0.06349780652164082,22.510344827586206,0.020996336665008365,178.91351304347825,0.9606481481481481,-0.6923076923076923,2.536609143278263,0.013876008700564435,0.7130791057037981,0.055359937402190924,-0.6887361716392894,-0.9686977969617131,73.6674171415187,-0.11541024388076945,0.5423901154827617,Software—Application,Technology,AWRE
2012Q4,2012,Q4,2013-02-19,2012-12-31,5966000.0,5660000.0,89195000.0,0.26,5112000.0,0.9031802120141342,85854000.0,81896000.0,76997000.0,3639000.0,3958000.0,0.0,-18840000.0,122872560.00000001,51798560.000000015,3.6524841673356523,21.158834844737566,0.0,0.0,2.2426712231426165,3.6524841673356523,0.07284849076877992,21.708932862190814,5.148866912504191,1.5003487349809517,6.791485082132082,0.0,0.32975629383810345,0.06592587415845505,20.789227809837868,0.06949006452815244,-6.345412104936997,0.9031802120141342,-0.43478260869565216,32.09344616894121,-0.10722098852641758,0.6383898473960361,0.057290589451913135,-0.4206079440613771,60.68395573997234,-0.09164916843828068,-0.0835639921626004,0.503968511665733,Software—Application,Technology,AWRE
2012Q3,2012,Q3,2012-10-31,2012-09-30,10297000.0,5256000.0,1446000.0,0.46,4835000.0,0.9199010654490106,125842000.0,117208000.0,118843000.0,8345000.0,8634000.0,9000.0,15712000.0,137831630.0,23240630.0,5.246788128385335,14.241222288795687,0.0,0.0,0.007465324873855571,5.246788128385335,0.08785236502627806,26.22367389649924,3.346402592988249,1.1759575284963484,0.0,46.77777777777778,0.0,0.04176665977972378,14.189454763331335,0.08182482795886906,76.19216694306246,0.9199010654490106,-0.8152610441767069,9.580306100139419,-0.2503175800439079,1.372122967363511,0.1670287231474777,-0.8125295852601683,2.9186991869918697,9.047987112806052,-0.25170741579366984,1.459466902578581,Software—Application,Technology,AWRE
2012Q2,2012,Q2,2012-08-02,2012-06-30,54926000.0,5334000.0,369000.0,2.49,4143000.0,0.7767154105736783,111943000.0,103855000.0,105878000.0,7730000.0,8088000.0,265000.0,5414000.0,140332650.0,39274650.0,4.7734062600542355,13.697024579560155,0.0,0.0,0.002722037582744332,4.7734062600542355,0.5288719849790573,26.30908323959505,0.6387350708225612,1.351236339126667,0.0,4.494339622641509,0.0,0.04764925006476511,13.631953428201811,0.49066042539506716,167.26179976162098,0.7767154105736783,48.800000000000004,62.848152698647,-0.09565591400247912,1.2154202684538464,-0.15758438389589263,48.128801431127016,-0.6458733205374281,33.89517513199358,-0.12100490315766825,1.3125138021070102,Software—Application,Technology,AWRE
2012Q1,2012,Q1,2012-05-03,2012-03-31,1118000.0,5734000.0,1042000.0,0.05,4918000.0,0.8576909661667248,59276000.0,56181000.0,52569000.0,2725000.0,3095000.0,421000.0,-24005000.0,80823600.0,32379600.0,2.7109148812970467,19.29137614678899,0.0,0.0,0.018514075678864487,2.7109148812970467,0.01989996618073726,14.095500523194977,18.073255813953487,1.43862871789395,0.0,1.9382422802850356,0.0,0.09673392266684662,19.042935779816514,0.01886092178959444,61.88637059724349,0.8576909661667248,0.08695652173913052,14.022723333687845,0.12853694533740648,0.2408504246351722,0.028010033444816052,0.16458333333333333,0.1277056277056277,1.5893677952443463,0.40858978454683503,0.19570333917125854,Software—Application,Technology,AWRE
2011Q4,2011,Q4,2012-02-21,2011-12-31,960000.0,5892000.0,924000.0,0.046,4784000.0,0.811948404616429,57851000.0,54575000.0,50883000.0,2814000.0,3276000.0,547000.0,-25123000.0,62172000.0,15595000.0,2.633420189152673,18.082089552238806,0.0,0.0,0.016930829134218964,2.633420189152673,0.017590471827759965,10.55193482688391,16.190625,1.1392029317453047,0.0,2.025594149908592,0.0,0.10184785051252356,17.812011371712863,0.01659435446232563,37.13978494623656,0.811948404616429,-0.2333333333333333,0.24107096602425926,0.04293309143416756,0.21274715621539395,-0.08545211240680559,-0.2523364485981308,-0.27358490566037735,-0.7833571361936934,-0.4522075907994219,0.12445491670787354,Software—Application,Technology,AWRE
2011Q3,2011,Q3,2011-10-27,2011-09-30,1284000.0,6422000.0,1272000.0,0.06,5231000.0,0.8145437558393024,56567000.0,53345000.0,50421000.0,2633000.0,3222000.0,976000.0,-26083000.0,53969380.0,8444380.0,2.5896888198456236,19.14963919483479,0.0,0.0,0.023844783953510168,2.5896888198456236,0.024069734745524415,8.40382746807848,10.508056853582554,1.011704564626488,0.0,1.2202868852459017,0.0,0.1135290893984125,18.64982909229016,0.022698746619053512,17.573878215564964,0.8145437558393024,6.999999999999999,0.747702038240414,0.09886789487533186,0.21989581753278398,0.1953839122486289,5.808988764044944,5.4946996466431095,3.2103344207501174,0.14703305788200502,0.23701865485331813,Software—Application,Technology,AWRE
2011Q2,2011,Q2,2011-07-27,2011-06-30,-267000.0,5913000.0,-283000.0,-0.01,4376000.0,0.7400642651784204,56187000.0,52621000.0,49958000.0,3104000.0,3566000.0,1413000.0,-27367000.0,62100000.0,18868000.0,2.54207729468599,16.09471649484536,0.0,0.0,-0.005378080994279851,2.54207729468599,-0.0050740198779954775,10.502283105022832,-58.146067415730336,1.1801372075787233,0.0,1.0877565463552725,0.0,0.10523786641037962,15.562177835051546,-0.004751988894228202,29.223529411764705,0.7400642651784204,-1.3333333333333335,0.7502371541501975,0.3972506126894799,0.22309117634541667,-0.08471031165028237,-1.452542372881356,-1.4947552447552448,0.7550711955080535,0.10559943880824293,0.19044227872983904,Software—Application,Technology,AWRE
2011Q1,2011,Q1,2011-04-27,2011-03-31,590000.0,6358000.0,572000.0,0.03,4781000.0,0.7519660270525322,54535000.0,51214000.0,48218000.0,2941000.0,3321000.0,1681000.0,-27100000.0,72788400.0,32773400.0,2.532964043721252,16.395103706222372,0.0,0.0,0.011131088522036309,2.532964043721252,0.01152028742140821,11.448317080843033,30.842542372881354,1.421259811770219,0.0,0.9381320642474718,0.0,0.11658567892179335,15.686841210472629,0.010818740258549555,-195.66774193548386,0.7519660270525322,1.7272727272727273,0.3028913853078901,0.19482267475673487,0.21009701486105076,-0.08234165067178503,1.565217391304348,1.75,1.5435489193641636,0.27794860033484253,0.153521013102647,Software—Application,Technology,AWRE
2010Q4,2010,Q4,2011-02-11,2010-12-31,230000.0,6822000.0,208000.0,0.011,5210000.0,0.7637056581647611,53400000.0,49883000.0,47015000.0,3197000.0,3517000.0,1863000.0,-27690000.0,57419938.1,17470938.1,2.4671348731391265,14.705974350954019,0.0,0.0,0.0041517063348148085,2.4671348731391265,0.0046107892468376,8.416877469950162,62.41297619565217,1.1510923180241766,0.0,0.8652710681696189,0.0,0.12775280898876404,14.049734125742884,0.004307116104868914,71.68531598002497,0.7637056581647611,1.9445263157894737,1.2222358386066536,1.1410040589172303,0.21048170617126538,0.10639201528987047,2.026315789473684,5.0,0.4148202186062614,0.19331179039751692,0.10667932922387749,Software—Application,Technology,AWRE
2010Q3,2010,Q3,2010-10-29,2010-09-30,76000.0,6151000.0,-52000.0,0.0037357451828548957,4709000.0,0.7655665745407251,52669000.0,49320000.0,46175000.0,2860000.0,3349000.0,1468000.0,-27920000.0,53000000.0,13959000.0,2.466,16.145104895104897,0.0,0.0,-0.00105433901054339,2.466,0.0015409570154095702,8.616485124370021,174.3421052631579,1.0746147607461476,0.0,0.9822888283378747,0.0,0.1167859651787579,15.456643356643356,0.0014429740454536823,-602.2727272727273,0.7655665745407251,1.3735745182854895,-0.8434210338680926,0.3975478277963435,0.17964646234712264,0.16070988415085039,1.5135135135135136,0.8947368421052632,-0.912776231884058,-0.020055612929184577,0.11490212571602577,Software—Application,Technology,AWRE
2010Q2,2010,Q2,2010-07-28,2010-06-30,-148000.0,4971000.0,-494000.0,-0.01,4057000.0,0.816133574733454,51917000.0,48623000.0,45329000.0,2758000.0,3294000.0,1334000.0,-27996000.0,46230640.0,7101640.0,2.4400562051487933,16.435460478607688,0.0,0.0,-0.010159800917261378,2.4400562051487933,-0.003043826995454826,9.300068396700865,-78.09229729729729,0.9507977706023897,0.0,0.6851574212893553,0.0,0.0957489839551592,15.831036983321248,-0.002850704008320974,276.83017964071854,0.816133574733454,-10.05590909090909,0.8876710769604721,1.1402653602907415,0.18324914757673574,-0.10004436557231589,-7.7272727272727275,-99.8,0.8180435034155661,-0.07980144794013791,0.13247221764689968,Software—Application,Technology,AWRE
2010Q1,2010,Q1,2010-04-29,2010-03-31,22000.0,5616000.0,5000.0,0.0011042513677658988,4508000.0,0.8027065527065527,51506000.0,48565000.0,44806000.0,2356000.0,2941000.0,1090000.0,-27849000.0,47791200.0,8771200.0,2.438859036810124,19.017826825127333,0.0,0.0,9.847850706583289e-05,2.438859036810124,0.00045300113250283127,8.50982905982906,543.0818181818182,0.9840667147122413,0.0,1.0165137614678899,0.0,0.10903584048460374,18.343378607809846,0.0004271347027530773,-123.17319587628866,0.8027065527065527,-0.9961922366628763,1.0807247194084075,0.5318516227407404,0.14918040051620782,-0.030329103032910303,-0.9962283559060517,1.0119331742243436,1.2666978909275757,0.1503290347494359,0.11632397325704497,Software—Application,Technology,AWRE
2009Q4,2009,Q4,2010-02-12,2009-12-31,5833000.0,5485000.0,-419000.0,0.29,4649000.0,0.8475843208751139,51454000.0,48360000.0,44710000.0,2501000.0,3094000.0,1113000.0,-27870000.0,55756400.0,16087400.0,2.428564254507106,17.87684926029588,0.0,0.0,-0.00866567090556537,2.428564254507106,0.120616211745244,10.165250683682771,2.389696554088805,1.152944582299421,0.0,0.7511230907457322,0.0,0.106600069965406,17.28668532586965,0.1133633925447973,148.28829787234042,0.8475843208751139,5.833333333333333,14.85037827284537,0.37472439525684814,0.14280395625474862,0.0006457167455876022,6.148278905560459,0.6397248495270851,6.8479142480435415,0.010432324323008484,0.11840655185662056,Software—Application,Technology,AWRE
2009Q3,2009,Q3,2009-10-22,2009-09-30,-1133000.0,6220000.0,-1163000.0,-0.06,4646000.0,0.7469453376205788,45335000.0,42201000.0,38302000.0,2804000.0,3134000.0,1130000.0,-33704000.0,48268080.0,15640080.0,2.1333030027297544,13.659771754636234,0.0,0.0,-0.027582933702021528,2.1333030027297544,-0.026847705030686477,7.760141479099678,-10.650503089143866,1.1437662614629984,0.0,1.392920353982301,0.0,0.1372008382044778,12.984308131241084,-0.0249917282452851,62.8490625,0.7469453376205788,0.25000000000000006,-8.956935474723263,0.5706885827277907,0.01379058097352593,0.21878279118572927,0.28562421185372006,0.2934386391251519,-2.6058619909393337,0.10825961677283871,0.004911242855537822,Software—Application,Technology,AWRE
2009Q2,2009,Q2,2009-07-31,2009-06-30,-1586000.0,5764000.0,-1646000.0,-0.08,3812000.0,0.6613462873004857,45695000.0,42658000.0,38462000.0,2707000.0,3037000.0,1128000.0,-32570000.0,56831500.0,24971500.0,2.0641633601083904,14.208348725526413,0.0,0.0,-0.03861030722969704,2.0641633601083904,-0.03717942707112382,9.85973282442748,-8.958307061790668,1.3322588963383188,0.0,1.7304964539007093,0.0,0.12614071561439982,13.481714074621353,-0.03470839260312945,-33.31271981242673,0.6613462873004857,0.11111111111111106,-1.1623307714493505,0.7046216559053323,-0.01647670455781465,0.20939086294416243,0.25574847489441577,0.2694185530403906,-0.4860508696761479,0.36428254369576607,-0.006851602206715168,Software—Application,Technology,AWRE
2009Q1,2009,Q1,2009-05-06,2009-03-31,-2131000.0,4573000.0,-2253000.0,-0.09,3152000.0,0.689263065821124,55801000.0,52783000.0,48389000.0,2688000.0,3018000.0,1558000.0,-30984000.0,48890100.0,6377100.0,2.2672136076629013,18.00186011904762,0.0,0.0,-0.042744372654159694,2.2672136076629013,-0.04037284731826535,10.691034331948392,-5.735581886438292,0.926247087130326,0.0,0.9120667522464698,0.0,0.0819519363452268,17.090401785714285,-0.03818927976201143,-16.28041958041958,0.689263065821124,-1.4285714285714286,-0.8155946377727673,0.24067020452940538,0.06335814273807758,-0.7082021847805962,-1.4280835676978707,-1.473617826361152,-5.086934637144294,-0.2536506222645778,0.08313753031195911,Software—Application,Technology,AWRE
2008Q4,2008,Q4,2009-02-13,2008-12-31,4978000.0,12083000.0,4757000.0,0.21,10802000.0,0.8939832822974427,57546000.0,54523000.0,49981000.0,2693000.0,3023000.0,1656000.0,-28853000.0,43535470.0,-1980530.0,2.3419526652635194,18.55959896026736,0.0,0.0,0.0872475835885773,2.3419526652635194,0.09130091887827156,3.6030348423404783,2.186393631980715,0.7984789905177633,0.0,0.7735507246376812,0.0,0.20997115351197304,17.722614184923877,0.08650470927605741,5.603020592020592,0.8939832822974427,8.0,4.273670331047626,2.9047375445699193,0.07336351908562318,1.4020458083166556,8.508295625942685,6.2621681415929205,5.177333933937978,2.2933553443515584,0.14906197017655404,Software—Application,Technology,AWRE
2008Q3,2008,Q3,2008-10-24,2008-09-30,-663000.0,6390000.0,-904000.0,-0.03,4497000.0,0.7037558685446009,52321000.0,49218000.0,44582000.0,2773000.0,3103000.0,1776000.0,-33831000.0,72881000.0,35072000.0,2.0934921310080816,16.077172737107826,0.0,0.0,-0.0184507515727801,2.0934921310080816,-0.01347068145800317,11.40547730829421,-27.481523378582203,1.4807793896541916,0.0,1.0658783783783783,0.0,0.12213069322069532,15.209159754778218,-0.01267177615106745,50.96573426573426,0.7037558685446009,0.4000000000000001,0.6330670139634957,1.021189854788957,-0.06860242774138625,0.018803806071590393,0.47255369928400953,0.42346938775510207,-2.1620122965082555,0.23509162603870035,0.0014519814660268983,Software—Application,Technology,AWRE
2008Q2,2008,Q2,2008-07-25,2008-06-30,-1257000.0,6167000.0,-1568000.0,-0.05,4414000.0,0.7157450948597374,54060000.0,50970000.0,46202000.0,2760000.0,3090000.0,2070000.0,-33168000.0,72084380.0,34219380.0,2.135405756420462,16.73985507246377,0.0,0.0,-0.030861400560960935,2.135405756420462,-0.024661565626839316,11.688727095832657,-14.33659108989658,1.414251128114577,0.0,0.8468599033816425,0.0,0.11407695153533111,15.782246376811594,-0.0232519422863485,-39.261644880174295,0.7157450948597374,0.0,0.35157217509273553,1.0824490433546632,-0.08187419141935712,0.09419930589985126,0.01950078003120125,0.05314009661835749,0.20352370684731258,1.2166927670660803,0.03551591790521407,Software—Application,Technology,AWRE
2008Q1,2008,Q1,2008-05-09,2008-03-31,-1282000.0,5876000.0,-1656000.0,-0.05,4034000.0,0.6865214431586113,55590000.0,52437000.0,47558000.0,2823000.0,3153000.0,1513000.0,-31911000.0,87878400.0,60847400.0,2.195854271356784,16.846617074034715,0.0,0.0,-0.03180402724993705,2.195854271356784,-0.02444838568186586,14.955479918311777,-17.136973478939158,1.6758853481320442,0.0,1.2174487772637144,0.0,0.10570246447202734,16.063407722281262,-0.023061701744918152,55.027175954915464,0.6865214431586113,-7.25,0.5887464660460588,1.8685941262553136,-0.08740272358772712,-0.14732614669203128,-7.677083333333333,-4.501661129568106,-2.9226021295436846,0.3365147628927465,0.03467754919263703,Software—Application,Technology,AWRE
2007Q4,2007,Q4,2008-02-15,2007-12-31,192000.0,6752000.0,-301000.0,0.008,4731000.0,0.700681279620853,56383000.0,53236000.0,47848000.0,2817000.0,3147000.0,1424000.0,-30629000.0,100296000.0,98490000.0,2.2293132328308207,16.98544550940717,0.0,0.0,-0.00556708300340429,2.2293132328308207,0.0036065820121722143,14.854265402843602,130.59375,1.8839882786084605,0.0,1.4192415730337078,0.0,0.1197524076406009,16.22861199858005,0.0034052817338559496,399.58565737051794,0.700681279620853,-0.8,1.0420401940594473,1.7867099282779506,-0.12117559208736026,-0.05417832866853259,-0.8144927536231884,-1.5689981096408319,-0.5649378970323314,0.411152054959738,0.049042856281022146,Software—Application,Technology,AWRE
2007Q3,2007,Q3,2007-11-08,2007-09-30,1035000.0,7456000.0,529000.0,0.04,5002000.0,0.6708690987124464,56165000.0,52547000.0,47465000.0,3288000.0,3618000.0,1423000.0,-30821000.0,103342949.99999999,98535949.99999999,2.2118533484867617,14.435827250608272,0.0,0.0,0.010009153874541517,2.2118533484867617,0.019696652520600606,13.860374195278968,24.962065217391302,1.9666764991341084,0.0,1.7245256500351371,0.0,0.1327517137007033,13.793187347931873,0.018427846523635716,-89.70742187499998,0.6708690987124464,2.0,1.1020907653737508,0.8011314726033164,-0.1892241745096757,0.5025533193151096,2.0692148760330578,1.3613387978142077,5.05250108568771,0.5677766841879452,0.051119362004054376,Software—Application,Technology,AWRE
2007Q2,2007,Q2,2007-08-02,2007-06-30,-968000.0,6429000.0,-1464000.0,-0.04,3329000.0,0.517809923782859,53937000.0,51097000.0,45658000.0,2510000.0,2840000.0,1156000.0,-31855000.0,128061000.00000001,120263000.00000001,2.154627872654438,18.19043824701195,0.0,0.0,-0.028860087515497904,2.154627872654438,-0.01894436072567861,19.9192720485301,-33.073605371900825,2.506233242656125,0.0,2.6816608996539792,0.0,0.11919461594081984,17.551394422310757,-0.01794686393384875,-302.0306603773585,0.517809923782859,-8.655918367346938,0.5655081716668696,0.532033847855548,-0.3174347465217186,-0.1576417004048583,-8.877551020408163,-1.4688026981450253,-0.15007880294670833,0.6568406878664002,0.02662742044476639,Software—Application,Technology,AWRE
2007Q1,2007,Q1,2007-05-10,2007-03-31,-98000.0,5800000.0,-593000.0,-0.004142537092615294,3952000.0,0.6813793103448276,55340000.0,51684000.0,46939000.0,3326000.0,3656000.0,1137000.0,-30887000.0,146436830.0,137342830.0,2.1847233377013144,14.112748045700542,0.0,0.0,-0.012777384947689102,2.1847233377013144,-0.0018961380698088383,25.247729310344827,-373.5633418367347,2.833310695766582,0.0,1.6253298153034301,0.0,0.10480664980122877,13.47684906794949,-0.0017708709794000722,-295.23554435483874,0.6813793103448276,-1.1119604619625754,0.9635533925982015,0.5538438566314874,-0.3276222522010484,-0.16324370103747618,-1.1109852774631936,-2.2835497835497836,0.9178318558028853,0.5485495475465025,0.02466893411483891,Software—Application,Technology,AWRE
