Quarters,Year,Quarter,FillingDate,Date,NetIncome,Revenue,OperatingIncome,EPSDiluted,GrossProfit,GrossProfitRatio,TotalAssets,CommonStockEquity,CurrentAssets,CurrentLiability,TotalLiability,Inventory,RetainedEarnings,MarketCap,EnterpriseValue,bookValuePerShare,currentRatio,debtToAssets,debtToEquity,roic,shareholdersEquityPerShare,roe,priceToSalesRatio,peRatio,pbRatio,payoutRatio,inventoryTurnover,dividendYield,assetTurnover,quickRatio,returnOnAssets,priceToFreeCashFlowsRatio,grossProfitMargin,epsdilutedGrowth,fiveYNetIncomeGrowthPerShare,fiveYRevenueGrowthPerShare,fiveYShareholdersEquityGrowthPerShare,grossProfitGrowth,netIncomeGrowth,operatingIncomeGrowth,threeYNetIncomeGrowthPerShare,threeYRevenueGrowthPerShare,threeYShareholdersEquityGrowthPerShare,Industry,Sector,Symbol
2023Q4,2023,Q4,2023-05-31,2023-05-31,1538000000.0,21930000000.0,1503000000.0,6.05,5243000000.0,0.2390788874,87110000000.0,26088000000.0,18577000000.0,13553000000.0,61022000000.0,604000000.0,35259000000.0,55366920000.0,86875920000.0,102.70866141732283,1.370692835534568,0.44004132705774307,1.4693345599509353,0.013219485408054838,102.70866141732283,0.058954308494326896,2.5247113543091655,8.9998244473342,2.122313707451702,0.18790637191157347,27.62748344370861,0.005219723257136211,0.25175066008495006,1.2551464620379251,0.01765583744690621,33.35356626506024,0.23907888736890104,0.9836065573770493,0.42875449391807374,0.3260698731807766,0.4067153045949601,0.14601092896174864,0.9948119325551232,4.848249027237354,5.7316940921307,0.2982123561896621,0.46526158130206385,Integrated Freight & Logistics,Industrials,FDX
2023Q3,2023,Q3,2023-03-16,2023-02-28,771000000.0,22169000000.0,257000000.0,3.05,4575000000.0,0.2063692544,85775000000.0,24733000000.0,17944000000.0,13580000000.0,61042000000.0,631000000.0,34040000000.0,51414660000.0,84129660000.0,97.7588932806324,1.3213549337260677,0.4440454677936462,1.5399668459143654,0.0024042857725281894,97.7588932806324,0.031172926858852545,2.319214218052235,16.671420233463035,2.0787878542837506,0.3761348897535668,27.882725832012678,0.005640414621043881,0.258455260856893,1.1851251840942563,0.008988633051588459,51.51769539078156,0.20636925436420225,-0.006514657980456032,-0.6062143382591162,0.42099525529062115,0.3866509685196086,-0.014221073044602456,-0.021573604060913704,-0.7814625850340136,1.5250141163184643,0.3078284466993097,0.35495040870081557,Integrated Freight & Logistics,Industrials,FDX
2023Q2,2023,Q2,2022-12-20,2022-11-30,788000000.0,22814000000.0,1176000000.0,3.07,4641000000.0,0.2034277198,85591000000.0,24115000000.0,18217000000.0,14039000000.0,61476000000.0,655000000.0,33557000000.0,46466100000.0,79856100000.0,94.56862745098039,1.2975995441270747,0.4443925179049199,1.5772755546340451,0.01094659040124327,94.56862745098039,0.03267675720505909,2.036736214605067,14.741782994923858,1.9268546547791832,0.37944162436548223,27.745038167938933,0.006434798702710148,0.266546716360365,1.1603390554882826,0.009206575457699992,-136.665,0.20342771982116245,-0.07807807807807815,0.06860974067046183,0.46981344122274665,0.48603882479406296,-0.014021669853409816,-0.09942857142857142,-0.012594458438287154,0.4402521008403363,0.34788732394366206,0.3228153579884174,Integrated Freight & Logistics,Industrials,FDX
2023Q1,2023,Q1,2022-09-22,2022-08-31,875000000.0,23242000000.0,1191000000.0,3.33,4707000000.0,0.2025212977,85826000000.0,25140000000.0,19606000000.0,13765000000.0,60686000000.0,647000000.0,33060000000.0,54599790000.0,85394790000.0,97.06563706563706,1.4243370868143843,0.43861999860182227,1.4974144789180588,0.011235795512435403,97.06563706563706,0.034805091487669054,2.349186386713708,15.59994,2.171829355608592,0.3417142857142857,28.64760432766615,0.005476211538542547,0.2708037191527043,1.3007628042135853,0.01019504579031995,169.0395975232198,0.20252129765080457,0.563380281690141,0.5191365862506803,0.5721799742195899,0.5653863722223331,-0.18110647181628392,0.568100358422939,0.1608187134502924,0.17903138037366229,0.3685908875960494,0.38924725515059105,Integrated Freight & Logistics,Industrials,FDX
2022Q4,2022,Q4,2022-07-18,2022-05-31,558000000.0,24394000000.0,1026000000.0,2.13,5748000000.0,0.2356317127,85994000000.0,24939000000.0,20365000000.0,14274000000.0,61055000000.0,637000000.0,32782000000.0,58615380000.0,88912380000.0,95.55172413793103,1.4267199103264676,0.43251854780566085,1.4913990135931674,0.010586494314660461,95.55172413793103,0.022374594009382895,2.4028605394769205,26.26137096774194,2.3503500541320825,0.34946236559139787,29.271585557299844,0.0033267719154938514,0.28367095378747353,1.3142777077203307,0.006488824801730353,52.428783542039355,0.2356317127162417,-0.4928571428571429,-0.4377295162947938,0.5941191454428347,0.5947527114737287,0.17521979145369046,-0.4982014388489209,-0.33376623376623377,1.2831845575383969,0.3689051108318289,0.40342925298036914,Integrated Freight & Logistics,Industrials,FDX
2022Q3,2022,Q3,2022-03-17,2022-02-28,1112000000.0,23641000000.0,1540000000.0,4.2,4891000000.0,0.2068863415,84108000000.0,24526000000.0,19466000000.0,13990000000.0,59582000000.0,611000000.0,32225000000.0,58012470000.0,89301470000.0,93.96934865900383,1.3914224446032881,0.4441194654491844,1.5230367772975617,0.015820133375674818,93.96934865900383,0.04533963956617467,2.4538923903388183,13.042371852517984,2.3653457555247495,0.17805755395683454,30.687397708674304,0.0034130592956997,0.28107908879060256,1.2675482487491065,0.013221096685214248,57.32457509881423,0.20688634152531618,0.08247422680412379,1.0165528149329843,0.6065808308532714,0.6461964398903464,-0.010319708619991905,0.06513409961685823,-0.035691922354414526,0.5047361299052776,0.38982951205173433,0.23283402030763029,Integrated Freight & Logistics,Industrials,FDX
2022Q2,2022,Q2,2021-12-16,2021-11-30,1044000000.0,23474000000.0,1597000000.0,3.88,4942000000.0,0.2105308,84247000000.0,24940000000.0,20747000000.0,13884000000.0,59307000000.0,594000000.0,31307000000.0,61048050000.0,91044050000.0,94.11320754716981,1.494309997118986,0.43715503222666685,1.4767040898155572,0.015470455437496693,94.11320754716981,0.04186046511627907,2.6006666950668826,14.61878591954023,2.447796712109062,0.1867816091954023,31.198653198653197,0.003194205220314162,0.27863306705283275,1.370642466148084,0.012392132657542701,54.60469588550984,0.21053080003408026,-0.05134474327628361,0.4970566037735848,0.5780979929057313,0.7228073227958962,0.0776275621456607,-0.06115107913669065,0.14234620886981403,0.10393703965291091,0.3020790284881949,0.2779962878282622,Integrated Freight & Logistics,Industrials,FDX
2022Q1,2022,Q1,2021-09-21,2021-08-31,1112000000.0,22003000000.0,1398000000.0,4.09,4586000000.0,0.2084261237,82048000000.0,24321000000.0,19546000000.0,12910000000.0,57727000000.0,577000000.0,30462000000.0,70673540000.0,100144540000.0,91.43233082706767,1.514020139426801,0.44271645865834636,1.4935241149623781,0.013985718800664265,91.43233082706767,0.045721804202129845,3.2119956369585965,15.888835431654675,2.9058648904239135,0.17805755395683454,30.185441941074522,0.0028016142958170766,0.26817228939157567,1.392563903950426,0.013553042121684867,69.8355138339921,0.20842612371040312,-0.4055232558139535,0.5493979704506021,0.4949384133456467,0.7133055910884553,-0.11620736172672962,-0.40471092077087795,-0.22203672787979967,0.32672999864931807,0.28549624412897123,0.2637337750572646,Integrated Freight & Logistics,Industrials,FDX
2021Q4,2021,Q4,2021-07-19,2021-05-31,1868000000.0,22565000000.0,1797000000.0,6.88,5189000000.0,0.2299578994,82777000000.0,24168000000.0,20580000000.0,13660000000.0,58609000000.0,587000000.0,29817000000.0,84240350000.0,113615350000.0,89.18081180811808,1.506588579795022,0.44048467569493943,1.5086891757696128,0.016740755870564877,89.18081180811808,0.07729228732207878,3.7332306669621094,11.274136777301928,3.4856152763985437,0.10706638115631692,29.601362862010223,0.0023741591766890807,0.2725998767773657,1.4023426061493411,0.022566654988704592,198.2125882352941,0.22995789940172834,1.084848484848485,27.146517415076435,0.7034489572838213,0.717910235050853,0.24287425149700598,1.094170403587444,0.7880597014925373,0.6264569461424869,0.2788733590162516,0.22143557432756023,Integrated Freight & Logistics,Industrials,FDX
2021Q3,2021,Q3,2021-03-18,2021-02-28,892000000.0,21510000000.0,1005000000.0,3.3,4175000000.0,0.1940957694,97390000000.0,21981000000.0,21710000000.0,13566000000.0,11529000000.0,0.0,27924000000.0,69453850000.0,64022850000.0,82.94716981132075,1.6003243402624208,0.03516788171270151,0.15581638687957783,0.021085773627569485,82.94716981132075,0.04058050134206815,3.228909809390981,19.465765134529146,3.159722032664574,0.2242152466367713,0.0,0.0028796099856235476,0.22086456515042613,3.1194161875276425,0.009159051237293356,135.12422178988328,0.19409576940957693,-0.27472527472527475,0.8058427300807562,0.744759655385276,0.5747630479988305,-0.03601939505887786,-0.2724306688417618,-0.31399317406143346,-0.5650443041429377,0.3163203094494896,0.17655560016057797,Integrated Freight & Logistics,Industrials,FDX
2021Q2,2021,Q2,2020-12-17,2020-11-30,1226000000.0,20563000000.0,1465000000.0,4.55,4331000000.0,0.2106210183,81156000000.0,21039000000.0,21265000000.0,12115000000.0,60117000000.0,587000000.0,27208000000.0,75657120000.0,92759120000.0,79.69318181818181,1.7552620718118035,0.31348267534131796,1.209230476733685,0.020733731370244424,79.69318181818181,0.058272731593706925,3.6792841511452608,15.42763458401305,3.5960416369599315,0.14110929853181076,27.652470187393526,0.002286632110764988,0.2533762137118636,1.6307057366900537,0.015106708068411455,71.30737040527804,0.2106210183339007,-0.03601694915254236,0.8750493356137348,0.7450696436784127,0.48328203650918783,0.016905376849025593,-0.015261044176706828,-0.07861635220125786,0.6059042033235581,0.2796273282695154,0.2522880520241997,Integrated Freight & Logistics,Industrials,FDX
2021Q1,2021,Q1,2020-09-15,2020-08-31,1245000000.0,19321000000.0,1590000000.0,4.72,4259000000.0,0.220433725,77648000000.0,19462000000.0,18903000000.0,11195000000.0,58186000000.0,593000000.0,26108000000.0,57598080000.0,75959080000.0,74.2824427480916,1.6885216614560072,0.32602256336286833,1.3007399034015004,0.020710686601293205,74.2824427480916,0.06397081492138526,2.9811127788416747,11.56587951807229,2.959514952214572,0.13815261044176708,25.39966273187184,0.0029862106514661597,0.24882804450855142,1.5598034836980794,0.01603389655882959,73.28,0.22043372496247607,4.6875,0.9364713409522126,0.6936139340486364,0.37065032094234324,0.22950346420323325,4.727544910179641,2.3473684210526318,1.1367641784927507,0.29198311099267577,0.1979597217769014,Integrated Freight & Logistics,Industrials,FDX
2020Q4,2020,Q4,2020-07-20,2020-05-31,-334000000.0,17358000000.0,475000000.0,-1.28,3464000000.0,0.1995621615,73537000000.0,18295000000.0,16383000000.0,10344000000.0,55242000000.0,572000000.0,25216000000.0,33854310000.000004,52465310000.0,70.09578544061303,1.583816705336427,0.31945823191046685,1.284066684886581,0.008819567710542509,70.09578544061303,-0.018256354195135282,1.9503577601106121,-25.340052395209582,1.8504678874009293,-0.5119760479041916,24.29020979020979,0.0050510555376848615,0.23604444021376994,1.4484725444702242,-0.004541931272692658,28.763220050977065,0.19956216153934786,-2.066666666666667,0.5193828489443222,0.5505392103446379,0.3204273502244854,0.11311053984575835,-2.06031746031746,0.15571776155717762,-1.3365561676658404,0.13432483916523433,0.16989457702441427,Integrated Freight & Logistics,Industrials,FDX
2020Q3,2020,Q3,2020-03-17,2020-02-29,315000000.0,17487000000.0,411000000.0,1.2,3112000000.0,0.1779607709,70014000000.0,18831000000.0,12541000000.0,10325000000.0,51183000000.0,568000000.0,25569000000.0,36845370000.0,56289370000.0,72.14942528735632,1.2146246973365618,0.30293941211757647,1.126334236100048,0.005689893862482695,72.14942528735632,0.01672773617970368,2.1070149253731345,29.24235714285714,1.956633742233551,0.5396825396825397,25.308098591549296,0.004613876858883491,0.24976433284771618,1.073995157384988,0.004499100179964007,30.02882640586797,0.1779607708583519,-0.43661971830985913,-0.4111177170035672,0.6183851143735062,0.275186569842733,-0.0488997555012225,-0.4375,-0.2581227436823105,-0.4287642655540558,0.18837100753484023,0.2639454113828229,Integrated Freight & Logistics,Industrials,FDX
2020Q2,2020,Q2,2019-12-17,2019-11-30,560000000.0,17324000000.0,554000000.0,2.13,3272000000.0,0.1888709305,69954000000.0,18659000000.0,13198000000.0,10547000000.0,51295000000.0,576000000.0,25431000000.0,41773050000.0,60435050000.0,71.4904214559387,1.2513510950981321,0.29580867427166424,1.1090090572913875,0.010077622117755897,71.4904214559387,0.030012326491237473,2.411282036481182,18.64868303571429,2.238761455597835,0.30357142857142855,24.395833333333332,0.004069609473093297,0.24764845469880206,1.1131127334787143,0.00800526059982274,63.67842987804878,0.188870930501039,-0.25,-0.014280738418669467,0.5733529220536449,0.29999288517834943,-0.06407322654462243,-0.2483221476510067,-0.4329580348004094,-0.1846743295019158,0.18249798370075787,0.30868158470027485,Integrated Freight & Logistics,Industrials,FDX
2020Q1,2020,Q1,2019-09-17,2019-08-31,745000000.0,17048000000.0,977000000.0,2.84,3496000000.0,0.2050680432,68452000000.0,18166000000.0,13017000000.0,9935000000.0,50286000000.0,574000000.0,25048000000.0,41238600000.0,59412600000.0,69.86923076923077,1.3102164066431807,0.3004002804885175,1.131949796322801,0.013816871539778822,69.86923076923077,0.041010679290983156,2.418969967151572,13.838456375838927,2.2700979852471654,0.22818791946308725,23.609756097560975,0.004122351389232418,0.24905042949804243,1.1777554101660794,0.010883538830129142,-175.48340425531916,0.2050680431722196,1.3756613756613756,0.3475818735719726,0.5993864061306717,0.3168924521678969,-0.16860879904875148,1.378364652107669,-0.25759878419452886,0.06199569661108121,0.18501303647590225,0.30924523786212377,Integrated Freight & Logistics,Industrials,FDX
2019Q4,2019,Q4,2019-07-16,2019-05-31,-1969000000.0,17807000000.0,1316000000.0,-7.56,4205000000.0,0.2361430898,54403000000.0,17757000000.0,13086000000.0,9013000000.0,36646000000.0,553000000.0,24648000000.0,40237521494.8,55499521494.8,68.08446092670094,1.451902807056474,0.3231623256070437,0.9900884158360084,0.028710367134471785,68.08446092670094,-0.11088584783465676,2.259646290492503,-5.108877792635855,2.2660089820803067,-0.08583037074657186,24.596745027124776,0.004200059887432189,0.32731650828079334,1.2687229557306114,-0.036192857011561864,-118.69475367197641,0.2361430897961476,-3.7,-3.9518239369028074,0.6460511720172109,0.27203514402331197,0.23749264273101825,-3.664411366711773,0.4445664105378705,-27.637189596487982,0.39679362737135127,0.3115264360404976,Integrated Freight & Logistics,Industrials,FDX
2019Q3,2019,Q3,2019-03-19,2019-02-28,739000000.0,17010000000.0,911000000.0,2.8,3398000000.0,0.1997648442,54464000000.0,19894000000.0,13500000000.0,9256000000.0,34570000000.0,546000000.0,26650000000.0,47241000000.0,62785000000.0,76.22222222222223,1.4585133967156438,0.3381316098707403,0.9257062430883684,0.018875609428538345,76.22222222222223,0.037146878455815824,2.7772486772486773,15.981393775372124,2.3746355685131193,0.23004059539918809,24.93040293040293,0.0035985690396054273,0.31231639247943593,1.2866248919619707,0.013568595769682727,-55.38218053927315,0.19976484420928867,-0.2022792022792023,1.269628413306574,0.7473888487134185,0.5167356231255884,-0.09410823780325246,-0.20962566844919786,-0.22003424657534246,0.519024839979747,0.4008927257566095,0.4470890238322361,Integrated Freight & Logistics,Industrials,FDX
2019Q2,2019,Q2,2018-12-18,2018-11-30,935000000.0,17824000000.0,1168000000.0,3.51,3751000000.0,0.2104465889,53289000000.0,19294000000.0,13438000000.0,9496000000.0,33995000000.0,522000000.0,26080000000.0,59998000000.0,75166000000.0,73.6412213740458,1.415122156697557,0.3244759706506033,0.8961853425935524,0.02536149972091621,73.6412213740458,0.04846066134549601,3.3661355475763015,16.042245989304813,3.1096714004353685,0.18074866310160428,26.95977011494253,0.0028167605586852896,0.33447803486648275,1.23167649536647,0.01754583497532324,107.71633752244165,0.21044658886894074,0.13225806451612893,1.2482824427480916,0.8792965290371555,0.32304709592336894,0.08004606968039159,0.11976047904191617,0.09056956115779645,0.4409087394085349,0.5241724149979495,0.3706404778758357,Integrated Freight & Logistics,Industrials,FDX
2019Q1,2019,Q1,2018-09-17,2018-08-31,835000000.0,17052000000.0,1071000000.0,3.1,3473000000.0,0.2036711236,51901000000.0,19173000000.0,12641000000.0,9606000000.0,32728000000.0,523000000.0,25315000000.0,64646750000.0,79221750000.0,72.35094339622641,1.3159483656048303,0.32646769811757,0.8837427632608356,0.02248935283670487,72.35094339622641,0.0435508266833568,3.7911535303776684,19.355314371257485,3.3717597663380796,0.40838323353293415,25.963671128107073,0.005274820466612784,0.3285485828789426,1.1539662710805747,0.016088321997649372,3078.4166666666665,0.20367112362186254,-0.2530120481927711,1.036192460547131,0.8444943450995426,0.2949814847469581,-0.18224629149988228,-0.259094942324756,-0.28120805369127516,0.28405496782637135,0.4777996487329956,0.33501053705004574,Integrated Freight & Logistics,Industrials,FDX
2018Q4,2018,Q4,2018-07-16,2018-05-31,1127000000.0,17314000000.0,1490000000.0,4.15,4247000000.0,0.2452928266,52330000000.0,19416000000.0,13341000000.0,9627000000.0,32914000000.0,525000000.0,24823000000.0,66247196140.8,79567196140.8,73.01311152429386,1.3857899657214086,0.316931014714313,0.8541924186238155,0.0343475567832165,73.01311152429386,0.05804491141326741,3.8262213319163685,14.695473855545695,3.4119899124845485,0.11801242236024845,24.88952380952381,0.002007632137627763,0.33086183833365185,1.2201101069907552,0.021536403592585514,2880.3128756869564,0.24529282661430057,-0.453227931488801,3.4280445425299444,0.8025691645062328,0.3285904615417811,0.2458198885303608,-0.4566055930568949,0.4885114885114885,2.591689365742943,0.5179661361264918,0.3753823967540527,Integrated Freight & Logistics,Industrials,FDX
2018Q3,2018,Q3,2018-03-21,2018-02-28,2074000000.0,16526000000.0,1001000000.0,7.59,3409000000.0,0.2062810117,51851000000.0,18894000000.0,13575000000.0,9503000000.0,32957000000.0,523000000.0,23710000000.0,66037880000.0,80828880000.0,70.5,1.4284962643375776,0.33904842722416156,0.9304541124166402,0.06512504001157403,70.5,0.10977029744892558,3.995999031828634,7.960207328833173,3.495177304964539,0.08341369334619093,25.080305927342256,0.0026197085672647275,0.318720950415614,1.205934967904872,0.039999228558754894,-138.15456066945606,0.2062810117390778,1.6725352112676057,5.752697730185637,0.7734151755601614,0.3783205064548162,-0.06781514902925896,1.6761290322580644,-0.20681458003169573,2.776003602676274,0.48949835153355775,0.24603422433175126,Integrated Freight & Logistics,Industrials,FDX
2018Q2,2018,Q2,2017-12-20,2017-11-30,775000000.0,16313000000.0,1262000000.0,2.84,3657000000.0,0.2241770367,50281000000.0,17055000000.0,12881000000.0,8227000000.0,33226000000.0,533000000.0,21785000000.0,62031280000.0,74704280000.0,63.63805970149254,1.56569831044123,0.3070941309838707,0.9053649956024626,0.02642453948002623,63.63805970149254,0.045441219583699795,3.802567277631337,20.01009032258065,3.6371316329522134,0.17161290322580644,23.744840525328332,0.0021440795675987984,0.32443666593743165,1.3884769660872736,0.015413376822258905,33.657775366250675,0.22417703671918102,0.2968036529680365,1.0731104750221496,0.7208060265880466,0.2856173677069199,0.07971656333038087,0.30033557046979864,0.12981199641897942,0.3285338728435743,0.4428378461157651,0.15720432407134793,Integrated Freight & Logistics,Industrials,FDX
2018Q1,2018,Q1,2017-09-20,2017-08-31,596000000.0,15297000000.0,1117000000.0,2.19,3387000000.0,0.2214159639,49350000000.0,16618000000.0,12722000000.0,7790000000.0,32732000000.0,516000000.0,21156000000.0,57453840000.0,69106840000.0,62.007462686567166,1.6331193838254172,0.307112462006079,0.9120231074738235,0.02133614989878235,62.007462686567166,0.03586472499699121,3.7558893900764856,24.099765100671142,3.457325791310627,0.22483221476510068,23.08139534883721,0.0023323071182013246,0.3099696048632219,1.4774069319640566,0.012077001013171227,-33.61839672322996,0.22141596391449303,-0.41600000000000004,0.5261925665788704,0.6660195363066064,0.3000765938677221,-0.13596938775510203,-0.41568627450980394,-0.2934851359898798,0.04588443919018769,0.3922742288216568,0.16871416345953588,Integrated Freight & Logistics,Industrials,FDX
2017Q4,2017,Q4,2017-07-17,2017-05-31,1020000000.0,15728000000.0,1581000000.0,3.75,3920000000.0,0.2492370295,48552000000.0,16073000000.0,12628000000.0,7918000000.0,32479000000.0,514000000.0,20833000000.0,51999021006.56,62961021006.56,59.91632649404974,1.5948471836322304,0.30752595155709345,0.9289491694145461,0.035625540142412024,59.91632649404974,0.06346046164375038,3.306143248128179,12.744858089843138,3.235178311862129,0.13137254901960785,22.972762645914397,0.0025769715930439355,0.3239413412423793,1.460974993685274,0.02100840336134454,-77.72648879904334,0.24923702950152593,0.8115942028985509,0.0,0.0,0.0,0.23076923076923078,0.8149466192170819,0.5424390243902439,0.4866705255354139,0.41350028227603713,0.11942830954128264,Integrated Freight & Logistics,Industrials,FDX
2017Q3,2017,Q3,2017-03-22,2017-02-28,562000000.0,14997000000.0,1025000000.0,2.07,3185000000.0,0.2123758085,46781000000.0,15184000000.0,11938000000.0,7450000000.0,31597000000.0,527000000.0,19830000000.0,51332680000.0,62917680000.0,57.08270676691729,1.6024161073825502,0.3154699557512665,0.9719441517386723,0.021400291211878746,57.08270676691729,0.03701264488935722,3.4228632393145295,22.834822064056937,3.3807086406743942,0.23843416370106763,22.413662239089184,0.002610422833952952,0.3205788674889378,1.4216107382550336,0.012013424253436223,-113.06757709251102,0.21237580849503235,-0.2007722007722008,0.2733465140779012,0.6758070393704823,0.08177741111787255,-0.05433491686460808,-0.19714285714285715,-0.12167952013710369,0.6935791860603892,0.5116404629838467,0.13588101072935826,Integrated Freight & Logistics,Industrials,FDX
2017Q2,2017,Q2,2016-12-21,2016-11-30,700000000.0,14931000000.0,1167000000.0,2.59,3368000000.0,0.2255709597,46348000000.0,14531000000.0,12052000000.0,7807000000.0,31817000000.0,517000000.0,19410000000.0,50984220000.0,61521220000.0,54.62781954887218,1.543742794927629,0.29334599119703114,0.9356548069644209,0.02694180708188601,54.62781954887218,0.04817287179134265,3.4146554149085793,18.20865,3.508651847773725,0.15285714285714286,22.365570599613154,0.0020986885746217166,0.32214982307758694,1.3621109260919688,0.01510313282126521,53.16394160583942,0.22557095974817493,-0.022641509433962283,0.6679021497405487,0.6701093197715172,0.08109336922125632,0.009895052473763119,-0.02097902097902098,-0.07674050632911393,0.6578947368421054,0.5505961035184644,-0.01854998243912975,Integrated Freight & Logistics,Industrials,FDX
2017Q1,2017,Q1,2016-09-21,2016-08-31,715000000.0,14663000000.0,1264000000.0,2.65,3335000000.0,0.2274432244,45575000000.0,14142000000.0,11401000000.0,7474000000.0,31433000000.0,512000000.0,18862000000.0,43706450000.0,54499450000.0,53.366037735849055,1.5254214610650254,0.3024026330224904,0.9745439117522274,0.028340622319626127,53.366037735849055,0.05055861971432612,2.980730409875196,15.281975524475525,3.0905423561023904,0.14825174825174825,22.125,0.002425271327229734,0.32173340647284693,1.3676746052983677,0.01568842567196928,-39.76929026387625,0.22744322444247425,11.192307692307692,0.8375081327260898,0.6619081692858668,0.07316201632482514,0.8693946188340808,11.214285714285714,19.58823529411765,0.7435659991511363,0.5860790864528849,-0.044821981051922914,Integrated Freight & Logistics,Industrials,FDX
2016Q4,2016,Q4,2016-07-18,2016-05-31,-70000000.0,12979000000.0,-68000000.0,-0.26,1784000000.0,0.1374528084,46064000000.0,13784000000.0,11989000000.0,8008000000.0,32280000000.0,496000000.0,18371000000.0,43803547565.31,54136547565.31,51.91238167661198,1.497127872127872,0.3010376866967697,1.006021474172954,-0.0009510810654745384,51.91238167661198,-0.005078351712130006,3.374955510078588,-156.44124130467858,3.177854582509431,-1.5285714285714285,22.570564516129032,0.002442724526831204,0.2817601597777006,1.3469030969030968,-0.0015196248697464398,221.23003820863636,0.13745280838277216,-1.141304347826087,-1.1497679182091567,0.46845756826552665,0.0812237182316686,-0.37861372344130967,-1.1380670611439843,-1.0787037037037037,-1.2754486836504417,0.35328838144171765,-0.05537110127796256,Integrated Freight & Logistics,Industrials,FDX
2016Q3,2016,Q3,2016-03-17,2016-02-29,507000000.0,12654000000.0,864000000.0,1.84,2871000000.0,0.2268847795,37819000000.0,14327000000.0,10237000000.0,5939000000.0,23492000000.0,476000000.0,18481000000.0,37231360000.0,42878360000.0,52.67279411764706,1.723690857046641,0.22443745207435417,0.5924478257834858,0.02455242966751918,52.67279411764706,0.03538772946185524,2.9422601548917338,18.358658777120315,2.598685000348991,0.20907297830374755,20.55252100840336,0.002847062261491388,0.33459372273196014,1.4270079137902003,0.013405959967212248,-152.58754098360654,0.22688477951635846,-0.24590163934426224,1.5417780748663106,0.5165526781963949,0.11504906902277032,0.0017445917655268667,-0.2662807525325615,-0.24010554089709762,0.6264563304546197,0.33793924307603074,0.029787124320929885,Integrated Freight & Logistics,Industrials,FDX
2016Q2,2016,Q2,2015-12-17,2015-11-30,691000000.0,12453000000.0,1137000000.0,2.44,2866000000.0,0.2301453465,38371000000.0,14990000000.0,11152000000.0,5951000000.0,23381000000.0,493000000.0,18048000000.0,44232660000.0,49080660000.0,53.727598566308245,1.8739707612166023,0.22139115477834823,0.566711140760507,0.03170994493813233,53.727598566308245,0.04609739826551034,3.5519682004336306,16.003133140376264,2.9508112074716477,0.09696092619392185,19.446247464503042,0.0015147178578000962,0.32454197180162103,1.5983868257435725,0.018008391754189362,67.42783536585365,0.2301453465028507,0.008264462809917363,1.7480020770799296,0.4550668917229307,0.15860627359527432,0.02101888136800855,-0.001445086705202312,-0.006118881118881119,0.7755355886155711,0.26183526614524794,0.08540603164259081,Integrated Freight & Logistics,Industrials,FDX
2016Q1,2016,Q1,2015-09-17,2015-08-31,692000000.0,12279000000.0,1144000000.0,2.42,2807000000.0,0.2286016777,37245000000.0,15283000000.0,10703000000.0,5844000000.0,21962000000.0,488000000.0,17434000000.0,42472020000.00001,46187020000.00001,54.195035460992905,1.83145106091718,0.19487179487179487,0.4749067591441471,0.032398854665978895,54.195035460992905,0.04527906824576327,3.4589152211092116,15.343937861271677,2.7790368383170847,0.09971098265895954,19.40983606557377,0.0016245989712756774,0.3296818364881192,1.567419575633128,0.01857967512417774,124.18719298245617,0.2286016776610473,1.7634069400630914,1.027696901829041,0.44573984372715014,0.19797544067242323,2.3023529411764705,1.9202127659574468,1.866010598031794,0.6840495063273538,0.27093256628235257,0.13627770036027453,Integrated Freight & Logistics,Industrials,FDX
2015Q4,2015,Q4,2015-07-14,2015-05-31,-752000000.0,12114000000.0,-1321000000.0,-3.17,850000000.0,0.0701667492,37069000000.0,14993000000.0,10941000000.0,5957000000.0,22076000000.0,498000000.0,16900000000.0,49529785576.96,53034785576.96,53.085681259704344,1.836662749706228,0.19606679435647037,0.4847595544587474,-0.03749980653507528,53.085681259704344,-0.050156739811912224,4.088640050929503,-16.466019141276597,3.3035273512279066,-0.09308510638297872,22.61847389558233,0.0014132909962073857,0.32679597507351155,1.5917408091321135,-0.020286492756750926,-353.78418269257145,0.07016674921578339,-2.454128440366972,0.0,0.0,0.0,-0.6582227583433856,-2.296551724137931,-2.373180873180873,0.0,0.0,0.0,Integrated Freight & Logistics,Industrials,FDX
2015Q3,2015,Q3,2015-03-19,2015-02-28,580000000.0,11716000000.0,962000000.0,2.18,2487000000.0,0.2122738136,36108000000.0,16012000000.0,10482000000.0,5243000000.0,20096000000.0,488000000.0,21880000000.0,50085340000.0,53835340000.0,56.579505300353354,1.9992370780087736,0.2001772460396588,0.4514114414189358,0.026412107647942076,56.579505300353354,0.036222832875343496,4.274952202116763,21.588508620689655,3.1279877591806144,0.12241379310344827,18.91188524590164,0.0014175804736475785,0.3244710313503933,1.7283997711234027,0.016062922344078873,1565.166875,0.21227381358825537,-0.05627705627705623,1.675458698641276,0.48449367949665023,0.2275942735542591,-0.021251475796930343,-0.05844155844155844,-0.050345508390918066,0.23518919175545802,0.23053560127534947,0.0722412133689996,Integrated Freight & Logistics,Industrials,FDX
2015Q2,2015,Q2,2014-12-18,2014-11-30,616000000.0,11939000000.0,1013000000.0,2.31,2541000000.0,0.2128318955,32984000000.0,15563000000.0,9212000000.0,5173000000.0,17421000000.0,476000000.0,21480000000.0,50289100000.0,52758100000.0,54.99293286219081,1.780784844384303,0.14355445064273586,0.304247253100302,0.03166049345696597,54.99293286219081,0.03958105763670244,4.212170198509088,20.409537337662336,3.231324294801773,0.09090909090909091,19.743697478991596,0.0011135613880542702,0.36196337618239144,1.5190411753334623,0.01867572156196944,97.64873786407767,0.2128318954686322,0.022123893805309856,0.9684744200337991,0.53122744246235,0.21102449555360914,0.035452322738386305,0.0165016501650165,0.02634245187436677,0.37958493007515054,0.25521799686995295,0.0883190206439722,Integrated Freight & Logistics,Industrials,FDX
2015Q1,2015,Q1,2014-09-18,2014-08-31,606000000.0,11684000000.0,987000000.0,2.26,2454000000.0,0.2100308114,32587000000.0,15121000000.0,9250000000.0,5153000000.0,17466000000.0,481000000.0,20921000000.0,42145800000.0,44465800000.0,53.05614035087719,1.7950708325247429,0.14533402890723296,0.3132067984921632,0.03214671131245825,53.05614035087719,0.04007671450300906,3.6071379664498457,17.38688118811881,2.7872362938959063,0.09405940594059406,19.18918918918919,0.0013524479307546662,0.35854788719427994,1.5336697069668155,0.01859637278669408,173.43950617283951,0.21003081136597057,-0.08130081300813015,2.6652515266065713,0.5970664581293413,0.2007482801010941,-0.09346139637975619,-0.16986301369863013,-0.16568047337278108,0.4480943738656986,0.23133649159492223,0.06693014833124562,Integrated Freight & Logistics,Industrials,FDX
2014Q4,2014,Q4,2014-07-14,2014-05-31,730000000.0,11839000000.0,1183000000.0,2.46,2707000000.0,0.2286510685,33070000000.0,15277000000.0,9683000000.0,5312000000.0,17793000000.0,463000000.0,20429000000.0,41146600439.04,42975600439.04,53.52404078346218,1.8228539156626506,0.1432416087087995,0.31007396740197685,0.037950127962317316,53.52404078346218,0.04778425083458794,3.4755131716394967,14.091301520219178,2.6933691457118543,0.07808219178082192,19.723542116630668,0.0013852906289171401,0.35799818566676744,1.5753012048192772,0.022074387662534018,-41146.60043904,0.2286510685024073,1.0,0.0,0.0,0.0,0.25556586270871984,0.9312169312169312,0.8455538221528861,0.45297699351509335,0.24609259316336268,0.11479112538485617,Integrated Freight & Logistics,Industrials,FDX
2014Q3,2014,Q3,2014-03-20,2014-02-28,378000000.0,11301000000.0,641000000.0,1.23,2156000000.0,0.190779577,32729000000.0,15227000000.0,9781000000.0,5019000000.0,17502000000.0,462000000.0,19699000000.0,40398990000.0,42092990000.0,50.254125412541256,1.9487945805937437,0.14470347398331754,0.3110264661456623,0.02043325606918253,50.254125412541256,0.024824325211794836,3.574815503052827,26.718908730158734,2.6531155184868984,0.15079365079365079,19.794372294372295,0.0014109263622679674,0.3452901096886553,1.6415620641562063,0.011549390448837422,154.1946183206107,0.19077957702858153,-0.21656050955414016,2.9997958558742472,0.4255101680746914,0.0050178768761064306,-0.06464208242950109,-0.244,-0.2249093107617896,0.7011701170117013,0.21582990338773092,0.06384741296710315,Integrated Freight & Logistics,Industrials,FDX
2014Q2,2014,Q2,2013-12-19,2013-11-30,500000000.0,11403000000.0,827000000.0,1.57,2305000000.0,0.2021397878,33542000000.0,17533000000.0,10866000000.0,5406000000.0,16009000000.0,458000000.0,19366000000.0,43690500000.0,42745500000.0,55.66031746031746,2.009988901220866,0.08914197125991294,0.1705355615125763,0.02543955365180332,55.66031746031746,0.02851765242685222,3.8314917127071824,21.84525,2.4919009867107738,0.09,19.8646288209607,0.0010299721907508497,0.33996183888855763,1.7225305216426192,0.014906684157176078,61.7970297029703,0.20213978777514688,0.026143790849673224,0.001320068257187924,0.18035227511008606,0.11816799497181896,0.045351473922902494,0.022494887525562373,0.04025157232704402,0.7611756127657187,0.180107973421927,0.20028429932969455,Integrated Freight & Logistics,Industrials,FDX
2014Q1,2014,Q1,2013-09-19,2013-08-31,489000000.0,11024000000.0,795000000.0,1.53,2205000000.0,0.2000181422,33673000000.0,17655000000.0,11493000000.0,5523000000.0,16018000000.0,451000000.0,18913000000.0,33925760000.0,31822760000.0,55.870253164556964,2.0809342748506245,0.08888426929587503,0.16952704616256017,0.02457928394180004,55.870253164556964,0.027697536108751062,3.07744557329463,17.34445807770961,1.921595015576324,0.09611451942740286,19.554323725055433,0.0013853779546869399,0.3273839574733466,1.826181423139598,0.014522020609984261,323.1024761904762,0.20001814223512338,0.6105263157894738,0.25328817246835433,0.08822162690603456,0.14766504188753077,-0.13086322428064642,0.6138613861386139,0.5836653386454184,0.27869753497668226,0.15831953559281653,0.23500594816408915,Integrated Freight & Logistics,Industrials,FDX
2013Q4,2013,Q4,2013-07-15,2013-05-31,303000000.0,11435000000.0,502000000.0,0.95,2537000000.0,0.2218627022,33567000000.0,17398000000.0,11274000000.0,5750000000.0,16169000000.0,457000000.0,18519000000.0,30499747358.100002,28572747358.100002,54.95531816445889,1.960695652173913,0.08907558018291775,0.17185883434877572,0.015806281860715674,54.95531816445889,0.0174157949189562,2.6672275783209445,25.164808051237625,1.7530605447810095,0.1551155115511551,19.47045951859956,0.0015409963711557739,0.340661959662764,1.7323478260869565,0.009026722674054875,-69.63412638835617,0.22186270222999563,-0.15929203539823006,0.0,0.0,0.0,0.23515092502434273,-0.16066481994459833,-0.14770797962648557,0.0,0.0,0.0,Integrated Freight & Logistics,Industrials,FDX
2013Q3,2013,Q3,2013-03-21,2013-02-28,361000000.0,10953000000.0,589000000.0,1.13,2054000000.0,0.187528531,31830000000.0,16112000000.0,9745000000.0,5099000000.0,15718000000.0,460000000.0,18216000000.0,33210450000.000004,32080450000.000004,51.14920634920635,1.9111590507942733,0.07043669494187874,0.1391509433962264,0.020540578241780835,51.14920634920635,0.02240566037735849,3.0320870994248152,22.998926592797787,2.0612245531281035,0.1329639889196676,19.345652173913045,0.0014453282024182148,0.34410933081998113,1.6320847224946067,0.011341501727929627,93.0264705882353,0.18752853099607414,-0.18705035971223025,-0.09892160426511584,0.13853676259101716,0.11366296236645727,-0.04287045666356011,-0.17579908675799086,-0.1796657381615599,0.49607491532177705,0.2468320554287684,0.10977415722895559,Integrated Freight & Logistics,Industrials,FDX
2013Q2,2013,Q2,2012-12-20,2012-11-30,438000000.0,11107000000.0,718000000.0,1.39,2146000000.0,0.1932114883,31312000000.0,15543000000.0,9159000000.0,4828000000.0,15769000000.0,456000000.0,17899000000.0,28112420000.0,27837420000.0,49.5,1.8970588235294117,0.07160194174757281,0.14424499774818247,0.025552805588914474,49.5,0.02817988805249952,2.5310542900873325,16.04590182648402,1.8086868686868687,0.10273972602739725,19.651315789473685,0.001600715982473227,0.3547202350536536,1.5987986743993372,0.013988247317322433,36.65243807040417,0.19321148825065274,-0.04137931034482763,-0.10015557889977794,0.15650586632897667,0.11159156976744194,0.0037418147801683817,-0.0457516339869281,-0.03234501347708895,0.26147881473276086,0.28388259388902554,0.09006211180124227,Integrated Freight & Logistics,Industrials,FDX
2013Q1,2013,Q1,2012-09-19,2012-08-31,459000000.0,10792000000.0,742000000.0,1.45,2138000000.0,0.1981097109,30691000000.0,15024000000.0,8877000000.0,4809000000.0,15667000000.0,465000000.0,17505000000.0,27603450000.0,27219450000.0,47.695238095238096,1.8459139114160947,0.0768629239842299,0.1570154419595314,0.026769738651994494,47.695238095238096,0.03055111821086262,2.557769644180875,15.034558823529412,1.8372903354632586,0.09586056644880174,18.61075268817204,0.001594003648094713,0.35163402952005474,1.5643584944894988,0.014955524420839986,38.55230446927374,0.19810971089696072,0.0,-0.07969924812030076,0.16199793973465026,0.12555134148054506,-0.5854982551376503,-0.16545454545454547,-0.13317757009345793,1.5117600631412782,0.3346508986913531,0.0794221881411784,Integrated Freight & Logistics,Industrials,FDX
2012Q4,2012,Q4,2012-07-16,2012-05-31,550000000.0,11008000000.0,856000000.0,0.0,5158000000.0,0.468568314,29903000000.0,14727000000.0,9056000000.0,5374000000.0,15176000000.0,440000000.0,17134000000.0,0.0,-1176000000.0,0.0,1.6851507257164124,0.055746915025248304,0.11319345419976913,0.03302532147078002,0.0,0.037346370611801454,0.0,0.0,0.0,0.08,13.295454545454545,,0.36812359963883223,1.4043542984741346,0.01839280339765241,0.0,0.46856831395348836,-1.0,0.0,0.0,0.0,-0.22178636089318043,0.05566218809980806,0.05289052890528905,0.0,0.0,0.0,Integrated Freight & Logistics,Industrials,FDX
2012Q3,2012,Q3,2012-03-23,2012-02-29,521000000.0,10564000000.0,813000000.0,1.65,6628000000.0,0.6274138584,28752000000.0,16569000000.0,8198000000.0,5152000000.0,12183000000.0,447000000.0,16584000000.0,28256860000.0,27886860000.0,52.767515923566876,1.5912267080745341,0.05808291597106288,0.10079063311002474,0.02932257217716947,52.767515923566876,0.03144426338342688,2.674825823551685,13.558953934740883,1.7054052749109783,0.08445297504798464,8.805369127516778,0.0015571439997225454,0.367417918753478,1.2956133540372672,0.01812047857540345,-409.51971014492756,0.6274138583869746,0.05095541401273875,0.2111209258644221,0.2004199356874711,0.24342065245426087,-0.007338625131046877,0.0482897384305835,0.04230769230769231,4.3198174535425835,0.2858633481251405,0.055282454647887516,Integrated Freight & Logistics,Industrials,FDX
2012Q2,2012,Q2,2011-12-16,2011-11-30,497000000.0,10587000000.0,780000000.0,1.57,6677000000.0,0.6306791348,28452000000.0,15917000000.0,8168000000.0,5380000000.0,12535000000.0,440000000.0,16103000000.0,26170200000.0,25953200000.0,50.53015873015873,1.5182156133828997,0.059011668775481516,0.10548470189105988,0.02835410996356666,50.53015873015873,0.031224476974304204,2.4719183904788893,13.164084507042254,1.6441666143117422,0.08249496981891348,8.886363636363637,0.0015666674308946818,0.3721003795866723,1.2514869888475837,0.017468016308168143,34.57093791281374,0.6306791347879475,0.07534246575342472,-0.055222887410306676,0.1521523390160365,0.23121702677557093,0.013509411050394656,0.07112068965517242,0.05834464043419267,-0.0046878521523551825,0.09588612966679638,0.015107510178888017,Integrated Freight & Logistics,Industrials,FDX
2012Q1,2012,Q1,2011-09-23,2011-08-31,464000000.0,10521000000.0,737000000.0,1.46,6588000000.0,0.626176219,27838000000.0,15714000000.0,7963000000.0,4981000000.0,12124000000.0,418000000.0,15648000000.0,24875520000.0,24584520000.0,49.72784810126582,1.5986749648664926,0.05991809756448021,0.10614738449789997,0.027173598648757742,49.72784810126582,0.02952780959653812,2.364368406045053,13.402758620689655,1.5830164184803361,0.08836206896551724,9.409090909090908,0.0016482067510548524,0.3779366333788347,1.3216221642240513,0.016667864070694732,207.296,0.6261762189905903,-0.16571428571428573,-0.05267456074616914,0.194042492972054,0.26771310720005803,-0.008279391841035677,-0.16845878136200718,-0.17004504504504506,0.189214135021097,0.03856855376255338,0.021490142634984832,Integrated Freight & Logistics,Industrials,FDX
2011Q4,2011,Q4,2011-07-12,2011-05-31,558000000.0,10552000000.0,888000000.0,1.75,6643000000.0,0.6295489007,27385000000.0,15220000000.0,8285000000.0,4882000000.0,12165000000.0,437000000.0,15266000000.0,29683880000.0,29040880000.0,48.01261829652997,1.6970503891847604,0.06153003469052401,0.1107095926412615,0.03388565478968667,48.01261829652997,0.0366622864651774,2.813104624715694,13.299229390681004,1.9503206307490144,0.07347670250896057,8.94508009153318,0.0013812210533124375,0.38532043089282453,1.41519868906186,0.020376118312945043,147.6809950248756,0.6295489006823352,1.3972602739726028,0.0,0.0,0.0,-0.18330464716006883,1.4155844155844155,1.2595419847328244,0.0,0.0,0.0,Integrated Freight & Logistics,Industrials,FDX
2011Q3,2011,Q3,2011-03-18,2011-02-28,231000000.0,9663000000.0,393000000.0,0.73,8134000000.0,0.841767567,26202000000.0,14880000000.0,7238000000.0,4574000000.0,11322000000.0,413000000.0,14709000000.0,28356300000.0,28682300000.0,47.23809523809524,1.5824223874070835,0.06430806808640561,0.11323924731182795,0.015223362511319045,47.23809523809524,0.015524193548387097,2.934523439925489,30.688636363636366,1.905665322580645,0.1774891774891775,3.7021791767554477,0.0014458868046959585,0.3687886420883902,1.2761259291648448,0.008816120906801008,-113.4252,0.8417675670081756,-0.17977528089887643,-0.47990543785046735,0.1635184244943861,0.31260889177172163,0.09049470438396567,-0.18374558303886926,-0.16204690831556504,-0.423409669211196,0.004444511724367652,0.028507005959091627,Integrated Freight & Logistics,Industrials,FDX
2011Q2,2011,Q2,2010-12-17,2010-11-30,283000000.0,9632000000.0,469000000.0,0.89,7459000000.0,0.7743978405,26093000000.0,14561000000.0,7398000000.0,4863000000.0,11532000000.0,400000000.0,14515000000.0,28611680000.0,28652680000.0,46.37261146496815,1.5212831585441087,0.0735063043728203,0.1317217224091752,0.01843091887421242,46.37261146496815,0.019435478332532105,2.970481727574751,25.27533568904594,1.964952956527711,0.13427561837455831,5.4325,0.0013281289319606539,0.36914114896715594,1.2658852560148057,0.010845820718200283,33.54241500586166,0.7743978405315615,-0.2583333333333333,-0.41853297669952805,0.15219905197735667,0.3538903088535522,0.018015558891770166,-0.25526315789473686,-0.2531847133757962,-0.4185936731247423,0.0029228868714057474,0.04136169641534593,Integrated Freight & Logistics,Industrials,FDX
2011Q1,2011,Q1,2010-09-17,2010-08-31,380000000.0,9457000000.0,628000000.0,1.2,7327000000.0,0.7747700116,25212000000.0,14205000000.0,7036000000.0,4541000000.0,11007000000.0,377000000.0,14270000000.0,24507700000.0,24717700000.0,45.238853503184714,1.549438449680687,0.07611454862763763,0.13509327701513552,0.024544440618375088,45.238853503184714,0.026751143963393172,2.5914877868245743,16.12348684210526,1.7252868708201337,0.09736842105263158,5.649867374005305,0.001509729595188451,0.37509915913057273,1.2869412023783309,0.015072187847056957,-123.77626262626262,0.7747700116315956,0.0,0.08052775097232398,0.18282380644405496,0.37907458273968103,-0.08890823178313852,-0.09307875894988067,-0.09770114942528736,-0.2356687898089172,0.021498459746732448,0.0675835634969844,Integrated Freight & Logistics,Industrials,FDX
2010Q4,2010,Q4,2010-07-15,2010-05-31,419000000.0,9428000000.0,696000000.0,0.0,8042000000.0,0.8529910904,24902000000.0,13811000000.0,7284000000.0,4645000000.0,11091000000.0,389000000.0,13966000000.0,0.0,-22000000.0,0.0,1.5681377825618945,0.07750381495462212,0.139743682571863,0.027569041719985116,0.0,0.030338136268192022,0.0,0.0,0.0,0.09069212410501193,3.562982005141388,,0.3786041281824753,1.3164693218514532,0.016825957754397238,0.0,0.8529910903691132,-1.0,0.0,0.0,0.0,0.17230320699708454,0.7531380753138075,0.6730769230769231,0.0,0.0,0.0,Integrated Freight & Logistics,Industrials,FDX
2010Q3,2010,Q3,2010-03-19,2010-02-28,239000000.0,8701000000.0,416000000.0,0.76,6860000000.0,0.7884151247,24876000000.0,14380000000.0,6683000000.0,4372000000.0,10496000000.0,380000000.0,13546000000.0,26772720000.0,27174720000.0,46.08974358974359,1.528591033851784,0.07842900787908023,0.13567454798331016,0.015979142770034153,46.08974358974359,0.01662030598052851,3.0769704631651535,28.004937238493724,1.8618025034770513,0.1589958158995816,4.844736842105263,0.001419355224273066,0.349774883421772,1.2548032936870996,0.009607653963659752,-123.94777777777777,0.7884151246983105,-0.30909090909090914,-0.270451770221629,0.14722248461940257,0.5254015642515417,-0.0029069767441860465,-0.3072463768115942,-0.2714535901926445,-0.4408571964514652,-0.004940547914652247,0.08606475106427003,Integrated Freight & Logistics,Industrials,FDX
2010Q2,2010,Q2,2009-12-18,2009-11-30,345000000.0,8596000000.0,571000000.0,1.1,6880000000.0,0.8003722662,24594000000.0,14168000000.0,6434000000.0,4119000000.0,10426000000.0,391000000.0,13342000000.0,26348400000.0,26841400000.0,45.41025641025641,1.5620296188395242,0.0796129137187932,0.13819875776397517,0.02233269946157556,45.41025641025641,0.024350649350649352,3.0651931130758494,19.09304347826087,1.8597120271033316,0.10144927536231885,4.388746803069053,0.0013283539038423586,0.3495161421484915,1.2711823258072348,0.014027811661380825,66.70481012658227,0.8003722661703118,0.8965517241379313,-0.06290743155149923,0.12699544796626885,0.548780914401651,-0.008931143762604437,0.9060773480662984,0.8126984126984127,-0.33786273596266747,-0.05552740829728196,0.10646557001972384,Integrated Freight & Logistics,Industrials,FDX
2010Q1,2010,Q1,2009-09-18,2009-08-31,181000000.0,8009000000.0,315000000.0,0.58,6942000000.0,0.8667748783,23857000000.0,13786000000.0,6388000000.0,3886000000.0,10071000000.0,372000000.0,13031000000.0,21437519999.999996,21724519999.999996,44.18589743589744,1.6438497169325785,0.08701848514062958,0.15058755258958365,0.012225984833474432,44.18589743589744,0.0131292615697084,2.6766787364215254,29.609834254143642,1.555021035833454,0.1878453038674033,2.868279569892473,0.001586004351249585,0.3357085970574674,1.337879567678847,0.007586871777675315,180.14722689075626,0.8667748782619553,0.0,-0.4726107226107226,0.10408050730631378,0.5801369925818609,0.003179190751445087,1.20662100456621,1.3710247349823321,-0.6257237385087718,-0.07939454452408816,0.1264320390219893,Integrated Freight & Logistics,Industrials,FDX
2009Q4,2009,Q4,2009-07-15,2009-05-31,-876000000.0,7852000000.0,-849000000.0,0.0,6920000000.0,0.8813041263,24244000000.0,13626000000.0,7116000000.0,4524000000.0,10618000000.0,367000000.0,12919000000.0,0.0,291000000.0,0.0,1.572944297082228,0.10654182478138921,0.18956406869220607,-0.05249816717638434,0.0,-0.06428885953324527,0.0,0.0,0.0,-0.03995433789954338,2.5395095367847413,,0.32387394819336746,1.2561892130857648,-0.03613265137766045,0.0,0.8813041263372389,-1.0,0.0,0.0,0.0,0.04832601121042266,-10.030927835051546,-5.664835164835165,0.0,0.0,0.0,Integrated Freight & Logistics,Industrials,FDX
2009Q3,2009,Q3,2009-03-20,2009-02-28,97000000.0,8137000000.0,182000000.0,0.31,6601000000.0,0.811232641,27006000000.0,15551000000.0,7373000000.0,4893000000.0,11455000000.0,370000000.0,13795000000.0,13438310000.0,13772310000.0,50.0032154340836,1.5068465154302064,0.11134562689772644,0.19336377081859688,0.005982942479840527,50.0032154340836,0.006237540994148286,1.651506697800172,34.63481958762887,0.8641444280110604,0.35051546391752575,4.151351351351352,0.0025300800472678486,0.3013034140561357,1.2656856734109954,0.0035917944160556914,746.5727777777778,0.8112326410224898,-0.8037974683544303,-0.5479752085372105,0.2948195548464367,0.9735514577325458,-0.16559221337378335,-0.8032454361054767,-0.7678571428571429,-0.7787963788577696,-0.007625111819803944,0.3894435172530821,Integrated Freight & Logistics,Industrials,FDX
2009Q2,2009,Q2,2008-12-19,2008-11-30,493000000.0,9538000000.0,784000000.0,1.58,7911000000.0,0.8294191654,26384000000.0,15481000000.0,6834000000.0,5523000000.0,10903000000.0,405000000.0,13733000000.0,19732950000.0,20197950000.0,49.77813504823151,1.2373709940249864,0.07606882959369314,0.12964278793359602,0.02855498107524746,49.77813504823151,0.03184548801756992,2.068877123086601,10.006566937119675,1.274656029972224,0.06896551724137931,4.017283950617284,0.0017230064435373323,0.36150697392359005,1.022089444142676,0.018685567010309278,328.8825,0.8294191654434891,0.28455284552845533,4.1135774280414115,0.520739829672156,0.9719691297269268,0.09207620099392601,0.2838541666666667,0.24444444444444444,0.022715486813989414,0.1519605772614359,0.4533176481880128,Integrated Freight & Logistics,Industrials,FDX
2009Q1,2009,Q1,2008-09-19,2008-08-31,384000000.0,9970000000.0,630000000.0,1.23,7244000000.0,0.7265797392,26143000000.0,15140000000.0,7174000000.0,5519000000.0,11003000000.0,412000000.0,13274000000.0,25757019999.999996,26192019999.999996,48.68167202572347,1.2998731654285196,0.07680832345178441,0.13262879788639365,0.022828103025403057,48.68167202572347,0.02536327608982827,2.5834523570712133,16.768893229166665,1.7012562747688242,0.09114583333333333,6.616504854368932,0.0013588528486602877,0.3813640362620969,1.0751947816633447,0.014688444325440845,155.16277108433732,0.726579739217653,0.0,1.871457418006431,0.67800424696818,0.9777928806067678,0.4985519238725693,2.5933609958506225,4.865030674846626,0.10243454138804325,0.259015524313513,0.4840264802736082,Integrated Freight & Logistics,Industrials,FDX
2008Q4,2008,Q4,2008-07-16,2008-05-31,-241000000.0,9866000000.0,-163000000.0,0.0,4834000000.0,0.4899655382,25633000000.0,14526000000.0,7244000000.0,5368000000.0,11107000000.0,435000000.0,13002000000.0,0.0,469000000.0,0.0,1.349478390461997,0.07833651933055047,0.1382348891642572,-0.014226898809131465,0.0,-0.016590940382761946,0.0,0.0,0.0,-0.14107883817427386,11.567816091954024,,0.38489447196972654,1.0987332339791356,-0.009401942808098935,0.0,0.48996553821204136,-1.0,0.0,0.0,0.0,-0.4109906177653223,-1.61323155216285,-1.2542901716068642,0.0,0.0,0.0,Integrated Freight & Logistics,Industrials,FDX
2008Q3,2008,Q3,2008-03-20,2008-02-29,393000000.0,9437000000.0,641000000.0,1.26,8207000000.0,0.8696619688,24596000000.0,14192000000.0,6431000000.0,4612000000.0,10404000000.0,384000000.0,13244000000.0,27232170000.0,28245170000.0,45.92880258899677,1.3944058976582827,0.08228980322003578,0.14261555806087936,0.024737009763102575,45.92880258899677,0.027691657271702367,2.885680830772491,17.323263358778625,1.918839487034949,0.08651399491094147,3.203125,0.0012485233457341079,0.3836802732151569,1.1389852558542932,0.015978207838672955,439.2285483870968,0.8696619688460315,-0.18181818181818182,1.5956013473350508,0.6523238813940662,0.9605351133607044,-0.002673471867784664,-0.17954070981210857,-0.18135376756066413,0.21128062913846452,0.25634394560690305,0.520075007079155,Integrated Freight & Logistics,Industrials,FDX
2008Q2,2008,Q2,2007-12-21,2007-11-30,479000000.0,9451000000.0,783000000.0,1.54,8229000000.0,0.8707015131,24347000000.0,13760000000.0,6351000000.0,4910000000.0,10587000000.0,392000000.0,12882000000.0,30427230000.0,31731230000.0,44.530744336569576,1.2934826883910386,0.08764940239043825,0.15508720930232558,0.030725775056625146,44.530744336569576,0.034811046511627905,3.21947201354354,15.880600208768268,2.2112812500000003,0.06471816283924843,3.11734693877551,0.0010188242570881411,0.3881792417957038,1.0496945010183298,0.01967388179241796,60.61201195219124,0.8707015130674003,-0.025316455696202552,0.8855029390396935,0.6083565615500631,0.9243274089758894,0.026956196181205542,-0.030364372469635626,-0.038083538083538086,0.3136964510997751,0.2511219191900473,0.518783913252714,Integrated Freight & Logistics,Industrials,FDX
2008Q1,2008,Q1,2007-09-21,2007-08-31,494000000.0,9199000000.0,814000000.0,1.58,8013000000.0,0.8710729427,23906000000.0,13221000000.0,6228000000.0,4695000000.0,10685000000.0,342000000.0,12433000000.0,34220160000.000004,35249160000.0,42.375,1.326517571884984,0.08955910650046013,0.16193933893048937,0.033260506667800394,42.375,0.03736479842674533,3.719986955103816,17.317894736842106,2.5883185840707967,0.06275303643724696,3.4678362573099415,0.0009058987450672352,0.3847987952815193,1.0800851970181045,0.020664268384505982,126.74133333333334,0.8710729427111643,0.0,1.9862869198312234,0.6136316545407455,0.8969130238846327,0.005521395407202911,-0.1901639344262295,-0.1956521739130435,0.4393939393939392,0.2681279294182519,0.5153772797711288,Integrated Freight & Logistics,Industrials,FDX
2007Q4,2007,Q4,2007-07-13,2007-05-31,610000000.0,9151000000.0,1012000000.0,0.0,7969000000.0,0.8708337887,24000000000.0,12656000000.0,6629000000.0,5428000000.0,11344000000.0,338000000.0,11970000000.0,0.0,1077000000.0,0.0,1.2212601326455417,0.11025,0.20907079646017698,0.04062682668366185,0.0,0.04819848293299621,0.0,0.0,0.0,0.05081967213114754,3.497041420118343,,0.38129166666666664,1.0152910832719233,0.025416666666666667,0.0,0.8708337886569774,-1.0,0.0,0.0,0.0,0.07747431043807464,0.4523809523809524,0.5787831513260531,0.0,0.0,0.0,Integrated Freight & Logistics,Industrials,FDX
2007Q3,2007,Q3,2007-03-23,2007-02-28,420000000.0,8592000000.0,641000000.0,1.35,7396000000.0,0.8608007449,24973000000.0,13010000000.0,6767000000.0,5770000000.0,11963000000.0,322000000.0,11391000000.0,35019416050.89,36513416050.89,42.43738096147468,1.172790294627383,0.1307011572498298,0.25088393543428134,0.02630040055308799,42.43738096147468,0.03228285933897002,4.075816579479748,20.84489050648214,2.6917306726279784,0.07380952380952381,3.7142857142857144,0.0008852232131726865,0.3440515757017579,0.987001733102253,0.01681816361670604,-47.71037609113079,0.8608007448789572,-0.17682926829268283,2.402166667395703,0.6640432645241726,0.9987892407964999,-0.04666151069863367,-0.1780821917808219,-0.2359952324195471,0.9855072468022776,0.38698213726285124,0.6749393880334699,Integrated Freight & Logistics,Industrials,FDX
2007Q2,2007,Q2,2006-12-22,2006-11-30,511000000.0,8926000000.0,839000000.0,1.64,7758000000.0,0.8691463141,24713000000.0,12558000000.0,6843000000.0,5974000000.0,12155000000.0,325000000.0,10999000000.0,,,,,,,,,,,,,,,,,,,,,,,,,,,,,,,Integrated Freight & Logistics,Industrials,FDX
2007Q1,2007,Q1,2006-09-25,2006-08-31,475000000.0,8545000000.0,784000000.0,1.53,7405000000.0,0.8665886483,23878000000.0,12021000000.0,7342000000.0,5623000000.0,11857000000.0,320000000.0,10516000000.0,,,,,,,,,,,,,,,,,,,,,,,,,,,,,,,Integrated Freight & Logistics,Industrials,FDX
