Year,Date,FillingDate,NetIncome,Revenue,OperatingIncome,EPSDiluted,GrossProfit,GrossProfitRatio,TotalAssets,CommonStockEquity,CurrentAssets,CurrentLiability,TotalLiability,Inventory,RetainedEarnings,EnterpriseValue,bookValuePerShare,currentRatio,debtToAssets,debtToEquity,roic,shareholdersEquityPerShare,roe,priceToSalesRatio,peRatio,pbRatio,payoutRatio,inventoryTurnover,dividendYield,assetTurnover,quickRatio,returnOnAssets,priceToFreeCashFlowsRatio,grossProfitMargin,epsdilutedGrowth,fiveYNetIncomeGrowthPerShare,fiveYRevenueGrowthPerShare,fiveYShareholdersEquityGrowthPerShare,grossProfitGrowth,netIncomeGrowth,operatingIncomeGrowth,threeYNetIncomeGrowthPerShare,threeYRevenueGrowthPerShare,threeYShareholdersEquityGrowthPerShare,Industry,Sector,Price,MarketCap,AvgVolume,Symbol
2023,2023-05-31,2023-05-31,3972000000.0,90155000000.0,4912000000.0,15.62,19166000000.0,0.2125894293,87110000000.0,26088000000.0,18577000000.0,13553000000.0,61022000000.0,604000000.0,35259000000.0,86875920000.0,102.70866141732283,1.370692835534568,0.44004132705774307,1.4693345599509353,0.04427215459866273,102.70866141732283,0.15225390984360626,0.614130331096445,13.93930513595166,2.122313707451702,0.29632426988922456,117.53145695364239,0.021258180877679306,1.0349558030076915,1.2551464620379251,0.045597520376535416,20.964377129875047,0.2125894293161777,0.09002093510118626,-0.08676917353834704,0.4479638240407116,0.4124027914310463,-0.04963554321416175,0.038159958180867745,-0.21345076060848678,2.1737671593539147,0.3383935538115382,0.46526158130206385,Integrated Freight & Logistics,Industrials,254.72,64024381440,1963365,FDX
2022,2022-05-31,2022-07-18,3826000000.0,93512000000.0,6245000000.0,14.33,20167000000.0,0.215662161,85994000000.0,24939000000.0,20365000000.0,14274000000.0,61055000000.0,637000000.0,32782000000.0,89361540000.0,94.82509505703422,1.4267199103264676,0.43251854780566085,1.4913990135931674,0.06172522900782606,94.82509505703422,0.15341433096756085,0.6316252459577381,15.437673810768429,2.368360399374474,0.20726607422895976,115.14128728414443,0.013425991296977849,1.0874247040491196,1.3142777077203307,0.044491476149498804,19.24553274682307,0.21566216100607408,-0.2632390745501285,0.2911720338843278,0.5679748803210208,0.5693072410359673,0.12325944079313803,-0.26859109156948957,0.06624551818337032,6.058245317560907,0.33666854726642265,0.3991200599731355,Integrated Freight & Logistics,Industrials,254.72,64024381440,1963365,FDX
2021,2021-05-31,2021-07-19,5231000000.0,83959000000.0,5857000000.0,19.45,17954000000.0,0.2138424707,82777000000.0,24168000000.0,20580000000.0,13660000000.0,58609000000.0,587000000.0,29817000000.0,111439400000.0,91.54545454545455,1.506588579795022,0.44048467569493943,1.5086891757696128,0.060234413290722856,91.54545454545455,0.2164432307183052,0.977434223847354,15.688090231313327,3.39558093346574,0.13114127317912444,112.44463373083475,0.00835928855874167,1.0142793287990626,1.3956076134699853,0.06319388235862619,19.30472829922371,0.21384247072976095,2.9693877551020402,2.0048201798201797,0.7427840401433174,0.8330343481243074,0.3454736211031175,3.067651632970451,0.7818679647094615,0.15713980354728377,0.2973732550871588,0.258891448477357,Integrated Freight & Logistics,Industrials,254.72,64024381440,1963365,FDX
2020,2020-05-31,2020-07-20,1286000000.0,69217000000.0,3287000000.0,4.9,13344000000.0,0.1927850095,73537000000.0,18295000000.0,16383000000.0,10344000000.0,55242000000.0,572000000.0,25216000000.0,65094310000.0,70.09578544061303,1.583816705336427,0.49119490868542365,1.9743645804864718,0.036955429643953285,70.09578544061303,0.07029242962558076,0.48910397734660566,26.325279937791603,1.8504678874009293,0.5279937791601866,97.68006993006993,0.020056530468351003,0.9412540625807416,1.4484725444702242,0.017487795259529218,-43.909610894941636,0.1927850094629932,1.4137931034482762,0.3279985404123334,0.5815940644798526,0.3230912612348087,-0.100020233358063,1.3814814814814815,-0.2639946260635916,-0.5626840122370136,0.16949876769479547,0.16004970616581007,Integrated Freight & Logistics,Industrials,254.72,64024381440,1963365,FDX
2019,2019-05-31,2019-07-16,540000000.0,69693000000.0,4466000000.0,2.03,14827000000.0,0.2127473347,54403000000.0,17757000000.0,13086000000.0,9013000000.0,36646000000.0,553000000.0,24648000000.0,55683360000.0,67.77480916030534,1.451902807056474,0.3231623256070437,0.9900884158360084,0.10419076149671722,67.77480916030534,0.030410542321338063,0.5799916777868652,74.85437037037036,2.2763619980852625,1.2648148148148148,99.21518987341773,0.01689700692900981,1.2810506773523518,1.2687229557306114,0.009925923202764553,328.6289430894309,0.2127473347395004,-0.8790946992257296,-0.698260328277037,0.7921559847197573,0.36197332016847145,0.008639455782312925,-0.8818897637795275,0.04541198501872659,-0.6874423286637027,0.45769985972628824,0.35706959723188275,Integrated Freight & Logistics,Industrials,254.72,64024381440,1963365,FDX
2018,2018-05-31,2018-07-16,4572000000.0,65450000000.0,4272000000.0,16.79,14700000000.0,0.2245989305,52330000000.0,19416000000.0,13341000000.0,9627000000.0,32914000000.0,525000000.0,24823000000.0,79835040000.0,72.71910112359551,1.3857899657214086,0.316931014714313,0.8541924186238155,0.12463334016814873,72.71910112359551,0.23547589616810877,1.0162725744843393,14.548346456692913,3.4257849196538936,0.11701662292213473,96.66666666666667,0.008043293667116489,1.2507166061532582,1.2201101069907552,0.087368622205236,-67.2548432760364,0.22459893048128343,0.5167118337850044,2.4554340706403988,0.7435430743746801,0.3166178212399462,0.06460023174971032,0.5255255255255256,-0.15187611673615248,3.6152166934189407,0.4619117311503414,0.37260759140782557,Integrated Freight & Logistics,Industrials,254.72,64024381440,1963365,FDX
2017,2017-05-31,2017-07-17,2997000000.0,60319000000.0,5037000000.0,11.07,13808000000.0,0.2289162619,48552000000.0,16073000000.0,12628000000.0,7918000000.0,32479000000.0,514000000.0,20833000000.0,62523440000.0,60.42481203007519,1.5948471836322304,0.30752595155709345,0.9289491694145461,0.10633355215365203,60.42481203007519,0.18646176818266658,0.8548125797841476,17.20435101768435,3.2079537111926832,0.14214214214214213,90.48832684824903,0.00826198802826298,1.242358708189158,1.460974993685274,0.06172763222936233,-277.21204301075267,0.22891626187436795,0.7004608294930876,0.7465939701616247,0.6736268682484092,0.29244352478262264,0.33694810224632066,0.6467032967032967,0.6369840753981151,0.6494723934299269,0.5277786440556589,0.2142709493508596,Integrated Freight & Logistics,Industrials,254.72,64024381440,1963365,FDX
2016,2016-05-31,2016-07-18,1820000000.0,50365000000.0,3077000000.0,6.51,10328000000.0,0.2050630398,46064000000.0,13784000000.0,11989000000.0,8008000000.0,32280000000.0,496000000.0,18371000000.0,55864720000.0,49.94202898550725,1.497127872127872,0.3010376866967697,1.006021474172954,0.0739158336164503,49.94202898550725,0.13203714451538015,0.9040349449022138,25.01742857142857,3.3032298316889146,0.15219780219780218,80.71975806451613,0.006083670900198806,1.0933700937825634,1.3469030969030968,0.039510246613407435,51.15923595505618,0.20506303980939145,0.7835616438356164,0.4305605461731945,0.46249220125841817,0.03362280751871117,0.2068240243047441,0.7333333333333333,0.6480985538296733,0.3306687463443166,0.29793829968751245,-0.09577312734597179,Integrated Freight & Logistics,Industrials,254.72,64024381440,1963365,FDX
2015,2015-05-31,2015-07-14,1050000000.0,47453000000.0,1867000000.0,3.65,8558000000.0,0.1803468695,37069000000.0,14993000000.0,10941000000.0,5957000000.0,22076000000.0,498000000.0,16900000000.0,53134710000.0,52.97879858657244,1.836662749706228,0.19606679435647037,0.4847595544587474,0.05412543433773216,52.97879858657244,0.0700326819182285,1.0458708616947294,47.26639047619047,3.310192089641833,0.21619047619047618,78.10240963855422,0.004573873190071028,1.280126251045348,1.5917408091321135,0.028325555045995307,48.70432777232581,0.18034686953406528,-0.5120320855614974,-0.022299684843854372,0.5061805410163176,0.1968275402947361,-0.08695188306838793,-0.49928469241773965,-0.4582124201973302,-0.42483862441223114,0.2375517864889837,0.1331786212243035,Integrated Freight & Logistics,Industrials,254.72,64024381440,1963365,FDX
2014,2014-05-31,2014-07-14,2097000000.0,45567000000.0,3446000000.0,7.48,9373000000.0,0.2056971054,33070000000.0,15277000000.0,9683000000.0,5312000000.0,17793000000.0,463000000.0,20429000000.0,46086120000.0,49.762214983713356,1.8228539156626506,0.1432416087087995,0.31007396740197685,0.10977815681045161,49.762214983713356,0.13726516986319304,0.9712537582022077,21.104969003338102,2.896977155200628,0.08917501192179304,78.17278617710583,0.004225308831663697,1.377895373450257,1.5753012048192772,0.06341094647716965,60.543255813953486,0.20569710536133606,-0.12514619883040937,20.67675995479625,0.300411495066932,0.13577343754108712,0.055161544523246654,0.3433696348494555,0.35084280674245394,0.48184913990362627,0.18955866275141875,0.02990129565503992,Integrated Freight & Logistics,Industrials,254.72,64024381440,1963365,FDX
2013,2013-05-31,2013-07-15,1561000000.0,44287000000.0,2551000000.0,8.55,8883000000.0,0.2005780477,33567000000.0,17398000000.0,11274000000.0,5750000000.0,16169000000.0,457000000.0,18519000000.0,28420100000.0,55.231746031746034,1.960695652173913,0.08907558018291775,0.17185883434877572,0.07955861980231173,55.231746031746034,0.08972295666168525,0.6852372027908867,19.440807174887894,1.744286699620646,0.1133888532991672,77.47045951859957,0.005832517769407949,1.3193612774451098,1.7323478260869565,0.04650400691155004,23.112795125666413,0.20057804773409804,0.33385335413416545,0.3611259259259259,0.14466413973172332,0.17490083462821998,-0.6700468018720749,-0.23179133858267717,-0.19930947897049592,0.30585585585585595,0.2628899363050339,0.24772317441928624,Integrated Freight & Logistics,Industrials,254.72,64024381440,1963365,FDX
2012,2012-05-31,2012-07-16,2032000000.0,42680000000.0,3186000000.0,6.41,26922000000.0,0.630787254,29903000000.0,14727000000.0,9056000000.0,5374000000.0,15176000000.0,440000000.0,17134000000.0,26903100000.0,46.75238095238095,1.6851507257164124,0.055746915025248304,0.11319345419976913,0.1226049460383679,46.75238095238095,0.13797786378760102,0.657898313027179,13.818454724409449,1.9066408637196985,0.08070866141732283,35.81363636363636,0.005840643040553295,1.427281543657827,1.4043542984741346,0.0679530481891449,33.91195652173913,0.6307872539831303,0.40262582056892776,-0.017661879566641482,0.1812365392191598,0.13408509421467713,0.0752456266474958,0.39944903581267216,0.33978132884777124,19.471396177518628,0.18708712696937063,0.06707694673348567,Integrated Freight & Logistics,Industrials,254.72,64024381440,1963365,FDX
2011,2011-05-31,2011-07-12,1452000000.0,39304000000.0,2378000000.0,4.57,25038000000.0,0.6370343985,27385000000.0,15220000000.0,8285000000.0,4882000000.0,12165000000.0,437000000.0,15266000000.0,28853600000.0,48.317460317460316,1.6970503891847604,0.06153003469052401,0.1107095926412615,0.09017685507834,48.317460317460316,0.09540078843626806,0.7504732342764096,20.31446280991736,1.9380157687253614,0.10399449035812672,32.64530892448513,0.00511923408121614,1.4352382691254337,1.41519868906186,0.05302172722293226,48.594069192751235,0.6370343985345003,0.21542553191489378,-0.2239858907556822,0.1747235015218317,0.2762105946637654,-0.09098170200406622,0.22635135135135134,0.19019019019019018,0.26608253968253953,0.01587100837752957,0.027818755204133055,Integrated Freight & Logistics,Industrials,254.72,64024381440,1963365,FDX
2010,2010-05-31,2010-07-15,1184000000.0,34734000000.0,1998000000.0,3.76,27544000000.0,0.792998215,24902000000.0,13811000000.0,7284000000.0,4645000000.0,11091000000.0,389000000.0,13966000000.0,25340480000.000004,44.26602564102564,1.5681377825618945,0.07750381495462212,0.139743682571863,0.07934780049302573,44.26602564102564,0.08572876692491492,0.7301917429607878,21.421013513513515,1.836397074795453,0.11655405405405406,18.483290488431876,0.005441108282786225,1.3948277246807486,1.3164693218514532,0.04754638181672155,78.76546583850933,0.7929982150054702,11.129032258064516,-0.21104536553945252,0.14214985656268098,0.39080362713374356,-0.07533234859675036,11.081632653061224,1.6746987951807228,-0.4221102971102972,-0.02943813867736166,0.0737729039028819,Integrated Freight & Logistics,Industrials,254.72,64024381440,1963365,FDX
2009,2009-05-31,2009-07-15,98000000.0,35497000000.0,747000000.0,0.31,29788000000.0,0.8391695073,24244000000.0,13626000000.0,7116000000.0,4524000000.0,10618000000.0,367000000.0,12919000000.0,18291680000.0,43.81350482315113,1.572944297082228,0.10654182478138921,0.18956406869220607,0.006671166601190707,43.81350482315113,0.007192132687509173,0.5071042623320281,183.6804081632653,1.3210538676060473,1.3979591836734695,15.555858310626704,0.00761082359110878,1.4641560798548094,1.2561892130857648,0.004042237254578453,61.22680272108843,0.8391695072823055,-0.9138888888888889,-0.887459807181392,0.3824343074009636,0.6317516269088139,0.017245500802513403,-0.9128888888888889,-0.64,-0.9469507508163214,0.07458487015377409,0.15724747694264776,Integrated Freight & Logistics,Industrials,254.72,64024381440,1963365,FDX
TTM,,,,,,,,,,,,,,,,95533381440.0,102.70866141732283,1.370692835534568,0.44004132705774307,1.4693345599509353,0.03719690187880315,102.70866141732283,0.15875934289939647,0.7101589644501136,16.288741188318227,2.4800245323520396,0.29632426988922456,117.53145695364239,0.018490891959798996,1.0349558030076915,1.2551464620379251,0.045597520376535416,24.242476879969708,0.2125894293161777,,,,,,,,,,,Integrated Freight & Logistics,Industrials,254.72,64024381440,1963365,FDX
