Quarters,Year,Quarter,FillingDate,Date,NetIncome,Revenue,OperatingIncome,EPSDiluted,GrossProfit,GrossProfitRatio,TotalAssets,CommonStockEquity,CurrentAssets,CurrentLiability,TotalLiability,Inventory,RetainedEarnings,MarketCap,EnterpriseValue,bookValuePerShare,currentRatio,debtToAssets,debtToEquity,roic,shareholdersEquityPerShare,roe,priceToSalesRatio,peRatio,pbRatio,payoutRatio,inventoryTurnover,dividendYield,assetTurnover,quickRatio,returnOnAssets,priceToFreeCashFlowsRatio,grossProfitMargin,epsdilutedGrowth,fiveYNetIncomeGrowthPerShare,fiveYRevenueGrowthPerShare,fiveYShareholdersEquityGrowthPerShare,grossProfitGrowth,netIncomeGrowth,operatingIncomeGrowth,threeYNetIncomeGrowthPerShare,threeYRevenueGrowthPerShare,threeYShareholdersEquityGrowthPerShare,Industry,Sector,Symbol
2023Q4,2023,Q4,2023-03-31,2023-03-31,98400000.0,1256500000.0,186600000.0,0.31,361800000.0,0.287942698,10436500000.0,4507700000.0,2235000000.0,2246700000.0,5847600000.0,583400000.0,2054800000.0,9713051212.935493,12745551212.935493,14.201087391157984,0.9947923621311257,0.3114166626742682,0.7210107149987799,0.01812886240395427,14.201087391157984,0.021829314284446615,7.730243703092315,24.677467512539362,2.154768776301771,0.0,1.533596160438807,0.0,0.12039476836104059,0.7012062135576623,0.009428448234561395,119.61885730216125,0.2879426979705531,0.24,-0.16786213828497218,0.3624249090457925,0.6603568801688932,0.21409395973154363,0.2599231754161332,0.27895819054146676,0.057301539003569595,0.08306475371654067,0.5252035734932189,Aerospace & Defense,Industrials,CAE
2023Q3,2023,Q3,2022-12-31,2022-12-31,78100000.0,1020300000.0,145900000.0,0.25,298000000.0,0.2920709595,10272400000.0,4373400000.0,2178800000.0,2240400000.0,5817600000.0,598800000.0,1942700000.0,8179410500.799999,11252410500.8,13.999359795134444,0.972504909837529,0.31780304505276274,0.7464672794622034,0.015737885994171374,13.999359795134444,0.017857959482324964,8.01667205802215,26.182491999999996,1.8702635251291897,0.0,1.2062458249833,0.0,0.09932440325532495,0.6670237457596858,0.0076028970834469065,63.25916860634184,0.2920709595217093,0.7857142857142856,-0.43151354749787957,0.24305810651367546,0.7691271818151642,0.0891812865497076,0.755056179775281,0.4289911851126347,-0.31987589048106446,-0.06001118264729389,0.5750613216843004,Aerospace & Defense,Industrials,CAE
2023Q2,2023,Q2,2022-09-30,2022-09-30,44500000.0,993200000.0,102100000.0,0.14,273600000.0,0.2754732179,10101300000.0,4238300000.0,2170000000.0,2112200000.0,5783800000.0,566300000.0,1858200000.0,6663241990.494716,9857841990.494717,13.333977522097088,1.0273648328756746,0.3363725461079267,0.8016893565816483,0.010181963753886492,13.333977522097088,0.010499492721138192,6.708862253820697,37.43394376682425,1.5721496804130703,0.0,1.2707045735475897,0.0,0.09832397810182848,0.7100179907205757,0.004405373565778662,193.13744899984684,0.27547321788159485,11.06896551724138,-0.42302362817342565,0.2997200124840719,0.7475109093671637,0.17475311292400172,11.027027027027026,0.8665447897623401,-0.4950452912838565,-0.07255131773824332,0.5636979964183386,Aerospace & Defense,Industrials,CAE
2023Q1,2023,Q1,2022-06-30,2022-06-30,3700000.0,933300000.0,54700000.0,0.0116,232900000.0,0.2495446266,9756000000.0,4079400000.0,2169100000.0,2051000000.0,5601900000.0,550400000.0,1824900000.0,9981201171.742897,13007101171.742897,12.864978281179928,1.0575816674792784,0.3312730627306273,0.7922488601264892,0.008650564879022882,12.864978281179928,0.0009069961268814041,10.694526059940959,674.4054845772228,2.4467326498364703,0.0,1.2725290697674418,0.0,0.09566420664206642,0.740565577766943,0.0003792537925379254,-38.11073375999579,0.2495446265938069,-0.9317647058823529,-0.9508801602935869,0.1310508251159572,0.6735406436263045,-0.14248895434462444,-0.9352014010507881,-0.4137191854233655,-0.9495763954220844,-0.05254441180108959,0.4948562422224836,Aerospace & Defense,Industrials,CAE
2022Q4,2022,Q4,2022-03-31,2022-03-31,57100000.0,955000000.0,93300000.0,0.17,271600000.0,0.2843979058,9578800000.0,4009700000.0,2148600000.0,2091200000.0,5492200000.0,519800000.0,1777600000.0,10676585412.0,13376685412.0,12.243358778625954,1.0274483550114766,0.3180147826450077,0.7597077088061451,0.011759948992385943,12.243358778625954,0.014240466867845475,11.179670588481676,46.74512001751314,2.6626893313714244,0.0,1.314736437091189,0.0,0.09969933603374118,0.738571155317521,0.005961080719923163,100.81761484419263,0.2843979057591623,0.9607843137254903,-0.2952763312999989,0.07004468771072382,0.6334172242268196,0.12,1.0105633802816902,-0.17213842058562556,-0.6204573303539663,-0.24036768303431377,0.39818511289085157,Aerospace & Defense,Industrials,CAE
2022Q3,2022,Q3,2021-12-31,2021-12-31,28400000.0,848700000.0,112700000.0,0.0867,242500000.0,0.2857311182,9215200000.0,3938500000.0,2196100000.0,1861700000.0,5200700000.0,546900000.0,1641600000.0,10534648484.0,12845148484.0,12.025954198473283,1.179620776709459,0.3010243944786874,0.7043290592865304,0.015381414068600949,12.025954198473283,0.0072108670813761586,12.412688210203841,92.73458172535211,2.6747869706741145,0.0,1.1084293289449625,0.0,0.09209783835402378,0.8436375355857549,0.0030818647452035765,50.84289808880309,0.28573111818074703,1.1675,-0.6566397357472585,0.01902699179079026,0.6409659558459376,0.06546572934973638,1.0285714285714285,0.24255788313120177,-0.7026642242700873,-0.15531466553439313,0.3977762624877787,Aerospace & Defense,Industrials,CAE
2022Q2,2022,Q2,2021-09-30,2021-09-30,14000000.0,814900000.0,90700000.0,0.04,227600000.0,0.2792980734,9152600000.0,3944400000.0,2156600000.0,1703300000.0,5134000000.0,537600000.0,1630700000.0,13175492715.000002,15656992715.000002,11.269714285714286,1.2661304526507369,0.3083167624500142,0.715419328668492,0.05489530396791381,11.269714285714286,0.003549335767163574,16.16823256227758,235.27665562500002,3.3403033959537574,0.0,1.0924479166666667,0.0,0.08903480978082731,0.9050079257911113,0.001529619998688897,-372.1890597457628,0.2792980733832372,-0.75,-0.7779336909090908,-0.015561107399797764,0.5978128248652235,0.06454630495790459,-0.6982758620689655,0.052204176334106726,-0.8237635459637561,-0.16284756423347288,0.3650795230938255,Aerospace & Defense,Industrials,CAE
2022Q1,2022,Q1,2021-06-30,2021-06-30,46400000.0,752700000.0,86200000.0,0.16,213800000.0,0.2840441079,8521500000.0,3178100000.0,3091100000.0,2378400000.0,5273100000.0,558900000.0,1592800000.0,11247608233.683361,12916808233.683361,10.824519977446743,1.2996552304069964,0.27691134189990024,0.7424876498536862,0.012782289697874408,10.824519977446743,0.01459991819011359,14.94301612021172,60.60133746596638,3.539098276858299,0.0,0.9642154231526212,0.0,0.08832951945080092,0.7367137571476623,0.005445050753975239,-50.59652826668179,0.28404410787830475,1.2857142857142856,-0.37967337998891115,0.0594181132427664,0.5722848655990719,-0.09827077182623366,1.3434343434343434,-0.5091116173120729,-0.3905203815946037,-0.04964602550095274,0.29186287355271867,Aerospace & Defense,Industrials,CAE
2021Q4,2021,Q4,2021-03-31,2021-03-31,19800000.0,894300000.0,175600000.0,0.07,237100000.0,0.2651235603,8748400000.0,3140500000.0,3378600000.0,2633300000.0,5535600000.0,647800000.0,1543700000.0,10110319565.10622,11535719565.10622,11.102777772170315,1.2830288990999885,0.2687920076814046,0.7487661200445789,0.03624135375060159,11.102777772170315,0.006304728546409807,11.30528856659535,127.65555006447248,3.219334362396504,0.0,1.0145106514356284,0.0,0.10222440674866261,0.7391485968176812,0.0022632709981253714,89.392745933742,0.26512356032651235,-0.611111111111111,-0.6818181823035551,0.1695879189456312,0.5711704836358049,0.03582350371341197,-0.5942622950819673,1.1182147165259348,-0.8120979021928022,0.088177062769659,0.2981099936394412,Aerospace & Defense,Industrials,CAE
2021Q3,2021,Q3,2020-12-31,2020-12-31,48800000.0,832400000.0,82900000.0,0.18,228900000.0,0.2749879865,7778900000.0,2782000000.0,2384300000.0,1919300000.0,4918000000.0,691200000.0,1449100000.0,9589319772.958838,11409219772.958838,10.261475414041588,1.2422758297295888,0.3136433171785214,0.8769949676491733,0.01590775922034053,10.261475414041588,0.017541337167505392,11.520086224121622,49.12561359097766,3.446915806239698,0.0,0.8731192129629629,0.0,0.10700741750118911,0.8359297660605429,0.006273380555091337,49.277080025482206,0.27498798654493034,8.792207792207792,-0.15986585962102068,0.34166635276655566,0.4618676028474141,0.19842931937172775,9.133333333333333,0.04539722572509458,-0.5906897540307232,0.16858235258396234,0.2967632339029148,Aerospace & Defense,Industrials,CAE
2021Q2,2021,Q2,2020-09-30,2020-09-30,-6000000.0,704700000.0,79300000.0,-0.0231,191000000.0,0.2710373208,7441600000.0,2263300000.0,2130500000.0,1908800000.0,5092700000.0,711600000.0,1394900000.0,5055139856.0,7414039856.0,8.705,1.1161462699077955,0.35165824553859387,1.1562320505456634,0.013928000608874346,8.705,-0.0026509963327884063,7.173463680999006,-210.63082733333331,2.2335262033314187,0.0,0.721894322653176,0.0,0.09469737690819179,0.700544844928751,-0.0008062782197376908,259.2379413333333,0.27103732084574994,0.9436585365853658,-1.090102319655635,0.18041050602551623,0.2964356886095248,0.7685185185185185,0.9454545454545454,5.240641711229946,-1.095105995398773,0.12739471393962834,0.14085106569526412,Aerospace & Defense,Industrials,CAE
2021Q1,2021,Q1,2020-06-30,2020-06-30,-110000000.0,550500000.0,-18700000.0,-0.41,108000000.0,0.1961852861,7609500000.0,2252500000.0,2204100000.0,1890200000.0,5270200000.0,670700000.0,1388800000.0,5850615933.476022,8258115933.476022,8.479002374546027,1.166067082848376,0.3641237926276365,1.2300998890122086,-0.0028163120244803644,8.479002374546027,-0.048834628190899,10.627821859175334,-13.296854394263686,2.5973877618095544,0.0,0.6597584613090801,0.0,0.0723437808003154,0.7666913554121257,-0.014455614692161115,-47.10640848209357,0.19618528610354224,-2.413793103448276,-3.4939650960240054,-0.005092318099592676,0.34266366230167117,-0.6535129932627527,-2.4030612244897958,-1.1276450511945393,-2.7430710640423244,-0.20368413215327844,0.10299098693117055,Aerospace & Defense,Industrials,CAE
2020Q4,2020,Q4,2020-03-31,2020-03-31,78400000.0,977300000.0,146500000.0,0.29,311700000.0,0.3189399366,8483600000.0,2489700000.0,2808600000.0,2062300000.0,5905300000.0,616200000.0,1590100000.0,4783253528.103644,7148953528.103644,9.310945527509363,1.3618775153954323,0.39042387665613654,1.3303610876812468,0.0174906033909643,9.310945527509363,0.03148973771940394,4.894355395583387,15.252721709514171,1.921216824558639,0.36607142857142855,1.080168776371308,0.006000100105791032,0.11519873638549673,1.0242447752509334,0.00924135980008487,36.40223385162591,0.31893993655990993,-0.21621621621621626,0.22166346756249888,0.5455367322908861,0.5420092793877619,0.06929674099485421,-0.19754350051177072,-0.05422853453841188,0.18510514398527614,0.3411721092664724,0.24219661233992681,Aerospace & Defense,Industrials,CAE
2020Q3,2020,Q3,2019-12-31,2019-12-31,97700000.0,923500000.0,154900000.0,0.37,291500000.0,0.3156469951,7444600000.0,2362400000.0,2024000000.0,1734500000.0,4998700000.0,607400000.0,1524800000.0,9185349673.589695,11491949673.589695,8.88813635532879,1.1669068895935428,0.347244982940655,1.0942685404673214,0.026434961341120687,8.88813635532879,0.0413562478835083,9.946236787861066,23.50396538789584,3.8881432753088783,0.2896622313203685,1.0405004939084623,0.0030809932126340243,0.1240496467237998,0.770942634765062,0.013123606372404159,36.85934860991049,0.3156469951272334,0.3214285714285713,0.8413110978237579,0.6498933956867871,0.5515338342226179,0.23151668779045204,0.3238482384823848,0.24118589743589744,0.45544177842847805,0.36627135865458976,0.21280431717116843,Aerospace & Defense,Industrials,CAE
2020Q2,2020,Q2,2019-09-30,2019-09-30,73800000.0,896800000.0,124800000.0,0.28,236700000.0,0.2639384478,7320500000.0,2269800000.0,2013500000.0,1704100000.0,4969200000.0,577500000.0,1446700000.0,8933043928.263,11375843928.263,8.527207653037005,1.1815621148993605,0.3640871525169046,1.1742444268217465,0.020957106110239078,8.527207653037005,0.03251387787470262,9.96102132946365,30.26098891688008,3.935608392044674,0.38482384823848237,1.143030303030303,0.003179207471503197,0.12250529335427908,0.7990728243647673,0.010081278601188444,-186.88376418960252,0.26393844781445136,0.21739130434782614,0.7106890620823059,0.6845490905119148,0.547049852430838,-0.028723840787853918,0.2,0.12533814247069433,0.5392114739260293,0.42451601668950606,0.20898200281639612,Aerospace & Defense,Industrials,CAE
2020Q1,2020,Q1,2019-06-30,2019-06-30,61500000.0,825600000.0,110900000.0,0.23,243700000.0,0.2951792636,7412300000.0,2287200000.0,2122600000.0,1769800000.0,5046200000.0,590200000.0,1431300000.0,9405907279.478325,11718607279.478325,8.606164203490811,1.1993445587071985,0.3554497254563361,1.1519324938789786,0.018677799865477712,8.606164203490811,0.026888772298006295,11.392814049755723,38.235395445033845,4.112411367382968,0.4146341463414634,0.9859369705184683,0.002711062233798066,0.11138243190372758,0.8159679059780767,0.00829701981840994,-54.78105579195297,0.29517926356589147,-0.5,0.4612299564112142,0.5582551595315242,0.5830777310732498,-0.15381944444444445,-0.4971381847914963,-0.34917840375586856,-0.09167356979054675,0.28374734945303937,0.25006390640897763,Aerospace & Defense,Industrials,CAE
2019Q4,2019,Q4,2019-03-31,2019-03-31,122300000.0,1022000000.0,170400000.0,0.46,288000000.0,0.2818003914,7165500000.0,2331300000.0,2112900000.0,1889500000.0,4755500000.0,537000000.0,1457900000.0,7966636367.63255,9848836367.63255,8.756607880992167,1.1182323365969833,0.3249319656688298,0.9987131643289152,0.0312705720130359,8.756607880992167,0.052460000857890446,7.795143216861595,16.28502936964953,3.4172506188103418,0.20932134096484056,1.366852886405959,0.0032134013426305744,0.14262786965319935,0.7934374173061657,0.01706789477356779,174.70693788667873,0.28180039138943247,0.5862068965517243,0.997268072027172,0.7165071779677397,0.5845813601484452,0.23446206600942993,0.5760309278350515,0.5079646017699115,1.0880529840014215,0.4200558590044654,0.23916051655766818,Aerospace & Defense,Industrials,CAE
2019Q3,2019,Q3,2018-12-31,2018-12-31,77600000.0,816300000.0,113000000.0,0.29,233300000.0,0.2858017886,6294500000.0,2289200000.0,2175800000.0,1982300000.0,3925700000.0,604200000.0,1374200000.0,6650875177.68317,7636575177.68317,8.603633157333311,1.0976138828633406,0.21405989355786798,0.5885899004018871,0.026363948029610732,8.603633157333311,0.03389830508474576,8.147586889235784,21.426788587896816,2.9053272661555,0.3286082474226804,0.9649122807017544,0.003834081879263732,0.12968464532528398,0.7567976592846694,0.01232822305187068,50.57699754892145,0.28580178855812816,0.2608695652173912,0.654113880329453,0.5618142879564051,0.6631023004243973,0.15781637717121588,0.2784184514003295,0.14488348530901723,0.36124405721467523,0.3406262457800288,0.22568851670966963,Aerospace & Defense,Industrials,CAE
2019Q2,2019,Q2,2018-09-30,2018-09-30,60700000.0,743800000.0,98700000.0,0.23,201500000.0,0.2709061576,5829700000.0,2207900000.0,2149500000.0,1592400000.0,3547100000.0,574500000.0,1378200000.0,6909670744.907826,7704770744.907826,8.255719974593516,1.3498492840994725,0.2228931162838568,0.5885230309343721,0.022713033193566833,8.255719974593516,0.02749218714615698,9.289689089685165,28.4582814864408,3.12952160193298,0.4233937397034596,0.9439512619669278,0.0037194246945760705,0.12758804055097175,0.9458678723938709,0.010412199598607133,59.25961187742561,0.270906157569239,-0.11538461538461538,0.5466487206206693,0.48896100349360505,0.7262233656385564,-0.07864654778235025,-0.12536023054755044,0.0020304568527918783,-0.11381924401605995,0.21125022557566592,0.22952441243303318,Aerospace & Defense,Industrials,CAE
2019Q1,2019,Q1,2018-06-30,2018-06-30,69400000.0,722000000.0,98500000.0,0.26,218700000.0,0.3029085873,5790900000.0,2242600000.0,2108000000.0,1488800000.0,3475300000.0,545700000.0,1356800000.0,7336813846.023535,8148313846.023535,8.379000743073071,1.415905427189683,0.22649329119825934,0.584856862570231,0.024052124417888867,8.379000743073071,0.030946223133862482,10.161792030503511,26.429444690286513,3.271565970758733,0.33285302593659943,0.922301630932747,0.003148505670826025,0.12467837469132605,1.003559914024718,0.011984320226562366,-72.14172906611145,0.3029085872576177,-0.16129032258064513,0.4405468127375369,0.28844661918796727,0.7631698525227824,-0.16046065259117082,-0.3066933066933067,-0.30191353649893693,0.5617719204199564,0.2951590731149908,0.3268282431310508,Aerospace & Defense,Industrials,CAE
2018Q4,2018,Q4,2018-03-31,2018-03-31,100100000.0,780700000.0,141100000.0,0.31,260500000.0,0.3336749071,5719200000.0,2298200000.0,2060800000.0,1320600000.0,3352600000.0,375300000.0,1381400000.0,6409244673.0,7058644673.0,8.553033122441384,1.5605028017567772,0.22046789760805707,0.5486467670350709,0.0348402291510646,8.553033122441384,0.043555826298842575,8.209612748815166,16.007104577922078,2.7888106661735272,0.22477522477522477,1.3860911270983214,0.003510554074302228,0.13650510560917611,1.2283810389217023,0.017502447894810463,81.85497666666667,0.3336749071346228,-0.29545454545454547,1.1913789721439094,0.27332199835562393,0.9984255278195424,0.2076958738989337,-0.15097540288379982,0.250886524822695,0.5522267689348438,0.22863017932552598,0.41648948570784516,Aerospace & Defense,Industrials,CAE
2018Q3,2018,Q3,2017-12-31,2017-12-31,117900000.0,704400000.0,112800000.0,0.44,215700000.0,0.3062180579,5477600000.0,2121500000.0,1945800000.0,1278100000.0,3291900000.0,370100000.0,1297600000.0,6301246302.2385,7012846302.2385,7.913144933294613,1.5224160863782177,0.2268146633562144,0.5856233796841858,0.04192437516896029,7.913144933294613,0.05557388640113128,8.945551252468057,13.361421336383586,2.970184446023332,0.1967769296013571,1.3204539313699,0.0036818113254449784,0.1285964656053746,1.1658712150848916,0.021524025120490727,44.91266074296863,0.3062180579216354,0.8333333333333334,2.0150365408088313,0.304176074784906,0.9094545673283103,0.1473404255319149,0.808282208588957,0.03202195791399817,1.2029022243938976,0.24763382632153844,0.3813370551806418,Aerospace & Defense,Industrials,CAE
2018Q2,2018,Q2,2017-09-30,2017-09-30,65200000.0,646000000.0,109300000.0,0.24,188000000.0,0.2910216718,5192600000.0,2050300000.0,1910200000.0,1133500000.0,3080900000.0,386800000.0,1255700000.0,5903991589.948011,6573791589.948011,7.630268544032036,1.6852227613586237,0.233177984054231,0.5905477247232113,0.02446178625454113,7.630268544032036,0.03180022435741111,9.139305866792588,22.638004562684092,2.8795744963898025,0.3558282208588957,1.1840744570837642,0.003929544892899194,0.12440781111581867,1.26281429201588,0.012556330162153835,85.19468383763365,0.29102167182662536,0.0,0.7199020895044275,0.20915103212823138,0.9632894353303588,-0.11612599905970851,0.0219435736677116,0.11758691206543967,0.49715055802546415,0.20205338010801963,0.38432254793844894,Aerospace & Defense,Industrials,CAE
2018Q1,2018,Q1,2017-06-30,2017-06-30,63800000.0,698900000.0,97800000.0,0.24,212700000.0,0.3043353842,5303000000.0,2064600000.0,1867700000.0,1185300000.0,3177700000.0,401800000.0,1212200000.0,6015842525.530036,6820142525.530036,7.687281650539125,1.575719227199865,0.2331133320761833,0.5987600503729535,0.024221855307804168,7.687281650539125,0.03090186961154703,8.607586958835364,23.57305064862867,2.9138053499612693,0.329153605015674,1.2100547536087605,0.0034907828638931597,0.13179332453328305,1.1519446553615118,0.012030925891005092,-82.07152149427061,0.30433538417513234,-0.040000000000000036,1.8818505494398243,0.4005986845012828,0.9296659728306704,-0.09489361702127659,-0.043478260869565216,-0.030723488602576808,0.5000146979279371,0.3053149566347441,0.4140520800800333,Aerospace & Defense,Industrials,CAE
2017Q4,2017,Q4,2017-03-31,2017-03-31,66700000.0,734700000.0,100900000.0,0.25,235000000.0,0.3198584456,5354800000.0,2020800000.0,1919700000.0,1273900000.0,3273800000.0,416300000.0,1192300000.0,5495901818.0,6246601818.0,7.4955489614243325,1.5069471701075439,0.2344438634496153,0.6212391132224862,0.02525052727015499,7.4955489614243325,0.03300673000791766,7.480470692799782,20.599332151424285,2.7196663786619157,0.3073463268365817,1.2003362959404276,0.003730052078597741,0.13720400388436543,1.1117042154015229,0.01245611414058415,45.837379633027524,0.31985844562406424,0.0,0.20399965975770296,0.3924233520088968,0.8990093219617964,0.17912694430506773,-0.016224188790560472,0.02332657200811359,0.07566765488996048,0.21856062617112507,0.3563822121274747,Aerospace & Defense,Industrials,CAE
2017Q3,2017,Q3,2016-12-31,2016-12-31,67800000.0,682700000.0,98600000.0,0.25,199300000.0,0.291929105,5170500000.0,1967400000.0,1777600000.0,1140900000.0,3145000000.0,420100000.0,1142100000.0,5027725442.203237,5881525442.203237,7.3285823850463485,1.5580681917784205,0.24574025722850787,0.6458269797702552,0.026269124681239247,7.3285823850463485,0.03446172613601708,7.364472597338856,18.538810627593055,2.5555176589423794,0.30678466076696165,1.150678409902404,0.0041370596384207245,0.1320375205492699,1.112279779121746,0.013112851755149405,43.267860948392745,0.29192910502416874,0.38888888888888895,0.42655379388453424,0.4456366253021532,0.9032325867754604,0.06634563937934725,0.40082644628099173,0.29396325459317585,0.4323941496950512,0.29460910733801693,0.41663202051236875,Aerospace & Defense,Industrials,CAE
2017Q2,2017,Q2,2016-09-30,2016-09-30,48400000.0,635500000.0,76200000.0,0.18,186900000.0,0.2940991345,5112200000.0,1895200000.0,1720700000.0,1097100000.0,3160700000.0,400400000.0,1049400000.0,5032606200.450083,5955306200.450083,7.053213061213784,1.5684076200893264,0.24764289347052149,0.6680033769523005,0.02017689181149916,7.053213061213784,0.02553820177289996,7.919128560897062,25.994866737862,2.655448607244662,0.4194214876033058,1.1203796203796204,0.004033695304469582,0.1243104729861899,1.1143013398960897,0.009467548217988342,-1048.4596250937673,0.2940991345397325,-0.28,0.20715013031802326,0.4040209928878334,0.8639421350961887,-0.01631578947368421,-0.2944606413994169,-0.14382022471910114,0.22745267968718877,0.2661906596799443,0.47478611514966745,Aerospace & Defense,Industrials,CAE
2017Q1,2017,Q1,2016-06-30,2016-06-30,68600000.0,651600000.0,89000000.0,0.25,190000000.0,0.2915899325,4984400000.0,1853800000.0,1676900000.0,1071200000.0,3078900000.0,342300000.0,1036400000.0,4201816445.1236606,5082116445.123661,6.884579387795853,1.5654406273338313,0.24582698017815585,0.6609666630704499,0.028946259338256997,6.884579387795853,0.03700507066565972,6.448459860533549,15.312742146952116,2.2665964209319562,0.27696793002915454,1.348524685947999,0.00452185388108757,0.13072787095738705,1.1321882001493653,0.013762940373966775,-1400.6054817078868,0.29158993247391035,0.13636363636363635,0.519126231061164,0.45340217729110577,0.8750893317167722,-0.09781576448243115,0.16666666666666666,-0.10821643286573146,0.4153574800750759,0.15580463479819187,0.4487029176953425,Aerospace & Defense,Industrials,CAE
2016Q4,2016,Q4,2016-03-31,2016-03-31,58800000.0,722500000.0,99800000.0,0.22,210600000.0,0.2914878893,4996700000.0,1888700000.0,1749600000.0,1192900000.0,3056400000.0,278300000.0,1048000000.0,4026587700.2548738,4813887700.254873,7.0665646330611205,1.4666778439097996,0.2547481337682871,0.6739556308572033,0.023924505542152603,7.0665646330611205,0.031132525017207605,5.5731317650586485,17.119845664348954,2.1319360937443075,0.3282312925170068,1.839381961911606,0.004793140355238842,0.1445954329857706,1.1394081649761088,0.011767766726039186,774.3437885105526,0.2914878892733564,0.047619047619047665,0.14382293879292074,0.5041235286373059,0.4384751072813878,0.24985163204747773,0.019064124783362217,0.17966903073286053,0.2941176492657336,0.18469058177320793,0.6511105422523005,Aerospace & Defense,Industrials,CAE
2016Q3,2016,Q3,2015-12-31,2015-12-31,57700000.0,616300000.0,84600000.0,0.21,168500000.0,0.2734058089,5161000000.0,1890400000.0,1810800000.0,1268400000.0,3215500000.0,268000000.0,983600000.0,4143072828.607968,4937972828.607967,7.019428704798141,1.4276253547776727,0.2589226894012788,0.7068874312314855,0.02282149247097578,7.019428704798141,0.030522640710960645,6.722493637202609,17.95092213434995,2.191638186948777,0.21490467937608318,1.6708955223880597,0.0029929476292035826,0.11941484208486727,1.1276411226742353,0.01118000387521798,22.739148345817608,0.27340580885932175,-0.19230769230769237,0.35183747642722646,0.4288167616055049,0.4612429404929983,0.05841708542713568,-0.1613372093023256,0.09020618556701031,0.4689146516151955,0.13592857308618747,0.6937994076183112,Aerospace & Defense,Industrials,CAE
2016Q2,2016,Q2,2015-09-30,2015-09-30,68800000.0,616800000.0,77600000.0,0.26,159200000.0,0.2581063554,4949900000.0,1803700000.0,1645900000.0,1172900000.0,3088900000.0,249000000.0,949400000.0,3775849347.8541527,4712649347.854153,6.714563689107043,1.4032739363969648,0.2654195034243116,0.7283916394078838,0.032210337288123975,6.714563689107043,0.038143815490380886,6.121675336987926,13.72038280470259,2.0933910006398806,0.17587209302325582,1.8377510040160643,0.003204577006462541,0.12460857795106972,1.095660329098815,0.013899270692337219,38.72665997799131,0.25810635538262,0.5294117647058822,0.643003888293381,0.524026994879867,0.3948810254411165,0.01015228426395939,0.5495495495495496,0.055782312925170066,0.8154138632158754,0.15484441642757327,0.7276760152809306,Aerospace & Defense,Industrials,CAE
2016Q1,2016,Q1,2015-06-30,2015-06-30,44400000.0,557000000.0,73500000.0,0.17,157600000.0,0.2829443447,4631500000.0,1688800000.0,1565400000.0,1021900000.0,2891100000.0,240900000.0,911100000.0,4013773421.475485,5020573421.475485,6.315060586365192,1.531852431744789,0.27878657022562886,0.7645665561345334,0.02025363738793906,6.315060586365192,0.026290857413548082,7.206056411984712,22.600075571370976,2.3767014575293017,0.2905405405405405,1.6579493565794936,0.0032139332855659524,0.12026341358091332,1.1295625795087583,0.009586527043074599,-55.362392020351514,0.2829443447037702,-0.2916666666666666,0.08086989040183852,0.45690406773712633,0.3598161856973403,-0.13406593406593406,-0.3073322932917317,-0.3026565464895636,1.0141702510718216,0.12102758602004815,0.5852102321525301,Aerospace & Defense,Industrials,CAE
2015Q4,2015,Q4,2015-03-31,2015-03-31,64100000.0,631600000.0,105400000.0,0.24,182000000.0,0.2881570614,4656900000.0,1612700000.0,1562500000.0,1039100000.0,2993000000.0,237300000.0,857300000.0,3926185996.933257,4875785996.933257,6.038190335149068,1.5037051294389376,0.27481801198221995,0.7935759905748124,0.027778853496198897,6.038190335149068,0.0397470081230235,6.216253953345879,15.312737897555607,2.4345420703994898,0.187207488299532,1.8946481247366203,0.003056401303803028,0.13562670446004854,1.1085554807044558,0.013764521462775667,33.49988051990834,0.2881570614312856,0.1999999999999999,0.5194074093037038,0.5315382691506382,0.3394981847484176,0.2214765100671141,0.20943396226415095,0.27141133896260555,0.16796992626971488,0.2083047429339162,0.529785182278201,Aerospace & Defense,Industrials,CAE
2015Q3,2015,Q3,2014-12-31,2014-12-31,53000000.0,559100000.0,82900000.0,0.2,149000000.0,0.2664997317,4395300000.0,1520900000.0,1466300000.0,951400000.0,2829400000.0,245900000.0,838200000.0,4024001664.5760856,4995701664.576086,5.728612653672558,1.541202438511667,0.28105021272723135,0.812216450785719,0.024025152732044645,5.728612653672558,0.03484778749424683,7.19728432226093,18.981139927245685,2.645802922332886,0.22641509433962265,1.667751118340789,0.002982106122280682,0.12720405888107753,1.1178263611519865,0.012058335039701499,69.37933904441527,0.2664997317116795,0.25000000000000006,0.3550446421411586,0.4074183525023178,0.25166664794638627,0.09397944199706314,0.23543123543123542,0.13873626373626374,0.12760195343911945,0.1971269909533989,0.4877205039996154,Aerospace & Defense,Industrials,CAE
2015Q2,2015,Q2,2014-09-30,2014-09-30,42900000.0,529400000.0,72800000.0,0.16,136200000.0,0.2572723838,4293100000.0,1459000000.0,1407900000.0,888700000.0,2789800000.0,246400000.0,806200000.0,3557954220.884664,4556454220.884665,5.511915236369682,1.5842241476313716,0.2972910018401621,0.8747772446881426,0.02031530010125854,5.511915236369682,0.02940370116518163,6.7207295445498,20.733998956204335,2.438625237069681,0.27505827505827507,1.5957792207792207,0.0033165125989355762,0.12331415527241388,1.1452683695285248,0.009992779110665952,-123.54007711405083,0.2572723838307518,0.0,0.05946989979210622,0.40247294531530514,0.2104523880196672,-0.002197802197802198,0.02631578947368421,0.015341701534170154,0.08614673029773937,0.18729124808659017,0.45662564918747683,Aerospace & Defense,Industrials,CAE
2015Q1,2015,Q1,2014-06-30,2014-06-30,41800000.0,526200000.0,71700000.0,0.16,136500000.0,0.2594070696,4191800000.0,1434900000.0,1397300000.0,912800000.0,2716900000.0,247400000.0,794200000.0,3686813819.0966597,4588413819.09666,5.436349734801873,1.5307843996494304,0.2820745264564149,0.824029549097498,0.021637797996275618,5.436349734801873,0.029130949891978536,7.00648768357404,22.050321884549398,2.5693872876832247,0.2511961722488038,1.5751818916734035,0.0028479875890702563,0.12553079822510615,1.104184925503944,0.00997184980199437,-87.99078327199665,0.2594070695553022,-0.30434782608695654,0.4870104596041497,0.3294093085655138,0.17227602352954935,-0.18018018018018017,-0.30333333333333334,-0.16821345707656613,-0.055684219692378085,0.19736564411419644,0.48064839070319176,Aerospace & Defense,Industrials,CAE
2014Q4,2014,Q4,2014-03-31,2014-03-31,60000000.0,583400000.0,86200000.0,0.23,166500000.0,0.2853959547,4236700000.0,1441600000.0,1350800000.0,964500000.0,2754500000.0,219500000.0,775100000.0,3794120866.4034495,4650320866.40345,5.526133337938444,1.4005184033177813,0.2758042816342908,0.8105577136514983,0.02801323420752823,5.526133337938444,0.041620421753607105,6.503463946526311,15.808836943347707,2.631881844064546,0.165,1.8993166287015946,0.0026093001115656284,0.13770151297000024,1.0859512700881286,0.0141619656808365,73.81558105843287,0.2853959547480288,0.2777777777777779,0.142822189889883,0.2991100404907774,0.16887510400838882,0.11895161290322581,0.30151843817787416,0.11082474226804123,0.1958148903325285,0.24435216870850762,0.12490377699960142,Aerospace & Defense,Industrials,CAE
2014Q3,2014,Q3,2013-12-31,2013-12-31,46100000.0,513600000.0,77600000.0,0.18,148800000.0,0.2897196262,3984200000.0,1352600000.0,1242200000.0,867000000.0,2594100000.0,221900000.0,757100000.0,3542095730.7123384,4428595730.712338,5.173243495086141,1.4327566320645906,0.28934290447266703,0.852284489132042,0.02503089083098334,5.173243495086141,0.03408250776282715,6.896603837056734,19.208762097138493,2.618731133160091,0.2299349240780911,1.64398377647589,0.0029925786330648584,0.12890919130565734,1.0896193771626297,0.011570704281913558,-156.03945950274618,0.2897196261682243,0.2,-0.15678970669591727,0.17925534060861237,0.14725904326535838,0.10961968680089486,0.20365535248041775,0.1901840490797546,0.1124873281035121,0.2264641614497985,0.07692033847123955,Aerospace & Defense,Industrials,CAE
2014Q2,2014,Q2,2013-09-30,2013-09-30,38300000.0,487500000.0,65200000.0,0.15,134100000.0,0.2750769231,3814800000.0,1248200000.0,1211100000.0,859300000.0,2532900000.0,206400000.0,716400000.0,2953495052.450459,3763895052.450459,4.782532862738536,1.4094030024438498,0.287642864632484,0.8791059125140201,0.022787128672107946,4.782532862738536,0.030684185226726488,6.058451389641967,19.27868833192206,2.3662033748201083,0.2454308093994778,1.7122093023255813,0.003182669966621748,0.12779175841459578,1.0776213196788083,0.01003984481493132,32.208233941662584,0.27507692307692305,-0.16666666666666666,-0.23191135258326487,0.1706957597708627,0.2031856780328026,-0.09084745762711864,-0.1600877192982456,0.03821656050955414,-0.05861078317247763,0.23977594913523975,-0.006478357692107832,Aerospace & Defense,Industrials,CAE
2014Q1,2014,Q1,2013-06-30,2013-06-30,45600000.0,530400000.0,62800000.0,0.18,147500000.0,0.278092006,3837900000.0,1203900000.0,1236100000.0,855000000.0,2602400000.0,185900000.0,683000000.0,2774465319.016054,3672265319.016054,4.752236848358207,1.4457309941520469,0.3013887803225722,0.9607940858875322,0.02642876648762109,4.752236848358207,0.03787690007475704,5.230892381251987,15.210884424430121,2.3045645975712716,0.2236842105263158,2.059709521247983,0.00367638403338102,0.1382005784413351,1.1485380116959065,0.011881497694051434,-180.1600856503931,0.2780920060331825,0.058823529411764594,-0.007074640676183981,0.35787944637842595,0.22354343931189713,-0.11887694145758662,0.0410958904109589,-0.12290502793296089,0.17182741270939078,0.46449413882361185,0.023294788116084673,Aerospace & Defense,Industrials,CAE
2013Q4,2013,Q4,2013-03-31,2013-03-31,43800000.0,587900000.0,71600000.0,0.17,167400000.0,0.2847423031,3878700000.0,1102700000.0,1333800000.0,1002800000.0,2744200000.0,186600000.0,625700000.0,2552656581.5131006,3469456581.5131006,4.27988584181743,1.3300757877941762,0.3119601928481192,1.0973066110456153,0.026591824333107295,4.27988584181743,0.039720685589915664,4.341991123512673,14.569957657038245,2.3149148286144015,0.2328767123287671,2.2534833869239015,0.003995837150155896,0.15157140278959444,1.0788791384124452,0.011292443344419522,28.237351565410407,0.28474230311277426,0.13333333333333347,-0.07801615727440818,0.5865536258630705,0.15017683073487714,0.10714285714285714,0.15873015873015872,0.14743589743589744,0.07624691284309162,0.47778342061197876,-0.050560019171146275,Aerospace & Defense,Industrials,CAE
2013Q3,2013,Q3,2012-12-31,2012-12-31,37800000.0,522100000.0,62400000.0,0.15,151200000.0,0.2895996935,3813600000.0,1074000000.0,1297500000.0,969400000.0,2710400000.0,180700000.0,602200000.0,2597756388.6736665,3563156388.6736665,4.144191262097745,1.3384567773880751,0.33312355779316133,1.1828677839851025,0.02128194428932676,4.144191262097745,0.03519553072625698,4.975591627415565,17.18092849651896,2.4187675872194285,0.23809523809523808,2.052573325954621,0.00346452809787723,0.13690476190476192,1.0857231277078605,0.009911894273127754,28.328859200367138,0.28959969354529785,0.07142857142857129,-0.06283315308851628,0.4829063095163485,0.21510548441848915,0.05,0.03561643835616438,-0.06726457399103139,-0.009952013541763055,0.3464000592536749,-0.09451968581727045,Aerospace & Defense,Industrials,CAE
2013Q2,2013,Q2,2012-09-30,2012-09-30,36500000.0,514400000.0,66900000.0,0.14,144000000.0,0.2799377916,3644900000.0,1005500000.0,1214500000.0,977300000.0,2617600000.0,162800000.0,563500000.0,2678212380.827282,3673012380.827282,3.886471554688576,1.242709505781234,0.33586655326620757,1.217503729487817,0.022396522112826646,3.886471554688576,0.036300348085529587,5.206478189788651,18.34392041662522,2.6635627855069934,0.26575342465753427,2.2751842751842752,0.003621818818193849,0.14112870037586764,0.7245472219379925,0.010013992153419847,-169.50711271058748,0.27993779160186627,0.7500000000000001,-0.08061920649124234,0.42420089856592,0.18644023745371008,-0.09490886235072282,0.7136150234741784,-0.14777070063694267,-0.07774636628182832,0.39424050398323357,-0.14650560238989604,Aerospace & Defense,Industrials,CAE
2013Q1,2013,Q1,2012-06-30,2012-06-30,21300000.0,480100000.0,78500000.0,0.08,159100000.0,0.3313892939,3695100000.0,1029400000.0,1252100000.0,1032000000.0,2644100000.0,161300000.0,564600000.0,2539913092.630628,3528813092.630628,3.9837369569524403,1.2132751937984496,0.33779870639495546,1.212551000582864,0.026806970300120987,3.9837369569524403,0.020691665047600543,5.290383446429136,29.81118653322334,2.4673723456679895,0.38497652582159625,1.9900805951642901,0.00322845691995986,0.12992882465968444,0.7309108527131783,0.005764390679548591,-18.485539247675604,0.33138929389710475,-0.6190476190476191,-0.4623979701677844,0.3088236251069389,0.22591498299766802,-0.06466784244562022,-0.599624060150376,-0.11499436302142052,-0.22600512861002642,0.23896864473917015,-0.14096047044439947,Aerospace & Defense,Industrials,CAE
2012Q4,2012,Q4,2012-03-31,2012-03-31,53200000.0,506700000.0,88700000.0,0.21,170100000.0,0.3357015986,3183700000.0,1021900000.0,1148100000.0,883400000.0,2141500000.0,153100000.0,558000000.0,2620181061.63,3154481061.63,3.9470838161452297,1.2996377631876839,0.25806451612903225,0.8039925628730795,0.03583599760300369,3.9470838161452297,0.05205988844309619,5.171069788099468,12.312880928712408,2.564028830247578,0.15789473684210525,2.1985630306988897,0.00320588531953376,0.1591544429437447,0.7824315146026715,0.016710117159280082,43.74258867495826,0.33570159857904086,0.16666666666666666,0.5180321457293235,0.4703131551594931,0.20519511783253913,0.11249182472204054,0.16666666666666666,0.14451612903225808,0.021010973709450598,0.1368987327896542,-0.1651218448797452,Aerospace & Defense,Industrials,CAE
2012Q3,2012,Q3,2011-12-31,2011-12-31,45600000.0,453100000.0,77500000.0,0.18,152900000.0,0.3374531009,3089900000.0,991800000.0,1090800000.0,852700000.0,2078300000.0,145300000.0,523100000.0,2535784697.681375,3129684697.681375,3.850597365749581,1.2792306790195849,0.2704294637366905,0.8425085702762654,0.03189396643195183,3.850597365749581,0.04597701149425287,5.59652327892601,13.902328386411048,2.5567500480755947,0.17543859649122806,2.0660701995870614,0.0031548419734983395,0.14663904980743714,0.7443415034595989,0.014757759150781579,226.40934800726563,0.33745310086073715,0.2,0.49740820331991603,0.334220153781501,0.21991495701937402,0.112,0.1875,0.21283255086071987,-0.15333757740566717,0.05605701813885194,-0.14606133385638864,Aerospace & Defense,Industrials,CAE
2012Q2,2012,Q2,2011-09-30,2011-09-30,38400000.0,433500000.0,63900000.0,0.15,137500000.0,0.3171856978,3082700000.0,973800000.0,1053700000.0,827000000.0,2089500000.0,142500000.0,508200000.0,2485245246.7535777,3104045246.7535777,3.7840300556593207,1.2741233373639662,0.27440230966360657,0.8686588621893613,0.02773421947775648,3.7840300556593207,0.039433148490449786,5.732976347759118,16.179982075218604,2.5521105429796442,0.21614583333333334,2.07719298245614,0.003339710642578277,0.14062347941739384,0.7446191051995164,0.012456612709637655,36.927863993366685,0.31718569780853517,-0.11764705882352951,0.21204619471159317,0.5078891403705749,0.3051969502160822,-0.01504297994269341,-0.10904872389791183,-0.1125,-0.2189931932819313,0.055770564583861974,-0.04801683566311701,Aerospace & Defense,Industrials,CAE
2012Q1,2012,Q1,2011-06-30,2011-06-30,43100000.0,427900000.0,72000000.0,0.17,139600000.0,0.3262444496,2809500000.0,943600000.0,1020100000.0,815200000.0,1847000000.0,144200000.0,482100000.0,3314965637.385878,3835465637.385878,3.67160074527892,1.2513493621197251,0.24965296316070476,0.7433234421364985,0.033344157053960675,3.67160074527892,0.04567613395506571,7.747056876339982,19.22833896395521,3.5131047450041097,0.20185614849187936,1.9993065187239945,0.002624461593774065,0.15230468054814023,0.7015456329735035,0.015340807972948923,-25.441025613091927,0.32624444963776583,-0.055555555555555455,0.2862716811693277,0.3836225079997613,0.3226628986038842,1.0115273775216138,-0.13279678068410464,0.022727272727272728,-0.0748995667769411,0.07984106680407127,-0.054684531304304146,Aerospace & Defense,Industrials,CAE
2011Q4,2011,Q4,2011-03-31,2011-03-31,49700000.0,464400000.0,70400000.0,0.18,69400000.0,0.1494401378,2857900000.0,1269400000.0,1022200000.0,762900000.0,1588500000.0,125100000.0,1050100000.0,3313925994.3999996,3512025994.3999996,4.912538699690402,1.3398872722506225,0.1660310017845271,0.3737986450291476,0.03205037660255089,4.912538699690402,0.03915235544351662,7.135930220499569,16.669647859154928,2.610623912399559,0.20321931589537223,3.1574740207833734,0.003047744583635051,0.16249693831134748,0.8198977585528903,0.017390391546240246,24.56579684507042,0.14944013781223084,0.12499999999999993,2.770183696095212,0.833881323938075,1.1103617362898623,0.07098765432098765,0.22113022113022113,0.08641975308641975,0.04312959877179137,0.24961487687181927,0.3201960055254598,Aerospace & Defense,Industrials,CAE
2011Q3,2011,Q3,2010-12-31,2010-12-31,40700000.0,411300000.0,64800000.0,0.16,64800000.0,0.1575492341,2693900000.0,1233600000.0,940700000.0,666500000.0,1460300000.0,134700000.0,1010700000.0,2959719638.4,3422019638.4,4.803738317757009,1.4114028507126781,0.24236237425294183,0.5292639429312581,0.02478754419701011,4.803738317757009,0.032992866407263295,7.196011763676149,18.180096058968058,2.399253922178988,0.24815724815724816,2.5723830734966593,0.0034124853817099976,0.15267827313560267,0.7524381095273819,0.015108207431604737,360.94141931707316,0.1575492341356674,0.0,1.2659789349992518,0.4487699850745508,0.8235404621067398,0.046849757673667204,0.0175,0.046849757673667204,0.018331076361752942,0.17893049231633548,0.4084892338350084,Aerospace & Defense,Industrials,CAE
2011Q2,2011,Q2,2010-09-30,2010-09-30,40000000.0,386600000.0,61900000.0,0.16,61900000.0,0.1601138127,2701700000.0,1235200000.0,933900000.0,707900000.0,1466500000.0,140700000.0,980200000.0,2698668563.6800003,3171568563.6800003,4.813717848791894,1.3192541319395394,0.2522485842247474,0.5517325129533679,0.023790121930139865,4.813717848791894,0.03238341968911917,6.9805187886187285,16.866678523000004,2.1848029174870467,0.2525,2.3077469793887704,0.0037425863019752534,0.14309508827775105,0.7224184206808871,0.01480549283784284,72.74039255202158,0.16011381272633213,0.06666666666666674,1.2772075185735448,0.3426878936599259,0.8625555336739344,-0.00482315112540193,0.015228426395939087,-0.00482315112540193,0.015856779160694057,0.07920034297662351,0.469504785302219,Aerospace & Defense,Industrials,CAE
2011Q1,2011,Q1,2010-06-30,2010-06-30,39400000.0,366700000.0,62200000.0,0.15,62200000.0,0.1696209436,2627900000.0,1191200000.0,904700000.0,699500000.0,1436700000.0,136700000.0,950500000.0,2369203290.0,2877903290.0,4.644054580896686,1.2933523945675482,0.26987328284942347,0.5953660174613835,0.02331935068014614,4.644054580896686,0.03307588985896575,6.460876165803109,15.033015799492386,1.9889214993284086,0.19289340101522842,2.2275054864667156,0.003207829413405888,0.13954107842764185,0.7026447462473195,0.014992960158301306,-35.57362297297297,0.16962094355058632,-0.06250000000000006,0.8373408631373216,0.3371886445980066,0.7519939747834515,-0.04160246533127889,-0.027160493827160494,-0.012698412698412698,0.0018060684448433294,0.007085793410233341,0.4291144606433841,Aerospace & Defense,Industrials,CAE
2010Q4,2010,Q4,2010-03-31,2010-03-31,40500000.0,395900000.0,63000000.0,0.16,64900000.0,0.1639302854,2621900000.0,1155800000.0,963000000.0,741600000.0,1466100000.0,126900000.0,918800000.0,2534247702.9599996,2913747702.9599996,4.50780031201248,1.2985436893203883,0.26408329837141004,0.5990655822806714,0.024009259302823428,4.50780031201248,0.03504066447482263,6.401231884213184,15.643504339259259,2.1926351470496623,0.18765432098765433,2.6083530338849488,0.0029989175845451907,0.15099736832068347,0.7749460625674218,0.015446813379610206,25.29189324311377,0.16393028542561253,0.06666666666666674,3.2584118613263238,0.47354275208016855,0.7343553682251809,0.0046439628482972135,0.07427055702917772,0.03789126853377265,0.16691275984698012,0.16000128417464057,0.3764032336934654,Aerospace & Defense,Industrials,CAE
2010Q3,2010,Q3,2009-12-31,2009-12-31,37700000.0,382900000.0,60700000.0,0.15,64600000.0,0.1687124576,2620000000.0,1171200000.0,951600000.0,767300000.0,1448800000.0,140800000.0,886000000.0,2215993175.4,2721093175.4,4.576787807737397,1.2401928841391894,0.2821374045801527,0.6311475409836066,0.022100721164246818,4.576787807737397,0.03218920765027322,5.787394033429094,14.694914956233422,1.8920706757172132,0.20159151193633953,2.260653409090909,0.0034296134502436607,0.14614503816793892,0.694513228202789,0.014389312977099236,-963.475293652174,0.1687124575607208,0.0,1.1052610513308037,0.4352705983989852,1.035776404411617,0.03691813804173355,-0.03580562659846547,-0.008169934640522876,0.246069954190783,0.1348658024289896,0.4499807098569196,Aerospace & Defense,Industrials,CAE
2010Q2,2010,Q2,2009-09-30,2009-09-30,39100000.0,364500000.0,61200000.0,0.15,62300000.0,0.1709190672,2615900000.0,1163900000.0,945300000.0,763500000.0,1452000000.0,128600000.0,856000000.0,2344642673.0400004,2602442673.0400004,4.55359937402191,1.23811394891945,0.19683474138919682,0.4423919580719993,0.026493964090122786,4.55359937402191,0.033593951370392644,6.4324901866666675,14.991321438874683,2.014470893581923,0.1918158567774936,2.349922239502333,0.0031987816677735816,0.13934018884513935,0.7237721021611002,0.014947054551014947,26.022671176914546,0.1709190672153635,0.3636363636363636,1.6968966133994468,0.49702449473983407,0.24386081587756053,-0.13831258644536654,0.4375,2.4,0.24256480680964657,0.2765334157974062,0.5706386915691933,Aerospace & Defense,Industrials,CAE
2010Q1,2010,Q1,2009-06-30,2009-06-30,27200000.0,383000000.0,18000000.0,0.11,72300000.0,0.188772846,2645500000.0,1184400000.0,912400000.0,746400000.0,1461100000.0,125300000.0,824500000.0,1754090009.3999999,2094790009.3999999,4.637431480031323,1.222400857449089,0.20173880173880174,0.4506079027355623,0.007401713006741818,4.637431480031323,0.022965214454576156,4.579869476240209,16.122150821691175,1.480994604356636,0.27941176470588236,2.479648842777334,0.00433273090848949,0.14477414477414477,0.6820739549839229,0.010281610281610282,-33.79749536416185,0.18877284595300262,-0.47619047619047616,0.08120317554675678,0.4088074748602816,0.20515633512244383,-0.07426088406395426,-0.4697875801405351,-0.7695255313022292,-0.1831620023611966,0.24619411405331765,0.6705951951181359,Aerospace & Defense,Industrials,CAE
2009Q4,2009,Q4,2009-03-31,2009-03-31,51300194.0,438800291.0,78099757.0,0.21,78099757.0,0.1779847429,2676100000.0,1205100000.0,899900000.0,890700000.0,1471000000.0,334200000.0,813300000.0,5671285394.0,5956385394.0,4.727736367202825,1.0103289547546874,0.17947759799708532,0.3985561364202141,0.03256411266742201,4.727736367202825,0.04256924238652394,12.924525143489479,27.637738533698332,4.706070362625508,0.14815232472610143,1.079295433871933,0.0013401270562121178,0.16397006501999178,0.5940271696418548,0.01916975972497291,119.3940165744913,0.17798474294995398,0.0,3.2261821391351093,0.7272129330019198,0.5452105721256728,-0.0076373786424729345,-0.03752244881280438,-0.007637391251776697,2.9450072311896527,0.7565826846617872,1.0309730952836391,Aerospace & Defense,Industrials,CAE
2009Q3,2009,Q3,2008-12-31,2008-12-31,53300146.0,424600534.0,78700826.0,0.21,78700825.0,0.1853526284,2659600534.0,1149400194.0,950599806.0,921499514.0,1510200340.0,353999514.0,769700097.0,9254596692.599998,9520496400.599998,4.509220062769714,1.0315792808980255,0.17434934497572935,0.40342746888382724,0.03557379729558523,4.509220062769714,0.04637213938037668,21.796008133612,43.407933125549036,8.05167490044812,0.13883661782089676,0.9771191635025804,0.0007996039423216649,0.15964823610612194,0.6105261635547645,0.020040658481835002,3560.2873485225023,0.18535262840719838,0.1052631578947368,1.4085574248690667,0.3466972148048329,0.222528246701788,0.042390628839594706,0.09445359133181988,0.042390642084571856,1.9896134700375034,0.5067682152374721,0.7117387944736092,Aerospace & Defense,Industrials,CAE
2009Q2,2009,Q2,2008-09-30,2008-09-30,48700234.0,406700021.0,75500319.0,0.19,75500319.0,0.185641296,2326099638.0,1013199915.0,812699595.0,781700021.0,1312899723.0,334299553.0,724000426.0,11874050797.699999,12130550691.699999,3.9748917810906237,1.0396566114458374,0.17466997516466662,0.4010065140994411,0.03699721644356033,3.9748917810906237,0.04806576992261197,29.196090938239706,60.95479334709151,11.719356290806637,0.15400774049668836,0.9907273253219098,0.0006316473735696659,0.17484204646955023,0.5653065589466064,0.02093643505394845,1349.2364072399391,0.18564129604507693,0.05555555555555561,1.78361071223568,0.4263183669117355,-0.024675755261706143,0.05891625246268868,0.056400954253025944,0.07093114374466443,1.791004149942325,0.4219169616540208,0.537991406057054,Aerospace & Defense,Industrials,CAE
2009Q1,2009,Q1,2008-06-30,2008-06-30,46100142.0,392099532.0,70499695.0,0.18,71299613.0,0.181840597,2244399552.0,987699980.0,744500305.0,730000000.0,1256699573.0,276999796.0,683000204.0,10969682136.800001,11224182441.800001,3.8839952025167124,1.0198634315068493,0.17920173110068416,0.40720896339392454,0.0355816507804058,3.8839952025167124,0.04667423603673658,27.976779469351676,59.48833160210223,11.106289722512702,0.15400238897311858,1.1581233041774515,0.0006471957811961747,0.17470130558999505,0.5861650246575343,0.020540078061822745,-163.4812551730202,0.18184059704514005,0.0,2.0172427471785737,0.3946081253765502,0.19662548354158016,0.022931009657611513,-0.01914046799281162,0.011469569347249091,1.1683869484224625,0.44217878673856337,0.4652575835108372,Aerospace & Defense,Industrials,CAE
2008Q4,2008,Q4,2008-03-31,2008-03-31,46999739.0,366600751.0,69700263.0,0.18,69701292.0,0.1901286121,2253200288.0,948500154.0,826399547.0,736100195.0,1304700134.0,229900216.0,644499537.0,12887117710.700003,13011217083.700003,3.7210676892899177,1.1226726369770899,0.16855998378072282,0.4004210251293222,0.037942204711382245,3.7210676892899177,0.04955164087406147,35.15300412109631,68.54887912622239,13.586837763128083,0.05107458149927173,1.2914274904378515,0.0001862706660936994,0.16270224753317625,0.7467728221427791,0.02085910393776765,156.01878221255402,0.19012861214787855,0.12499999999999993,0.03775330502278443,0.011174826947565239,0.08874244478816395,0.12967567661132362,0.1898533452039163,0.1296589992121266,3.9709142470633503,0.3725202937293965,0.4316636221110787,Aerospace & Defense,Industrials,CAE
2008Q3,2008,Q3,2007-12-31,2007-12-31,39500447.0,344799881.0,61700268.0,0.16,61700268.0,0.1789451546,2070400238.0,865600358.0,757500248.0,618200417.0,1204799881.0,212199821.0,611400338.0,11763248284.800001,11950447609.800001,3.410560906225374,1.225331182524906,0.1874997002391187,0.44847419529371313,0.03468097900133794,3.410560906225374,0.04563358440755173,34.11616109229458,74.45009600017944,13.589698959898076,0.06328563826125816,1.3341180575265423,0.0002125102641274822,0.16653779045788536,0.8176960660316086,0.019078652656144064,294.81568142713945,0.17894515456633814,0.06666666666666674,0.08402332375746084,0.02674874880498068,-0.011652897118548267,-0.00644914760711885,0.015437482792385488,-0.00644914760711885,1.1112005746532583,0.3031493671098623,0.517033279752325,Aerospace & Defense,Industrials,CAE
2008Q2,2008,Q2,2007-09-30,2007-09-30,38899930.0,353900427.0,62100765.0,0.15,62100765.0,0.1754752474,2005899831.0,830400477.0,661700288.0,596999901.0,1175499354.0,197700487.0,574400278.0,16950018676.5,17168619491.5,3.2757415266272187,1.1083758755933193,0.1809166740988673,0.43701892767578454,0.035794992035290046,3.2757415266272187,0.046844782821578265,47.894880546442515,108.9334780069013,20.411860476929856,0.06428170950436157,1.4759683520658196,0.0001475251471826896,0.176429760614502,0.7331651031546821,0.01939275800258044,344.50785524808055,0.1754752474486277,0.0,0.44494580457288946,0.2140106473508808,0.0033473278542674907,0.07070284482758621,0.0051578644610138745,0.07070284482758621,1.7053237559787882,0.46553213673927757,-0.10519872451674901,Aerospace & Defense,Industrials,CAE
2008Q1,2008,Q1,2007-06-30,2007-06-30,38700319.0,358299681.0,58000000.0,0.15,58000000.0,0.1618756674,1998600425.0,820199787.0,687099894.0,596299681.0,1178400638.0,214299681.0,538099894.0,21075243512.0,21296243512.0,3.2496029595879556,1.1522727847979513,0.17812464940309417,0.43404059064940964,0.03444633967305664,3.2496029595879556,0.047184014935619585,58.820157062880554,136.14386170822004,25.695256016934323,0.062004010871331575,1.4013071769341552,0.00011385752191350528,0.1792752951105772,0.7477785419107075,0.01936370998219917,-210.12051029252584,0.1618756674248895,0.07142857142857129,-0.10092318385918428,0.1287621608400707,0.06906462587146864,-0.05536096172332389,0.12826033573427292,-0.055360977108546275,0.5566267729028492,0.3336161224041476,-0.1555067475943353,Aerospace & Defense,Industrials,CAE
2007Q4,2007,Q4,2007-03-31,2007-03-31,34300877.0,337299441.0,61399115.0,0.14,61399114.0,0.1820314727,1956200415.0,829899677.0,625699954.0,620800277.0,1126300738.0,203799585.0,510199493.0,17514877245.600002,17647877706.600002,3.275057920284136,1.0078925174190927,0.14477041913928845,0.34124601063075244,0.03887767987781786,3.275057920284136,0.04133135359685168,51.92679001682663,127.6561911638586,21.10481270328293,0.0729100891501987,1.353782575170602,0.00014278604211332728,0.17242580995976325,0.6357906828060259,0.017534439077398926,363.3795427605595,0.18203147274116,0.16666666666666682,-0.20393679176329416,-0.1705418874979003,0.15222614306511703,0.38913047186728117,0.1549334211374551,0.3891304944918825,1.8424815331421969,0.3355428317410209,0.07041800339241686,Aerospace & Defense,Industrials,CAE
2007Q3,2007,Q3,2006-12-31,2006-12-31,29699441.0,331199907.0,44199674.0,0.12,44199674.0,0.1334531595,1919500233.0,792899581.0,626199907.0,614000466.0,1126600652.0,85100186.0,478400513.0,,,,,,,,,,,,,,,,,,,,,,,,,,,,,,,Aerospace & Defense,Industrials,CAE
2007Q2,2007,Q2,2006-09-30,2006-09-30,30900861.0,280400134.0,46599978.0,0.12,46599978.0,0.1661909976,1842900414.0,727699788.0,654000224.0,595399575.0,1115200626.0,99399799.0,454299765.0,,,,,,,,,,,,,,,,,,,,,,,,,,,,,,,Aerospace & Defense,Industrials,CAE
2007Q1,2007,Q1,2006-06-30,2006-06-30,32699387.0,301800335.0,47500279.0,0.13,52200781.0,0.1729646225,1739399888.0,696199665.0,555299498.0,560799777.0,1043200223.0,86900167.0,425899610.0,,,,,,,,,,,,,,,,,,,,,,,,,,,,,,,Aerospace & Defense,Industrials,CAE
