Quarters,Year,Quarter,FillingDate,Date,NetIncome,Revenue,OperatingIncome,EPSDiluted,GrossProfit,GrossProfitRatio,TotalAssets,CommonStockEquity,CurrentAssets,CurrentLiability,TotalLiability,Inventory,RetainedEarnings,MarketCap,EnterpriseValue,bookValuePerShare,currentRatio,debtToAssets,debtToEquity,roic,shareholdersEquityPerShare,roe,priceToSalesRatio,peRatio,pbRatio,payoutRatio,inventoryTurnover,dividendYield,assetTurnover,quickRatio,returnOnAssets,priceToFreeCashFlowsRatio,grossProfitMargin,epsdilutedGrowth,fiveYNetIncomeGrowthPerShare,fiveYRevenueGrowthPerShare,fiveYShareholdersEquityGrowthPerShare,grossProfitGrowth,netIncomeGrowth,operatingIncomeGrowth,threeYNetIncomeGrowthPerShare,threeYRevenueGrowthPerShare,threeYShareholdersEquityGrowthPerShare,Industry,Sector,Symbol
2023Q1,2023,Q1,2023-05-11,2023-03-31,11718000.0,42866000.0,10845000.0,0.46,42866000.0,1.0,1249739000.0,218510000.0,60254000.0,212761000.0,1031701000.0,0.0,7047000.0,314995200.0,896989200.0,8.87927181112601,0.28320039856928664,0.5653492449223397,3.2334401171571097,0.019844446136488118,8.87927181112601,0.05362683630039815,7.348369337003686,6.720327700972863,1.4415596540204112,0.0,0.0,0.0,0.034299961832030525,0.9347953807323711,0.009376357783505197,-2.7032645635233945,1.0,6.054945054945056,0.08564021172799377,0.8925058466015127,-0.4119634902647757,0.8130524891088271,6.273627362736273,-0.1644838212634823,2.3614720188171514,33.19533931363893,-0.4106913132058592,Asset Management,Financial Services,NEWT
2022Q4,2022,Q4,2023-03-16,2022-12-31,-2222000.0,23643000.0,12980000.0,-0.091,23643000.0,1.0,998902000.0,375358000.0,72863000.0,387457000.0,623544000.0,0.0,20623000.0,396906250.0,890513250.0,15.36777891504606,0.18805441636104137,0.9155482720026589,2.436455330644345,-0.005464017004807755,15.36777891504606,-0.00591968201024089,16.787474093812122,-44.65641876687668,1.0574071952642543,-7.301980198019802,0.0,0.0408786709707897,0.02366898854942727,0.19150770279024512,-0.002224442437796701,6.089854238588416,1.0,-1.1936170212765957,-1.0931429295406394,-0.38300051304062926,0.0211910042926783,0.8177135388636888,-1.1955641612392185,0.04357613764270783,-1.1480952109685334,-0.23811885605141106,-0.01095194323169085,Asset Management,Financial Services,NEWT
2022Q3,2022,Q3,2022-11-08,2022-09-30,11362000.0,13007000.0,12438000.0,0.47,13007000.0,1.0,1006535000.0,391799000.0,79936000.0,11840000.0,614736000.0,0.0,20611000.0,396559680.0,942683680.0,16.124079180213176,6.751351351351351,0.5498854982688133,1.4126605734062618,0.013022785848895747,16.124079180213176,0.02899956355171912,30.488174060121473,8.725569441999648,1.0121508222328286,1.348706213694772,0.0,0.03864235516833179,0.012922551128376062,6.751351351351351,0.011288231407750352,-6.352781506816398,1.0,-0.16071428571428584,0.012352153568937908,-0.32730091248363363,0.10308503757408809,5.366617719040627,-0.1595532213921148,-0.32625534911434917,-0.15475747615677196,-0.48652796937989573,0.034301003753566074,Asset Management,Financial Services,NEWT
2022Q2,2022,Q2,2022-08-08,2022-06-30,13519000.0,2043000.0,18461000.0,0.56,2043000.0,1.0,1026297000.0,394532000.0,83727000.0,14976000.0,631765000.0,0.0,25118000.0,457292010.0,973218010.0,16.331994866912282,5.5907451923076925,0.5067646110239044,1.3182479494692445,0.021599871914573212,16.331994866912282,0.03426591505885454,223.83358296622615,8.45646885864339,1.1590745744324922,1.3044603890820328,0.0,0.038563980157886424,0.001990651828856559,5.5907451923076925,0.013172600134269125,-6.381501416430595,1.0,0.4000000000000001,0.4006919680844422,-0.8862958551536959,0.13200896311837068,0.16543069024529378,0.4006423539162868,0.20952630544453907,0.23256770025284867,-0.9141617522234814,0.06409166425077881,Asset Management,Financial Services,NEWT
2022Q1,2022,Q1,2022-05-09,2022-03-31,9652000.0,1753000.0,15263000.0,0.4,1753000.0,1.0,1009312000.0,398480000.0,26448000.0,11900000.0,610832000.0,0.0,29698000.0,644965200.0,1107269200.0,16.496108627256167,2.2225210084033615,0.4629044339114169,1.1724929732985345,0.016061693984217102,16.496108627256167,0.024222043766311985,367.92082144894465,16.70548072938251,1.6185635414575388,1.591380024865313,0.0,0.02381523840356038,0.0017368266700485083,2.2225210084033615,0.009562949811356646,99.5623958011732,1.0,-0.550561797752809,0.10876465911951726,-0.8939416872398986,0.09697743030774696,-0.9503497889936839,-0.5181228157763355,-0.3779091094355003,-0.16404067531466396,-0.9195515700469021,0.07352435307407701,Asset Management,Financial Services,NEWT
2021Q4,2021,Q4,2022-03-01,2021-12-31,20030000.0,35307000.0,24535000.0,0.89,35307000.0,1.0,1056561000.0,403887000.0,51329000.0,10935000.0,652674000.0,0.0,35741000.0,622807830.0,1101518830.0,17.917882968812386,4.694010059442158,0.4553527907995847,1.1911945667971486,0.0288661490372129,17.917882968812386,0.04959307925236514,17.639783329084885,7.773437718422366,1.5420348513321795,1.187768347478782,0.0,0.0381995839711906,0.033416906359405654,4.694010059442158,0.01895773173531864,-57.79046395100677,1.0,0.20270270270270274,1.3148326899223421,1.4923701193442998,0.4039077002594685,0.0,0.2056097267364873,0.0,1.2333186907818714,0.7178547161070252,0.18455193186989424,Asset Management,Financial Services,NEWT
2021Q3,2021,Q3,2021-11-12,2021-09-30,16614000.0,31061000.0,0.0,0.74,0.0,0.0,1043307000.0,366020000.0,0.0,0.0,677287000.0,0.0,39215000.0,625061930.0,1107597930.0,16.237966372388094,0.0,0.4818610437771433,1.3735014480083056,0.0,16.237966372388094,0.04539096224250041,20.123689836128907,9.405650806548694,1.707726162504781,1.1974840495967256,0.0,0.03182884614329335,0.02977167794330911,0.0,0.015924363586173582,21.267120206866046,0.0,-0.038961038961038995,0.06858570774353455,0.2804242842772173,0.1354064836600556,0.0,-0.043743524807183146,0.0,0.11838150481345111,0.23009894769741834,0.05970641428492675,Asset Management,Financial Services,NEWT
2021Q2,2021,Q2,2021-08-13,2021-06-30,17374000.0,30390000.0,0.0,0.77,0.0,0.0,947330000.0,369002000.0,0.0,0.0,578328000.0,0.0,42776000.0,786538080.0,1225125080.0,16.382614100515006,0.0,0.4828148586025989,1.2395190269971437,0.0,16.382614100515006,0.04708375564360085,25.881476801579467,11.31774605732704,2.131527959198053,0.8882237826637505,0.0,0.019620156216721252,0.03207963434072604,0.0,0.018339966009732617,9.032569420519534,0.0,-0.42962962962962964,1.0792985372564623,0.7129724085996854,0.1604899269647886,0.0,-0.42325056433408575,0.0,0.8906851310081679,0.6381910644029317,0.08412651054846358,Asset Management,Financial Services,NEWT
2021Q1,2021,Q1,2021-05-13,2021-03-31,30124000.0,43549000.0,0.0,1.35,0.0,0.0,903569000.0,366851000.0,0.0,0.0,536718000.0,0.0,41146000.0,596397900.0,1059159900.0,16.423467788870482,0.0,0.5162616247348016,1.2715734726087704,0.0,16.423467788870482,0.08211508214506708,13.694870146272015,4.949524465542424,1.6257224322681416,0.3660204488115788,0.0,0.01848765731737151,0.04819665127953703,0.0,0.03333890383578897,16.92821378899265,0.0,0.8040862656072645,2.4916214177754763,1.6696164747921827,0.16944324333645044,0.0,0.8996090301425148,0.0,2.074780997273343,1.1182225114924018,0.08765660988269351,Asset Management,Financial Services,NEWT
2020Q4,2020,Q4,2021-03-29,2020-12-31,15858000.0,26392000.0,0.0,0.7483012457531144,0.0,0.0,840979000.0,339353000.0,0.0,0.0,501626000.0,0.0,22285000.0,417270480.0,875676480.0,16.0132597206493,0.0,0.5475511279116363,1.3569321620849086,0.0,16.0132597206493,0.046730101104159975,15.810491057896332,6.578233068482785,1.2296059855077162,0.6396771345693025,0.0,0.024310370577856358,0.03138247209502259,0.0,0.018856594516628834,-7.129294537750517,0.0,38.41506228765572,-0.32598070681450597,-0.10491134019978499,0.13918864660724362,0.0,36.00662251655629,0.0,-0.2338445781552341,-0.20618893126016927,0.06408329183595247,Asset Management,Financial Services,NEWT
2020Q3,2020,Q3,2020-11-12,2020-09-30,-453000.0,7715000.0,0.0,-0.02,0.0,0.0,751966000.0,324391000.0,0.0,0.0,427575000.0,0.0,16336000.0,393535440.0,783401440.0,15.30723858059645,0.0,0.526396140251022,1.2202311408146342,0.0,15.30723858059645,-0.0013964629104999831,51.00913026571614,-217.18291390728476,1.2131515362633365,-52.00220750551876,0.0,0.059859920112912836,0.010259772383325842,0.0,-0.0006024208541343624,72.10249908391353,0.0,-1.0163934426229508,-1.0464429299891949,-0.5463413752888246,-0.09610612949703726,0.0,-1.0177877252915537,0.0,-1.046279801110237,-0.5424947474738432,0.04720310884813754,Asset Management,Financial Services,NEWT
2020Q2,2020,Q2,2020-08-10,2020-06-30,25467000.0,36306000.0,0.0,1.22,0.0,0.0,766057000.0,327446000.0,0.0,0.0,438611000.0,0.0,29192000.0,380670460.0,761179460.0,15.672521897286172,0.0,0.514183670405727,1.2029281163917105,0.0,15.672521897286172,0.07777465597380942,10.485056464496227,3.7368993206895196,1.1625442363015581,0.0,0.0,0.0,0.04739334018225798,0.0,0.03324426250265972,9.198271354355443,0.0,4.485714285714286,1.5513430143125053,1.1911391719260591,-0.05700986603486138,0.0,4.511236729629119,0.0,2.050830318072935,1.3362995643479942,0.0862993410768237,Asset Management,Financial Services,NEWT
2020Q1,2020,Q1,2020-05-11,2020-03-31,-7253000.0,-1122000.0,0.0,-0.35,0.0,0.0,791477000.0,312465000.0,0.0,0.0,479012000.0,0.0,15471000.0,273948980.0,689421980.0,15.06726781753303,0.0,0.5717740376536526,1.4483094106539933,0.0,15.06726781753303,-0.023212199766373835,-244.16130124777183,-9.44260926513167,0.8767349303121951,-1.2245967185992004,0.0,0.03242209553034291,-0.0014176027856779162,0.0,-0.00916387968317462,9.305648289683752,0.0,-1.5698594645520922,-1.3568421131486768,-1.042115865821862,-0.09311692588288868,-1.0,-1.569353952429547,-1.0,-1.9705052515432573,-1.0790703762648028,0.001960711202300818,Asset Management,Financial Services,NEWT
2019Q4,2019,Q4,2020-03-16,2019-12-31,12739000.0,26348000.0,85000.0,0.6141865175040988,22702000.0,0.8616213754364658,797411000.0,322226000.0,87352000.0,14837000.0,475185000.0,0.0,31852000.0,469715700.0,909778700.0,15.53794965763333,5.887443553278965,0.5540743731902369,1.371164958755656,9.258684290502846e-05,15.53794965763333,0.039534364079869405,17.827375891908304,9.218064604757044,1.45772128878489,1.101656330952194,0.0,0.02987764726620805,0.03304193195228057,3.7680798004987532,0.01597545055184842,-10.852198322667098,0.8616213754364658,0.11670275909836138,4.710942258074318,-0.49156226004534315,-0.17650304666366629,0.3793899623283509,0.19761210867725862,-0.9835780525502318,0.600222247470317,1.0216486586676576,0.21743440386145388,Asset Management,Financial Services,NEWT
2019Q3,2019,Q3,2019-11-12,2019-09-30,10637000.0,20045000.0,5176000.0,0.55,16458000.0,0.8210526315789474,730759000.0,299752000.0,66153000.0,18483000.0,431007000.0,0.0,33287000.0,434168239.99999994,833063240.0,15.589348866236739,3.57912676513553,0.5507848688829012,1.3427466705810136,0.007246809154694992,15.589348866236739,0.03548600176145614,21.65967772511848,10.204198552223371,1.4484248311937866,1.024631004982608,0.0,0.025103171986969843,0.027430384025376356,2.272466590921387,0.014556098522221417,-22.878655214206667,0.8210526315789474,0.2222222222222223,0.561482195342332,-0.7961509260875986,0.4241004527605365,0.07239199843617646,0.22574325881539525,1.2044293015332197,-0.19796489100805026,-0.03131272480000593,0.09005323529073056,Asset Management,Financial Services,NEWT
2019Q2,2019,Q2,2019-08-09,2019-06-30,8678000.0,18831000.0,2348000.0,0.45,15347000.0,0.8149859274600393,701894000.0,293352000.0,81782000.0,18029000.0,408542000.0,0.0,33926000.0,435203010.0,812126010.0,15.34829697064825,4.53613622497088,0.5421160460126457,1.2971038206659575,0.002985793274038223,15.34829697064825,0.029582208404919687,23.11098773299347,12.537537739110395,1.483552217131637,0.9774141507259737,0.0,0.01948975490771537,0.026828837402798712,3.0888013755615953,0.01236369024382599,-45.56622447911214,0.8149859274600393,-0.062499999999999944,1.3145439855886922,-0.8163724140340861,0.38109795791952317,0.13228567212630957,-0.04458879224925685,-0.4569842738205365,0.22392085647771284,0.2508628945715111,0.08722233956188631,Asset Management,Financial Services,NEWT
2019Q1,2019,Q1,2019-05-03,2019-03-31,9083000.0,17142000.0,4324000.0,0.48,13554000.0,0.7906895344767239,681734000.0,292006000.0,78696000.0,17539000.0,389728000.0,0.0,34027000.0,374929190.0,735323190.0,15.3663105825396,4.486914875420491,0.5331654281581966,1.2447586693424109,0.006891334278022318,15.3663105825396,0.031105525228933652,21.871963014817407,10.31953071672355,1.2839776922392006,0.8096443906198393,0.0,0.019614370382844824,0.02514470453285299,2.96721591880951,0.013323378326444039,-21.7073407827698,0.7906895344767239,0.20638010845126298,1.4350376400139326,-0.8228609930183851,0.4161658340543699,0.14825482887156896,0.20129612485121015,0.5537190082644629,0.23750368240816103,0.2351930901534352,0.09416770664828099,Asset Management,Financial Services,NEWT
2018Q4,2018,Q4,2019-03-18,2018-12-31,7561000.0,17327000.0,2783000.0,0.3978845445455981,11804000.0,0.6812489178738386,653341000.0,287445000.0,77208000.0,14890000.0,365896000.0,0.0,32568000.0,331412320.0,662943320.0,15.126295848023997,5.185224983210208,0.5109843098779964,1.1614291429664805,0.0041197611203072195,15.126295848023997,0.02630416253544156,19.12693022450511,10.95795265176564,1.152959070430865,1.1969316228012168,0.0,0.027307373485692985,0.026520607156140515,3.235325721961048,0.011572823380133804,-13.641173904095492,0.6812489178738386,-0.3971446294763666,0.1643809347505894,-0.34718314227545033,0.4182709225523031,-0.24241062832937552,-0.38945413436692505,0.2502246181491464,-0.6416124374961458,-0.3446596560750885,0.07608974037127014,Asset Management,Financial Services,NEWT
2018Q3,2018,Q3,2018-11-09,2018-09-30,12384000.0,21050000.0,2226000.0,0.66,15581000.0,0.7401900237529692,622461000.0,287936000.0,74444000.0,28642000.0,334525000.0,0.0,-6842000.0,391040710.0,685696710.0,15.323080197967112,2.5991201731722646,0.4776234976970445,1.0325280617915091,0.0036719320392198437,15.323080197967112,0.04300955767948433,18.576755819477434,7.894071180555555,1.3580820390642363,0.689922480620155,0.0,0.02184938749727618,0.033817379723388295,1.6383632427903079,0.01989522235127984,-10.525428240740741,0.7401900237529692,0.6097560975609758,1.558084844217567,-0.7724258969517233,0.4881546295094702,0.5316032635407452,0.6249835979530245,0.11803114013058764,0.43187268619239605,0.3959420649776578,-0.09517068050897844,Asset Management,Financial Services,NEWT
2018Q2,2018,Q2,2018-08-08,2018-06-30,7621000.0,15385000.0,1991000.0,0.41,10173000.0,0.6612284692882678,561813000.0,282280000.0,42389000.0,20447000.0,279533000.0,0.0,-5397000.0,371918800.0,619293800.0,15.11134903640257,2.073115860517435,0.44667887713527454,0.8890109111520477,0.0039007071842239345,15.11134903640257,0.02699801615417316,24.174117647058825,12.200459257315313,1.3175527844693211,1.0020994620128592,0.0,0.020534052056524164,0.027384556783128906,0.8650657798210006,0.013565011845578512,46.17241464928616,0.6612284692882678,-0.06818181818181825,0.5629351707830842,-0.8429690313725239,0.5078016120906985,-0.16237134623301772,-0.060527613412228794,0.3194168323392976,-0.14606078717943755,0.038515523434759315,-0.09077472370935342,Asset Management,Financial Services,NEWT
2018Q1,2018,Q1,2018-05-09,2018-03-31,8112000.0,17023000.0,1509000.0,0.44,12145000.0,0.713446513540504,559899000.0,279272000.0,57666000.0,21333000.0,280627000.0,0.0,4602000.0,334204650.0,582430650.0,15.099864828331981,2.703135986499789,0.4479950848277993,0.8981637973015555,0.0027454179414935485,15.099864828331981,0.029046950643100634,19.63253539329143,10.299699519230769,1.1966994542954539,0.8878205128205128,0.0,0.021549670239477518,0.03040369780978355,1.6273379271551118,0.014488327359041542,-15.989888043634275,0.713446513540504,-0.5495017714791851,1.1276572850826336,-0.8101275079285087,0.5498347235677835,-0.49670548257428204,-0.5509300265721878,1.981144343302991,-0.5524939598412446,-0.28352422632803453,-0.09115494593281563,Asset Management,Financial Services,NEWT
2017Q4,2017,Q4,2018-03-16,2017-12-31,18064000.0,29016000.0,-1538000.0,0.9766964044336307,24131000.0,0.8316446098704163,519611000.0,278329000.0,31341000.0,9821000.0,241282000.0,0.0,14792000.0,341972550.0,558138550.0,15.048878075155448,3.191222889726097,0.42075706634386106,0.7855092354731271,-0.0026636591130522465,15.048878075155448,0.06490160924661102,11.78565446650124,4.732791048494242,1.228663021100927,0.40755093002657217,0.0,0.021528043698244202,0.05584177394243001,1.35088076570614,0.034764468034741376,45.28238215042373,0.8316446098704163,1.1232530531165883,3.2054695334634618,-0.01885498874233871,0.584874439377898,1.640442061494693,1.2364739383434444,-2.470363288718929,6.900316635003167,-0.37217269198669967,-0.20242338795760637,Asset Management,Financial Services,NEWT
2017Q3,2017,Q3,2017-11-07,2017-09-30,8077000.0,13915000.0,1046000.0,0.46,9139000.0,0.6567732662594322,506327000.0,255612000.0,58082000.0,16470000.0,250715000.0,0.0,-3069000.0,311618340.0,602854340.0,14.617258534911649,3.5265330904675167,0.5829256587146251,1.1546836611739668,0.001981362064068173,14.617258534911649,0.03159867298874857,22.394418972332016,9.64523771202179,1.219106849443688,0.961867029837811,0.0,0.024931138520280928,0.027482239738350907,1.9113539769277474,0.01595214160019118,-14.530371164785974,0.6567732662594322,0.15,1.2090198681753652,-0.8325671834653544,0.5747065767766607,0.15376846357783108,0.1655122655122655,0.11632870864461047,0.3037273117605324,-0.8444017542698363,0.335299163313328,Asset Management,Financial Services,NEWT
2017Q2,2017,Q2,2017-08-07,2017-06-30,6930000.0,12901000.0,937000.0,0.4,7921000.0,0.6139834121385939,474895000.0,250244000.0,54339000.0,15348000.0,224651000.0,0.0,-1877000.0,282550050.0,482728050.0,14.42744306716633,3.540461297888976,0.4289958833005191,0.8141174213967168,0.002402342518532667,14.42744306716633,0.02769297165966017,21.901406867684674,10.193003246753246,1.1290982001566472,0.997979797979798,0.0,0.02447707937053984,0.02716600511692058,2.003192598384154,0.014592699438823319,-10.631774909692956,0.6139834121385939,0.11111111111111122,1.3280181292911355,-0.8347557263104908,0.6810607043862172,0.20765360573258118,0.17378048780487804,1.1490825688073394,1.036730574926186,-0.8613747085117062,0.29823603206069704,Asset Management,Financial Services,NEWT
2017Q1,2017,Q1,2017-05-08,2017-03-31,5904000.0,11210000.0,436000.0,0.36,6559000.0,0.5851025869759143,443311000.0,246364000.0,57229000.0,15885000.0,196947000.0,0.0,-198000.0,278183340.0,446699340.0,15.037783067814198,3.6027069562480327,0.39365366525982887,0.7083461869428975,0.0009453125595320341,15.037783067814198,0.023964540273741293,24.81564139161463,11.779443597560975,1.1291558019840562,1.0418360433604337,0.0,0.022111316946586378,0.02528698814150788,1.7794145420207743,0.013317964138043044,-9.773850748366243,0.5851025869759143,-0.062191127365240885,0.9790952463733981,-0.8406610511888621,0.7602749517702122,0.15070175438596492,-0.061217999681984415,-0.5467775467775468,0.8359102667881828,-0.865634719012023,0.3858885961056876,Asset Management,Financial Services,NEWT
2016Q4,2016,Q4,2017-03-13,2016-12-31,6289000.0,10296000.0,962000.0,0.38387352743697734,5700000.0,0.5536130536130536,401450000.0,209094000.0,29081000.0,9462000.0,192356000.0,0.0,8092000.0,260489700.0,432321700.0,12.76286394433254,3.0734517015430143,0.43313737700834476,0.8316020545783236,0.002273652894394591,12.76286394433254,0.030077381464795737,25.300087412587413,10.354972968675465,1.2458018881460013,0.8160279853712832,0.0,0.019701354794450607,0.02564702951799726,0.870429084760093,0.015665711794744054,21.608436333471587,0.5536130536130536,-0.4436615544391632,0.12903978657934503,-0.05697871666438025,0.5371917550255129,-0.525,-0.373605577689243,3.4537037037037037,0.12337868567762324,-0.5500489637986353,0.1966709498877522,Asset Management,Financial Services,NEWT
2016Q3,2016,Q3,2016-11-07,2016-09-30,10040000.0,15665000.0,216000.0,0.69,12000000.0,0.7660389403127993,404849000.0,208172000.0,52041000.0,13832000.0,196677000.0,0.0,-3150000.0,207568560.0,382368560.0,14.301456444078044,3.7623626373626373,0.4384795318748472,0.8527467670964395,0.00046592260732958584,14.301456444078044,0.0482293488077167,13.250466645387807,5.16853984063745,0.9971012432027362,0.6203187250996016,0.0,0.030004544040773806,0.038693438788288965,1.9707923655292077,0.024799369641520665,-7.372351624933405,0.7660389403127993,0.8648648648648647,4.598888305978166,-0.7492438989984862,0.8370466403765201,0.543011444001543,0.8689501116902457,1.1025641025641026,1.6772908871837147,-0.7813703878313345,0.38893605861348535,Asset Management,Financial Services,NEWT
2016Q2,2016,Q2,2016-08-09,2016-06-30,5372000.0,11406000.0,-2106000.0,0.37,7777000.0,0.6818341223917237,376682000.0,204428000.0,46110000.0,12951000.0,172254000.0,0.0,-1024000.0,184198320.0,336982320.0,14.116980871486776,3.5603428306694465,0.4141557069358239,0.7631293169233178,-0.005058573194820583,14.116980871486776,0.026278200637877395,16.14924776433456,8.572148175725987,0.9010425186373687,0.9434102755026061,0.0,0.02751382314453248,0.030280183284574255,2.0164466064396573,0.01426136635145826,-47.181946721311476,0.6818341223917237,-0.05128205128205133,10.233117527304191,-0.8259278081838275,0.8472324191464433,0.07239382239382239,-0.04139900071377588,-20.5,0.4211611440982871,-0.8498243589046703,0.40858413531480425,Asset Management,Financial Services,NEWT
2016Q1,2016,Q1,2016-05-10,2016-03-31,5604000.0,10596000.0,108000.0,0.39,7252000.0,0.6844092110230275,350266000.0,203762000.0,48695000.0,8971000.0,146504000.0,0.0,3056000.0,181362500.0,312816500.0,14.043834861120684,5.4280459257607845,0.3856155036458006,0.6628713891697177,0.00024767621849151747,14.043834861120684,0.027502674689098065,17.11612872782182,8.090761063526053,0.8900702780695124,1.9400428265524625,0.0,0.05994624026466331,0.030251294730290694,3.3133429940920744,0.015999269126892132,20.80560972811747,0.6844092110230275,-0.648714303451701,4.414383511839612,-0.829280392674308,0.830807200428778,-0.5742632382294235,-0.6520983362304446,-0.8561917443408789,0.8736510652550227,-0.8493445815844001,0.44144488492225364,Asset Management,Financial Services,NEWT
2015Q4,2015,Q4,2016-03-15,2015-12-31,16108000.0,20187000.0,751000.0,1.1102074574402094,17034000.0,0.8438103730123346,355485000.0,203949000.0,62351000.0,12468000.0,151536000.0,0.0,4437000.0,207768880.0,339136880.0,14.056723413053966,5.00088225858197,0.38166448654654905,0.6652447425581886,0.0020995588028395514,14.056723413053966,0.07898052944608701,10.29221181948779,3.2246225478023347,1.0187295843568736,0.39259995033523715,0.0,0.030437667084695263,0.05678720621123254,3.1666666666666665,0.04531274174719046,-12.240419465064216,0.8438103730123346,1.4134944726961074,5.01040386858582,-0.1891938786969458,0.812601342753574,2.522332506203474,2.3918719730469573,1.0134048257372654,3.7803428136875077,-0.1298696934122299,0.48038554950708207,Asset Management,Financial Services,NEWT
2015Q3,2015,Q3,2015-11-05,2015-09-30,4749000.0,8280000.0,373000.0,0.46,4836000.0,0.5840579710144927,331871000.0,174733000.0,56801000.0,9831000.0,157138000.0,0.0,-8786000.0,169524740.0,313733740.0,16.934774181042837,5.777743871427118,0.44386825001280616,0.8430405246862356,0.0011582412122717674,16.934774181042837,0.027178609650151946,20.474002415458937,8.924233522846915,0.9701930373770267,1.0111602442619498,0.0,0.028326249018284882,0.024949453251413952,3.0596073644593633,0.014309776991662424,-6.934945387604827,0.5840579710144927,-0.04166666666666659,11.322352401189349,-0.8040156593373661,1.2930155589292267,-0.02519653295706511,-0.026045939294503693,1.657848324514991,1.2012607768610366,-0.8311474998218815,0.8243708432346564,Asset Management,Financial Services,NEWT
2015Q2,2015,Q2,2015-08-04,2015-06-30,4876000.0,8094000.0,-567000.0,0.48,4961000.0,0.6129231529528045,307329000.0,169624000.0,53580000.0,18410000.0,137705000.0,0.0,-7294000.0,180850320.0,294053320.0,16.62002743484225,2.910374796306355,0.3881670782776764,0.7032908079045418,-0.001962487756083885,16.62002743484225,0.028745932179408573,22.343750926612305,9.272473338802296,1.06618355893034,0.0,0.0,0.0,0.026336596936833167,1.9055947854426942,0.015865733464788548,13.09845151010357,0.6129231529528045,-0.5102040816326531,2.6586731799684817,-0.8054695767701417,1.2408545471633599,-0.5082275971451229,-0.5125462361291613,0.49375,1.7837841677978652,-0.8238084875766035,0.9365368413837502,Asset Management,Financial Services,NEWT
2015Q1,2015,Q1,2015-05-13,2015-03-31,10003000.0,13111000.0,-1120000.0,0.98,10088000.0,0.7694302494088933,304975000.0,169566000.0,48847000.0,13878000.0,135409000.0,0.0,-8984000.0,168705180.0,281643180.0,16.614344503233394,3.5197434788874475,0.3984949586031642,0.7167179741221708,-0.0038475147459437918,16.614344503233394,0.058991779012301994,12.867453283502403,4.216364590622813,0.9949233926612646,0.0,0.0,0.0,0.04299040904992212,2.2770572128548783,0.032799409787687514,-16.153310991957106,0.7694302494088933,6.920376970941822,15.963148603437286,-0.6606918716974686,1.2787870677796274,-0.16696944673823286,7.851369863013699,-1.476595744680851,4.382555082867752,-0.7008493025069236,0.9448222079834703,Asset Management,Financial Services,NEWT
2014Q4,2014,Q4,2015-03-31,2014-12-31,-1460000.0,22040000.0,2350000.0,-0.16553,12110000.0,0.5494555353901996,301832000.0,166418000.0,39539000.0,8193000.0,135414000.0,0.0,0.0,130183200.0,237175200.0,18.868253968253967,4.8259489808373,0.41349161122743777,0.7499489237943011,0.011583494850707364,18.868253968253967,-0.008773089449458591,5.906678765880218,-22.291643835616437,0.782266341381341,0.0,0.0,0.0,0.0730207532667179,2.9476382277554007,-0.004837127938720878,-2.4125871015567086,0.5494555353901996,-1.4868529411764706,-3.8824133301745247,5.388628010249632,1.5199911809848463,-0.034136225873345034,-1.552193645990923,-0.6298046628859484,-1.486861411231159,2.7496384763265787,1.272540439060854,Asset Management,Financial Services,NEWT
2014Q3,2014,Q3,2014-09-30,2014-09-30,2644000.0,38166000.0,6348000.0,0.34,12538000.0,0.32851228842425195,203186000.0,81696000.0,44796000.0,19017000.0,119953000.0,0.0,19967000.0,102616250.0,199150250.0,10.946804234222162,2.3555765893674083,0.4967665095036075,1.2355072463768115,0.01984524241839296,10.946804234222162,0.03236388562475519,2.688682335062621,9.702746785173979,1.2560743488053272,0.0,0.0,0.0,0.18783774472650674,1.5423568386180786,0.013012707568434832,22.48384092900964,0.32851228842425195,0.7000000000000001,2.228488642863189,0.3592270237882891,0.4710097175975179,0.06888320545609548,0.896700143472023,0.1018920326332234,1.8757964747298794,0.19158865702432554,0.4061358030191647,Asset Management,Financial Services,NEWT
2014Q2,2014,Q2,2014-06-30,2014-06-30,1394000.0,38128000.0,5761000.0,0.2,11730000.0,0.3076479227864037,200896000.0,78972000.0,51253000.0,18356000.0,120332000.0,0.0,17322000.0,97354940.0,190329940.0,11.113112493315697,2.7921660492482023,0.5076059254539662,1.2912931165476371,0.01911325939373384,11.113112493315697,0.01765182596363268,2.5533712757028955,17.45963773314204,1.2327779466139897,0.0,0.0,0.0,0.18978974195603696,1.767106123338418,0.006938913666772858,30.262648430214487,0.3076479227864037,0.0,3.194172581600864,0.41185768599671596,0.5162950309244415,0.04294478527607362,0.002156721782890007,0.12585499316005472,5.882432644330705,0.18577197741957582,0.45417082180349305,Asset Management,Financial Services,NEWT
2014Q1,2014,Q1,2014-03-31,2014-03-31,1391000.0,36087000.0,5117000.0,0.2,11247000.0,0.31166347992351817,192448000.0,76892000.0,49272000.0,15120000.0,113949000.0,0.0,15927000.0,102044160.0,190639160.0,10.850643486114247,3.2587301587301587,0.5135361240438976,1.2852962596889144,0.01790387689912775,10.850643486114247,0.01809030848462779,2.8277263280405687,18.340071890726097,1.3271102325339437,0.0,0.0,0.0,0.18751558862653808,2.5597222222222222,0.007227926504822082,14.09449723756906,0.31166347992351817,-0.41471416735708366,2.4329680854853812,0.5042314920629192,0.4633888858331253,1.7340425531914894,-0.4237779618889809,-0.05082544982378037,1.7516287320442465,0.19043051508293002,0.41453074748547264,Asset Management,Financial Services,NEWT
2013Q4,2013,Q4,2013-12-31,2013-12-31,2414000.0,9867000.0,5391000.0,0.34171337976332034,-15322000.0,-1.552852944157292,198612000.0,75344000.0,59327000.0,8941000.0,121603000.0,0.0,14536000.0,110911080.0,305402080.0,10.66530774021856,6.635387540543563,1.0422280627555234,2.747385325971544,0.011001380421161966,10.66530774021856,0.03203971119133574,11.24060808756461,11.486234465617231,1.472062539817371,0.0,0.0,0.0,0.04967977765693916,4.747791074823845,0.012154351197309326,19.65114812189936,-1.552852944157292,0.36685351905328134,1.786840019191856,11.899722552516845,0.3884278548200688,-2.512089213460969,0.3263736263736264,0.39771843401607465,0.8499564256328247,-0.186059679519846,0.3752814623105816,Asset Management,Financial Services,NEWT
2013Q3,2013,Q3,2013-09-30,2013-09-30,1820000.0,34774000.0,3857000.0,0.25,10133000.0,0.2913958704779433,176971000.0,72740000.0,52738000.0,14696000.0,102522000.0,0.0,12120000.0,104553120.0,184618120.0,10.29669894116981,3.5885955362003266,0.49627340072667275,1.2073962056640088,0.022239402697334595,10.29669894116981,0.02502062139125653,3.00664634497038,14.361692307692307,1.437353863073962,0.0,0.0,0.0,0.19649547100937442,2.8809880239520957,0.010284170852851597,-13.76242200868764,0.2913958704779433,0.0,1.6682806494773026,0.4468198073857831,0.3347551888373374,-0.08381555153707053,-0.011943539630836048,-0.23274318679132683,6.777874996572414,0.20217011313385316,0.39420169559406215,Asset Management,Financial Services,NEWT
2013Q2,2013,Q2,2013-06-30,2013-06-30,1842000.0,37011000.0,5027000.0,0.25,11060000.0,0.2988300775445138,162546000.0,70722000.0,47732000.0,12789000.0,90090000.0,0.0,10303000.0,74094300.0,137396300.0,10.022106963693563,3.7322699194620377,0.4755638403897974,1.093026215321965,0.019958317453214233,10.022106963693563,0.026045643505556968,2.001953473291724,10.056229641693811,1.0476838890302878,0.0,0.0,0.0,0.22769554464582334,3.0205645476581435,0.011332176737661953,9.278024042073628,0.2988300775445138,0.24999999999999994,1.9416651916393017,0.5225688804112962,0.24412842318886366,0.1281109751121991,0.26859504132231404,0.301657172449508,0.9989853409624249,0.28651606794707735,0.3512663592040247,Asset Management,Financial Services,NEWT
2013Q1,2013,Q1,2013-03-31,2013-03-31,1452000.0,34144000.0,3862000.0,0.2,9804000.0,0.28713683223992503,166758000.0,68625000.0,61525000.0,14527000.0,96210000.0,0.0,8458000.0,72901260.0,142586260.0,9.742887159975012,4.235217181799408,0.4898295733937802,1.190280510018215,0.015157432506672503,9.742887159975012,0.021158469945355193,2.135111879100281,12.551869834710743,1.0623134426229508,0.0,0.0,0.0,0.20475179601578336,3.1950850141116542,0.00870722843881553,-23.585008087997412,0.28713683223992503,-0.13883792048929658,1.5487347031492478,0.4785351723743617,0.16506682516091997,1.3221926451740116,-0.11192660550458716,0.08088441085922195,4.1471700949108286,0.28036479158449085,0.33631304314572347,Asset Management,Financial Services,NEWT
2012Q4,2012,Q4,2012-12-31,2012-12-31,1635000.0,11257000.0,3573000.0,0.23224431818181818,-30429000.0,-2.7031180598738564,152742000.0,66847000.0,51150000.0,5578000.0,83840000.0,0.0,7008000.0,65472000.00000001,122440000.0,9.4953125,9.169953388311223,0.4661258854800906,1.0650739748979012,0.016470883168911588,9.4953125,0.02445883884093527,5.8161144176956565,10.011009174311928,0.9794306401184795,0.0,0.0,0.0,0.07369944088724778,7.653997848691287,0.010704324940095062,-16.91782945736434,-2.7031180598738564,0.16122159090909083,1.8269126283177657,5.889925632471504,0.1747470395899611,-2.9788645379462833,0.11073369565217392,-0.2463615271039865,3.044055291723202,3.088034979082277,0.2681673567122034,Asset Management,Financial Services,NEWT
2012Q3,2012,Q3,2012-09-30,2012-09-30,1472000.0,33458000.0,4741000.0,0.2,15377000.0,0.4595911291768785,147662000.0,65349000.0,62045000.0,69908000.0,79971000.0,0.0,5518000.0,63712000.00000001,112901000.0,9.28252840909091,0.8875236024489329,0.4570776503094906,1.0328084591960092,0.017820179118743777,9.28252840909091,0.022525210791289843,1.9042381493215377,10.820652173913045,0.97494988446648,0.0,0.0,0.0,0.22658503880483807,0.5805201121473937,0.009968712329509286,-12.563991323210413,0.4595911291768785,0.3333333333333335,1.378967390058895,0.4813752773541109,-0.15365112910086937,0.061287873559251846,0.19383617193836172,0.2673082063619353,0.9054010695187166,0.26315345359269265,0.24736765191800347,Asset Management,Financial Services,NEWT
2012Q2,2012,Q2,2012-06-30,2012-06-30,1233000.0,32338000.0,3741000.0,0.15,14489000.0,0.44804873523408995,142994000.0,61659000.0,61485000.0,14480000.0,78986000.0,0.0,4044000.0,44543280.0,134802280.0,8.582345081008853,4.246201657458563,0.7924808033903521,1.8378501110948928,0.013337393233301985,8.582345081008853,0.019997080718143337,1.3774284123940874,9.031484184914842,0.7224132730015083,0.0,0.0,0.0,0.22614934892373106,6.2129834254143645,0.008622739415639817,5.221955451348183,0.44804873523408995,-0.25000000000000006,1.515771463782477,0.37924000142207226,-0.2553213102736606,0.04628827267475448,-0.05372217958557176,0.247,2.9196321228700914,0.1844233926619171,0.1709921237492929,Asset Management,Financial Services,NEWT
2012Q1,2012,Q1,2012-03-31,2012-03-31,1303000.0,30729000.0,3000000.0,0.2,13848000.0,0.45064922386019723,140330000.0,61131000.0,102469000.0,15349000.0,76820000.0,0.0,2814000.0,54384080.0,100514080.0,8.54286033706923,6.675939800638478,0.4380460343476092,1.005561826242005,0.015216376525459183,8.54286033706923,0.02131488115685986,1.7697966090663542,10.434397544128933,0.8896317743861543,0.0,0.0,0.0,0.21897669778379533,5.659261189654049,0.00928525618185705,-7.771374678479566,0.45064922386019723,-0.411764705882353,1.4478573627622278,0.40396471473098333,-0.2827855882517041,2.154288572143036,-0.45252100840336135,-0.18721213763207803,2.329294699152676,0.26846881198873473,0.15214612723108586,Asset Management,Financial Services,NEWT
2011Q4,2011,Q4,2011-12-31,2011-12-31,2380000.0,4665000.0,3691000.0,0.34,-11997000.0,-2.571704180064309,132010000.0,58119000.0,54793000.0,15830000.0,72711000.0,0.0,45000.0,40250000.0,85768000.0,8.302714285714286,3.461339229311434,0.43088402393758046,0.9786988764431597,0.07844867049946101,8.302714285714286,0.04095046370378017,8.628081457663452,4.227941176470588,0.6925446067551059,0.0,0.0,0.0,0.03533823195212484,1.6909033480732787,0.01802893720172714,9.645339084591422,-2.571704180064309,2.4,-0.3973157761458597,4.4370629370629375,-0.3324949178237949,-1.9302884615384615,1.7045454545454546,0.8455,1.7828947368421053,6.20066889632107,0.08086143088281786,Asset Management,Financial Services,NEWT
2011Q3,2011,Q3,2011-09-30,2011-09-30,880000.0,30657000.0,2000000.0,0.1,12896000.0,0.42065433669308805,125997000.0,55610000.0,53262000.0,48843000.0,69193000.0,0.0,-2335000.0,48573760.0,87101760.0,7.7850263187367,1.0904735581352496,0.41434319864758684,0.9387879877719835,0.04634761932712338,7.7850263187367,0.015824491997842114,1.584426395276772,13.799363636363637,0.8734716777557994,0.0,0.0,0.0,0.2433153170313579,0.705996765145466,0.0069842932768240515,12.535163870967741,0.42065433669308805,3.0000000000000004,1.8154419973040536,0.3839607327228233,-0.3454686115293027,-0.12236286919831224,4.066202090592334,-0.4482758620689655,1.319560168938611,0.26145546251250557,0.009168504735218658,Asset Management,Financial Services,NEWT
2011Q2,2011,Q2,2011-06-30,2011-06-30,-287000.0,32322000.0,3625000.0,-0.05,14694000.0,0.45461295711899014,129405000.0,54590000.0,50810000.0,16604000.0,73564000.0,0.0,-3214000.0,60360039.99999999,104227040.0,7.642233172807705,3.0601059985545653,0.4294115374212743,1.0179153691152225,-0.07525120335176318,7.642233172807705,-0.0052573731452647005,1.8674599344099991,-52.578432055749126,1.1056977468400806,0.0,0.0,0.0,0.24977396545728528,1.8937003131775476,-0.0022178432054402843,-103.88991394148019,0.45461295711899014,-2.0,0.8780919661461846,0.571281989063534,-0.3604868984522306,0.09436210620391748,-1.5638506876227898,0.21399866041527127,0.8550589248809902,0.3135513222527315,-0.05130532518056331,Asset Management,Financial Services,NEWT
2011Q1,2011,Q1,2011-03-31,2011-03-31,509000.0,30523000.0,2986000.0,0.05,13427000.0,0.43989778200045865,144205000.0,54733000.0,80712000.0,14706000.0,88197000.0,0.0,-2927000.0,58508639.99999999,101661640.0,7.670843143850208,5.488372093023256,0.39529835997364865,1.0414923355197048,0.015316327444054404,7.670843143850208,0.009299691228326603,1.9168705566294268,28.737053045186638,1.068982880529114,0.0,0.0,0.0,0.21166395062584514,1.9546443628450973,0.0035296973059186576,23.97895081967213,0.43989778200045865,-0.7293116782675948,1.1821799626090665,0.6409325791191554,-0.37084293786774786,3.39982126899017,-0.6063418406805878,2.5760479041916167,1.1898900140431061,0.3047671472866531,-0.08271083086875322,Asset Management,Financial Services,NEWT
2010Q4,2010,Q4,2010-12-31,2010-12-31,1293000.0,12012000.0,835000.0,0.18471428571428572,-5595000.0,-0.4657842157842158,165015000.0,54285000.0,52000000.0,15091000.0,109421000.0,0.0,-3436000.0,60200000.0,113365000.0,7.755,3.4457623749254522,0.385098324394752,1.1706180344478216,0.009529685663762449,7.755,0.02381873445703233,5.011655011655011,11.639597834493426,1.1089619600257898,0.0,0.0,0.0,0.07279338241978002,2.1489629580544696,0.00783565130442687,-36.529126213592235,-0.4657842157842158,4.694285714285714,-0.8499303621169917,-0.6735780863610423,-0.379777206512425,-1.4763323684658607,5.066037735849057,-0.33992094861660077,1.6576805696846388,6.247706422018349,-0.04056203605514327,Asset Management,Financial Services,NEWT
2010Q3,2010,Q3,2010-09-30,2010-09-30,-318000.0,29202000.0,1265000.0,-0.05,11746000.0,0.4022327237860421,145597000.0,52671000.0,33682000.0,30017000.0,91437000.0,0.0,-4729000.0,49209420.0,98011420.0,7.385372556717799,1.1220974780957458,0.3853307417048428,1.065159195762374,-0.01603761750465748,7.385372556717799,-0.006037477929031155,1.6851386891308815,-38.686650943396224,0.9342792048755483,0.0,0.0,0.0,0.20056731938158068,0.8200019988673085,-0.0021841109363517105,121.20546798029557,0.4022327237860421,-1.3333333333333335,0.8445868633172224,0.37889688805272803,-0.3539405547748459,-0.006008293137006009,-1.3415682062298604,-0.1737426518615284,0.9191845018437924,0.2762954348167744,-0.32662724539297244,Asset Management,Financial Services,NEWT
2010Q2,2010,Q2,2010-06-30,2010-06-30,931000.0,29066000.0,1531000.0,0.15,11817000.0,0.40655748985068463,149608000.0,52879000.0,33480000.0,28530000.0,95217000.0,0.0,-4510000.0,47411840.0,91023840.0,7.416825628366248,1.1735015772870663,0.4062750655045185,1.1494544147960437,0.023166096656392753,7.416825628366248,0.017606233098205335,1.6311786967591,12.731428571428573,0.8966099964068912,0.0,0.0,0.0,0.19428105448906477,1.1735015772870663,0.006222929255120047,24.993062730627305,0.40655748985068463,4.0,-0.8012379381701683,0.055888643178337145,-0.36874096205618406,0.06287101996762008,2.993576017130621,2.895674300254453,1.3924363736396805,0.2492153042727923,-0.35645188596736477,Asset Management,Financial Services,NEWT
2010Q1,2010,Q1,2010-03-31,2010-03-31,-467000.0,26993000.0,393000.0,-0.05,11118000.0,0.4118845626643945,143035000.0,51981000.0,39875000.0,28409000.0,89549000.0,0.0,-5441000.0,44560000.0,98977000.0,7.290871858168761,1.4036044915343728,0.44438773726710246,1.2228121813739636,0.002245481765215775,7.290871858168761,-0.008984051865104557,1.6507983551291074,-23.854389721627406,0.8572362978780709,0.0,0.0,0.0,0.18871604851959312,0.887500440001408,-0.0032649351557311147,-9.023896314297286,0.4118845626643945,-1.8706467661691544,0.8428155322021763,0.9279240113268564,-0.3377727423796903,1.2000575808831468,-2.1616915422885574,-0.7623941958887546,0.8388964122309247,0.23780419222072674,-0.387896071740926,Asset Management,Financial Services,NEWT
2009Q4,2009,Q4,2009-12-31,2009-12-31,402000.0,2738000.0,1654000.0,0.057428571428571426,-55574000.0,-20.2972972972973,136082000.0,52412000.0,90448000.0,13810000.0,82055000.0,0.0,-4974000.0,34300000.0,89964000.0,7.4874285714285715,6.549456915278784,0.5014990961332138,1.302087308250019,-0.04222150393263549,7.4874285714285715,0.007669999236815997,12.527392257121987,21.330845771144283,0.6544302831412654,0.0,0.0,0.0,0.02012022163107538,1.7422157856625633,0.0029541012036860127,-11.529411764705882,-20.2972972972973,-0.42571428571428577,-0.9379854126044942,-0.9006535248873333,-0.35300943396743856,-3.072728628972102,-0.4859335038363171,0.07752442996742671,-0.898202076475057,2.191142191142191,-0.3980406344393527,Asset Management,Financial Services,NEWT
2009Q3,2009,Q3,2009-09-30,2009-09-30,782000.0,26812000.0,1535000.0,0.1,26812000.0,1.0,139272000.0,53031000.0,92840000.0,62071000.0,84669000.0,0.0,-5377000.0,21734910.0,22963910.0,7.441694030479077,1.4957065296193068,0.5028361766902177,1.3205672154023118,-0.001645715352813645,7.441694030479077,0.014746091908506346,0.8106411308369387,6.9485006393861894,0.40985291621881537,0.0,0.0,0.0,0.19251536561548624,1.1974351951797135,0.005614911827215808,36.90137521222411,1.0,2.0,-0.8306547560939899,0.1604840895866099,-0.2880492873467514,1.0677103416364617,2.227629513343799,-0.3487484089944845,1.7263600652204814,0.21327186850903393,-0.37433450743504065,Asset Management,Financial Services,NEWT
2009Q2,2009,Q2,2009-06-30,2009-06-30,-637000.0,27077000.0,2357000.0,-0.1,12967000.0,0.47889352587066514,138880000.0,52220000.0,90404000.0,57455000.0,84452000.0,0.0,-6158000.0,17100000.0,19301000.0,7.329122807017544,1.5734748933948308,0.5071644585253456,1.3488127154346994,0.01596829291705952,7.329122807017544,-0.012198391420911529,0.6315322967832477,-6.7111459968602825,0.32746074301034084,0.0,0.0,0.0,0.19496687788018432,1.2745627012444523,-0.004586693548387096,-21.867007672634273,0.47889352587066514,0.33333333333333326,-1.2611628110529185,0.4051313886859345,-0.10025102702213502,0.16015030866958935,0.3473360655737705,25.051020408163264,0.7287324757017161,0.31966710932362685,-0.3866884257578488,Asset Management,Financial Services,NEWT
2009Q1,2009,Q1,2009-03-31,2009-03-31,-976000.0,24121000.0,-98000.0,-0.15,11177000.0,0.4633721653331122,135925000.0,52830000.0,85001000.0,54342000.0,80877000.0,0.0,-5521000.0,12468750.0,16118750.0,7.414736842105263,1.5641860807478563,0.4885120470847894,1.2568805602877153,-0.0004208554678465688,7.414736842105263,-0.018474351694113194,0.5169250860246258,-3.1938396516393444,0.23601646791595685,0.0,0.0,0.0,0.17745815707191465,1.2407530087225351,-0.007180430384403164,2.751268755516328,0.4633721653331122,0.6546052631578947,0.5744158458180972,1.2772613025527473,-0.03436806927232235,1.810985343201277,0.6789473684210526,-1.0680083275503123,0.6501725163348253,0.2986140934320162,-0.39184859335799027,Asset Management,Financial Services,NEWT
2008Q4,2008,Q4,2008-12-31,2008-12-31,-3040000.0,-897000.0,1441000.0,-0.4342857142857143,-13782000.0,-15.364548494983278,169527000.0,53771000.0,110950000.0,79903000.0,113448000.0,0.0,-4545000.0,7700000.000000001,157964000.0,7.681571428571429,1.3885586273356445,0.9857780766485574,3.1079206263599337,0.0059541159146099904,7.681571428571429,-0.05653605103122501,-8.584169453734672,-0.6332236842105263,0.1431998660988265,0.0,0.0,0.0,-0.005291192553398574,0.27567175199929916,-0.01793224678074879,-18.554216867469883,15.364548494983278,-0.08571428571428563,0.5005082919662491,-1.1025597779490348,-0.018615915537930034,-2.2340616045845274,-0.10666181288678558,4.666666666666667,-1.352831940575673,-1.02437566238213,-0.3856498143387603,Asset Management,Financial Services,NEWT
2008Q3,2008,Q3,2008-09-30,2008-09-30,-2747000.0,24243000.0,-393000.0,-0.4,11168000.0,0.4606690591098461,163910000.0,54969000.0,136215000.0,104457000.0,104457000.0,0.0,-1504000.0,17814000.0,26674000.0,7.714297743347928,1.3040294092305924,0.5358611433103533,1.597864250759519,-0.0028093330090074747,7.714297743347928,-0.04997362149575215,0.7348100482613538,-1.6212231525300327,0.32407356873874366,0.0,0.0,0.0,0.1479043377463242,0.7971031142001015,-0.016759197120370935,64.07913669064749,0.4606690591098461,-0.3333333333333335,-1.2092268704764195,-0.3380621572893472,-0.08592694554729342,-0.04587782998718496,-0.38597376387487387,0.20766129032258066,-0.3436834917794674,0.14573260571090718,-0.3251667560310648,Asset Management,Financial Services,NEWT
2008Q2,2008,Q2,2008-06-30,2008-06-30,-1982000.0,24630000.0,-496000.0,-0.3,11705000.0,0.475233455136013,186252000.0,57597000.0,129299000.0,38116000.0,124056000.0,0.0,1242000.0,36822500.0,47265500.0,8.055524475524475,3.3922499737642986,0.5769978308957756,1.8658437071375245,-0.0023765770274251697,8.055524475524475,-0.03441151448860184,1.4950263905805927,-4.644614026236125,0.639312811431151,0.0,0.0,0.0,0.13224019070936152,2.8186325952355964,-0.010641496467152031,-4.654594867905448,0.475233455136013,0.25000000000000006,-1.5259537268443406,0.20148040422085217,0.2275630442324427,0.0,0.26456400742115027,0.7157593123209169,-1.4219360038631355,-0.10781198611860805,-0.31438018293109377,Asset Management,Financial Services,NEWT
2008Q1,2008,Q1,2008-03-31,2008-03-31,-2695000.0,23520000.0,-1745000.0,-0.4,0.0,0.0,193000000.0,59991000.0,0.0,0.0,128283000.0,0.0,3223000.0,35506723.099999994,125661723.1,8.362513591123253,0.0,0.5719430051813471,1.8400260039005851,-0.007018136915368389,8.362513591123253,-0.04492340517744328,1.5096395875850337,-3.2937591001855284,0.591867498458102,0.0,0.0,0.0,0.12186528497409327,0.0,-0.013963730569948186,-7.1170020244537975,0.0,-0.42421159715157686,-2.0268010777566086,0.28966401556715493,0.42120014277595597,0.0,-0.3708036622583927,0.2237544483985765,0.09849649821903536,0.6695213418489048,-0.24043591082218482,Asset Management,Financial Services,NEWT
2007Q4,2007,Q4,2007-12-31,2007-12-31,-1966000.0,-2289000.0,-2248000.0,-0.28085714285714286,0.0,0.0,217816000.0,56580000.0,0.0,0.0,156266000.0,0.0,20245000.0,43400000.0,202963000.0,8.082857142857144,0.0,0.849042310941345,3.268557794273595,-0.0036995959369410247,8.082857142857144,-0.03474726051608342,-18.960244648318042,-5.51881993896236,0.7670554966419229,0.0,0.0,0.0,-0.010508869871818415,0.0,-0.009025966871120578,-32.55813953488372,0.0,0.48935064935064937,-1.4413619338042603,-1.2573974008194901,0.47469407131080993,0.0,0.5044113940005042,-0.680119581464873,-1.303285270695434,-1.0830548142925105,-0.30155830294355623,Asset Management,Financial Services,NEWT
2007Q3,2007,Q3,2007-09-30,2007-09-30,-3967000.0,23067000.0,-1338000.0,-0.55,0.0,0.0,222935000.0,78858000.0,0.0,0.0,138922000.0,0.0,22211000.0,61115000.0,138925000.0,10.967732962447844,0.0,0.4753627739027071,1.3438712622688884,-0.006193442678924082,10.967732962447844,-0.05030561262015268,2.649455932717735,-3.851462062011596,0.7750006340510792,0.0,0.0,0.0,0.10346962119003297,0.0,-0.017794424383788997,101.18377483443709,0.0,-0.5714285714285716,-1.501600686347143,-0.05908990752218084,1.3441912243624619,0.0,-0.6619187264348555,-2.808108108108108,-1.8514468983895254,-0.01046715980106525,0.04928867900560242,Asset Management,Financial Services,NEWT
2007Q2,2007,Q2,2007-06-30,2007-06-30,-2387000.0,23411000.0,740000.0,-0.35,0.0,0.0,227336000.0,82675000.0,0.0,0.0,139415000.0,0.0,26177000.0,68149200.0,145194200.0,11.524896843983495,0.0,0.46213534152092056,1.2707589960689447,0.002938810185438178,11.524896843983495,-0.02887208950710614,2.9109905599931656,-7.137536656891496,0.8243023888720895,0.0,0.0,0.0,0.10297973044304466,0.0,-0.010499876834289334,-372.4,0.0,0.1250000000000001,-1.9805517001291286,1.979783147372797,2.3105440373591772,0.0,0.1766126250431183,2.5811965811965814,-1.9720129099807464,0.2066576410249058,0.4148369964712974,Asset Management,Financial Services,NEWT
2007Q1,2007,Q1,2007-03-31,2007-03-31,-2899000.0,21809000.0,-468000.0,-0.4,0.0,0.0,241177000.0,84929000.0,0.0,0.0,152096000.0,0.0,28565000.0,72371530.0,160070530.0,11.911166587192506,0.0,0.48746356410437147,1.384273922923854,-0.0015313127931195776,11.911166587192506,-0.03413439461197,3.3184249621715805,-6.24107709555019,0.8521415535329511,0.0,0.0,0.0,0.09042736247652139,0.0,-0.012020217516595695,-14.635294236602629,0.0,-1.7090402633578121,-18.513424853863363,1.2996834565416484,2.4019506228730574,0.0,-1.7341099012408205,-1.0487144790257104,-0.26318512820281353,1.0574840013628828,0.5512084965032961,Asset Management,Financial Services,NEWT
