Year,Date,FillingDate,NetIncome,Revenue,OperatingIncome,EPSDiluted,GrossProfit,GrossProfitRatio,TotalAssets,CommonStockEquity,CurrentAssets,CurrentLiability,TotalLiability,Inventory,RetainedEarnings,EnterpriseValue,bookValuePerShare,currentRatio,debtToAssets,debtToEquity,roic,shareholdersEquityPerShare,roe,priceToSalesRatio,peRatio,pbRatio,payoutRatio,inventoryTurnover,dividendYield,assetTurnover,quickRatio,returnOnAssets,priceToFreeCashFlowsRatio,grossProfitMargin,epsdilutedGrowth,fiveYNetIncomeGrowthPerShare,fiveYRevenueGrowthPerShare,fiveYShareholdersEquityGrowthPerShare,grossProfitGrowth,netIncomeGrowth,operatingIncomeGrowth,threeYNetIncomeGrowthPerShare,threeYRevenueGrowthPerShare,threeYShareholdersEquityGrowthPerShare,Industry,Sector,Price,MarketCap,AvgVolume,Symbol
2022,2022-10-31,2022-10-31,6220000000.0,21764000000.0,17488000000.0,6.68,21764000000.0,1.0,943597000000.0,50181000000.0,19757000000.0,91443000000.0,893215000000.0,0.0,28823000000.0,169987446669.39362,55.552234443913065,0.2160580908325405,0.19865896139983488,3.7355572826368544,0.05762372238847613,55.552234443913065,0.12395129630736733,2.5666902531425104,8.980939979002187,1.1131991524559814,0.4778135048231511,0.0,0.05320306181093505,0.023064931321316196,1.2299902671609637,0.006591797133733999,2.5854599032395447,1.0,-0.0402298850574713,0.20932845165307498,0.25259787950217066,0.47722582967607624,0.0903807615230461,-0.0325089438481879,0.5092776387330629,0.2007509904107568,0.15940283026634047,0.285783769185666,Banks—Diversified,Financial Services,41.855,38411840280,1182170,CM
2021,2021-10-31,2021-10-31,6429000000.0,19960000000.0,11587000000.0,6.96,19960000000.0,1.0,837683000000.0,45648000000.0,98552000000.0,85083000000.0,791853000000.0,0.0,25793000000.0,162687025762.5404,50.83828374016879,1.158304244091064,0.1959858323494687,3.596521205748335,0.04277426683481002,50.83828374016879,0.1408385909568875,3.395943174475972,10.54332334150574,1.484906803420531,0.41203919738684086,0.0,0.03908058057602886,0.023827629306074016,1.158304244091064,0.0076747409222820565,-16.251025116888133,1.0,0.6934306569343064,0.32443610535405154,0.2174387626742516,0.7127554677693932,0.06932390442515804,0.6963060686015831,0.0194439556572233,0.20465680102839665,0.10917687103947131,0.28927272622050004,Banks—Diversified,Financial Services,41.855,38411840280,1182170,CM
2020,2020-10-31,2020-10-31,3790000000.0,18666000000.0,11366000000.0,4.11,18666000000.0,1.0,769551000000.0,41154000000.0,126058000000.0,73590000000.0,728216000000.0,0.0,22119000000.0,27330650925.397995,46.195292242414716,1.7129773066992797,0.14397616272345823,2.6922534869028527,0.057301076958991705,46.195292242414716,0.0920931136706031,2.356458315943319,11.605712645223745,1.0688062138649463,0.6783641160949868,0.0,0.05845087990991773,0.02425570235111123,1.7129773066992797,0.004924949743421813,0.7332652773213416,1.0,-0.26607142857142846,-0.054893359026740245,0.2170250840782322,0.7181058630605129,0.010775978772946337,-0.2562794348508634,-0.3148884870403858,-0.25283496316501386,0.08930039649248289,0.22840925469573323,Banks—Diversified,Financial Services,41.855,38411840280,1182170,CM
2019,2019-10-31,2019-10-31,5096000000.0,18467000000.0,16590000000.0,5.6,18467000000.0,1.0,651604000000.0,38394000000.0,42257000000.0,79266000000.0,613024000000.0,0.0,20972000000.0,75991148629.1544,43.20495854376536,0.5331037266924028,0.17557442864070816,2.9797624628848256,0.08594952852822448,43.20495854376536,0.13272907225087252,2.695139905190578,9.766708914669232,1.2963262131883733,0.4721350078492936,0.0,0.04834125926904245,0.028340832775734955,0.5331037266924028,0.007820700916507573,2.71040399875589,1.0,-0.054054054054054106,0.41713697140327766,0.2641235929453824,0.845336013338201,0.03980855855855856,-0.032466299601291056,0.17418076296977847,0.06076238450093653,0.13810948672970277,0.45558668657641804,Banks—Diversified,Financial Services,41.855,38411840280,1182170,CM
2018,2018-10-31,2018-10-31,5267000000.0,17760000000.0,14129000000.0,5.92,17760000000.0,1.0,597099000000.0,34943000000.0,10406000000.0,76951000000.0,561983000000.0,0.0,18537000000.0,176946147017.192,39.431753038940876,0.1352289119049785,0.24710810100167643,4.222533840826489,0.0610055341387246,39.431753038940876,0.15073119079643993,2.8201659356527022,9.509426052248338,1.4333671126460805,0.40041769508258973,0.0,0.042107451373252745,0.029743811327769768,0.8940494600460033,0.00882098278509929,5.21079348909613,1.0,0.042253521126760604,0.4003340581722828,0.27264553693370475,0.7321281128918056,0.11881063374070808,0.12087678229410513,0.34857306480862843,0.320398902003555,0.1641031403218639,0.4665547677768561,Banks—Diversified,Financial Services,41.855,38411840280,1182170,CM
2017,2017-10-31,2017-10-31,4699000000.0,15874000000.0,10477000000.0,5.68,15874000000.0,1.0,565264000000.0,31035000000.0,8666000000.0,79066000000.0,534027000000.0,0.0,16101000000.0,170382165191.30402,37.60578330538295,0.10960463410315432,0.24661927877947296,4.491864024488481,0.04932260759267331,37.60578330538295,0.15140969872724344,2.937644273107219,9.923848731922536,1.5025669467151281,0.30325601191742924,0.0,0.030558306571313466,0.02808245350844915,0.3296107049806491,0.008312929887627728,18.97931021217094,1.0,0.05185185185185173,0.3800865069046428,0.2576658041249208,0.8001767619629453,0.099383613823672,0.0991812865497076,0.20162862713613947,0.4070855768208943,0.17007101437041178,0.6061884696155936,Banks—Diversified,Financial Services,41.855,38411840280,1182170,CM
2016,2016-10-31,2016-10-31,4275000000.0,14439000000.0,8719000000.0,5.4,14439000000.0,1.0,501357000000.0,23472000000.0,9078000000.0,74169000000.0,477684000000.0,0.0,13584000000.0,157405064387.852,29.682161112221127,0.12239614933462767,0.2650486579423445,5.661383776414452,0.0477768584764368,29.682161112221127,0.1821319018404908,2.7496408607141767,9.287032605345496,1.6914649108662236,0.44842105263157894,0.0,0.04828464286573879,0.028799837241725957,0.8237943075948172,0.008526858107097338,3.9539950590431228,1.0,0.20267260579064592,0.39140157309208473,0.18595374033527276,0.3565226925004283,0.05571397236236017,0.19546979865771813,0.12098225764978143,0.2736906975500964,0.1594743307644883,0.30385544013447346,Banks—Diversified,Financial Services,41.855,38411840280,1182170,CM
2015,2015-10-31,2015-10-31,3576000000.0,13677000000.0,7778000000.0,4.49,13677000000.0,1.0,463309000000.0,21360000000.0,8520000000.0,66645000000.0,441756000000.0,0.0,11433000000.0,147477945601.715,26.88733752419986,0.12784154850326357,0.2756885793282669,5.979822097378277,0.04433971283575379,26.88733752419986,0.16741573033707866,2.9081630183311398,11.122747651486296,1.8621229214286048,0.49021252796420584,0.0,0.04407297039582664,0.029520255380318536,0.864851076599895,0.00771839096585648,2.068702637006033,1.0,0.11138613861386143,0.4238480183270739,0.10482844697844122,0.3207046569423375,0.046202095922894516,0.11124922311995028,-0.01978575929426591,0.09104342416323105,0.1256759429292498,0.28708820686074016,Banks—Diversified,Financial Services,41.855,38411840280,1182170,CM
2014,2014-10-31,2014-10-31,3218000000.0,13073000000.0,7935000000.0,4.04,13073000000.0,1.0,414903000000.0,18619000000.0,6645000000.0,3148000000.0,396120000000.0,0.0,9626000000.0,69627503887.79999,23.413057693274986,2.110864040660737,0.10547284546026421,2.3503410494656,0.1044868692601087,23.413057693274986,0.17283420162199903,3.110189236426222,12.635022960783095,2.1837641059025725,0.5139838408949658,0.0,0.04067929615088805,0.03150856947286474,9.2287166454892,0.007756029722609863,-2.4170433888836045,1.0,-0.047169811320754755,1.6311506316072968,0.26372850509879214,0.25201059491364164,0.035403136385236816,-0.054363796650014694,-0.05614368978232425,0.04149879669711949,0.06773199252872851,0.070014543134882,Banks—Diversified,Financial Services,41.855,38411840280,1182170,CM
2013,2013-10-31,2013-10-31,3403000000.0,12626000000.0,8407000000.0,4.24,12626000000.0,1.0,398389000000.0,18252000000.0,5591000000.0,3185000000.0,379960000000.0,0.0,8402000000.0,82382647239.92,22.764917182199163,1.7554160125588698,0.1356212144411618,2.960223537146614,0.09768981786640883,22.764917182199163,0.1864453210607057,2.8172538602819577,10.452732071677932,1.948862987065527,0.4766382603585072,0.0,0.04559939517152423,0.03169264211612268,6.863422291993721,0.008541902512368565,7.2034522559578775,1.0,0.029126213592233035,2.525720954778768,2.1402123572354563,0.21873033673887246,0.022513767411726594,0.02161513059141399,-0.02425719591457753,0.34257061666617283,0.010598966734544286,0.11821157860559849,Banks—Diversified,Financial Services,41.855,38411840280,1182170,CM
2012,2012-10-31,2012-10-31,3331000000.0,12348000000.0,8616000000.0,4.12,12348000000.0,1.0,393385000000.0,16866000000.0,6596000000.0,26800000000.0,376347000000.0,0.0,7042000000.0,107229466363.682,20.890050410592416,0.24611940298507462,0.20527473086162412,4.787857227558401,0.07289344275624349,20.890050410592416,0.1974979248191628,2.5595615778816003,9.48828170629901,1.8739159470936797,0.4797358150705494,0.0,0.05056087392009725,0.031389097194859994,0.6310074626865672,0.008467531807262606,24.107907218674296,1.0,0.06185567010309284,-0.15883828228566585,-0.14827543963437634,0.0406532380097392,0.012048192771084338,0.08184475479051641,0.10504040015390535,1.6826246656678756,0.17571145609591288,0.11709306767967517,Banks—Diversified,Financial Services,41.855,38411840280,1182170,CM
2011,2011-10-31,2011-10-31,3079000000.0,12201000000.0,7797000000.0,3.88,12201000000.0,1.0,353699000000.0,17340000000.0,6052000000.0,23627000000.0,336195000000.0,0.0,7605000000.0,48347490287.3365,21.881064928968563,0.25614762771405597,0.070257478816734,1.4331026528258362,0.1406772514351339,21.881064928968563,0.1775663206459054,2.4970486261238016,9.894930265455182,1.7570063602846886,0.505358882754141,0.0,0.05107250573745137,0.03449543255706123,1.1315020950607355,0.008705141942725312,-18.059567449517786,1.0,0.23174603174603176,-0.01578723734320496,-0.08933634376965695,0.1902468259973835,0.009515141486016879,0.25570962479608483,0.13394415357766143,2.39664682341879,2.0700991931899777,0.17141289887665917,Banks—Diversified,Financial Services,41.855,38411840280,1182170,CM
2010,2010-10-31,2010-10-31,2452000000.0,12086000000.0,6876000000.0,3.15,12086000000.0,1.0,352040000000.0,15790000000.0,6963000000.0,21423000000.0,336082000000.0,0.0,6095000000.0,39029247116.1592,20.358327187585417,0.32502450637165664,0.062862174752869,1.401519949335022,0.11204259058268233,20.358327187585417,0.1552881570614313,2.484796220102532,12.247653799412399,1.9019155868371884,0.6194942903752039,0.0,0.05058065001844885,0.03433132598568345,2.1381225785370863,0.006965117600272696,-3.66413459201552,1.0,1.0588235294117647,68.70807454378873,-0.14694098592837573,0.29538116459652,0.21711983887210473,1.0885860306643953,0.2499545537175059,-0.35544808929231086,-0.13220387271193898,0.014165054263345057,Banks—Diversified,Financial Services,41.855,38411840280,1182170,CM
2009,2009-10-31,2009-10-31,1174000000.0,9930000000.0,5501000000.0,1.53,9930000000.0,1.0,335944000000.0,14275000000.0,9639000000.0,20491000000.0,321495000000.0,0.0,5156000000.0,34822216011.2378,18.700367064297822,0.47040163974427796,0.05795608791941514,1.363922942206655,0.12032427927693358,18.700367064297822,0.0822416812609457,2.3666884200642295,20.01807155982777,1.6463198606821576,1.2691652470187393,0.0,0.06340097462563267,0.02955849784487891,1.7179737445707872,0.0034946300573905176,0.9528936468084904,1.0,1.5523465703971118,-0.4994095517184093,-0.21625670883224307,0.012412530296561962,1.6741541453108426,1.5699348511064135,0.17569560522582647,-0.6104151561346295,-0.23057467148427735,0.017228942719274627,Banks—Diversified,Financial Services,41.855,38411840280,1182170,CM
2008,2008-10-31,2008-10-31,-2059884560.0,3713323713.0,4678932179.0,-2.77,3713323713.0,1.0,353929773930.0,13831168831.0,10737000000.0,6552000000.0,339913419914.0,0.0,5483405483.0,25321591183.056,18.679207775457893,1.6387362637362637,0.018812345409846373,0.481394540067848,0.1099741529816025,18.679207775457893,-0.148930620771771,5.445736796999793,-9.816949928036744,1.4620444468679046,-0.6818447170651155,0.0,0.06945586175577807,0.010491696337857178,3.739231007020757,-0.005820037509495888,70.95542289976218,1.0,-1.5699588477366255,-1.9701549900978514,-0.6884320691085238,-0.02487406596729908,-0.6922497454345733,-1.625001138946362,-0.6889637022855072,-58.580273252991205,-0.7254642488754045,0.18854037951940625,Banks—Diversified,Financial Services,41.855,38411840280,1182170,CM
TTM,,,,,,,,,,,,,,,,188758492669.2692,56.22182249859421,1.4921428381504427,0.20429216489047183,3.725058977208477,0.08609860258511495,56.22182249859421,0.0988558902135071,2.2646010512666757,10.264340462780407,0.9881911681427473,0.5309842041312273,0.0,0.04512408890007449,0.024074060213485536,1.4921428381504427,0.005279933792324743,2.2961652267169956,1.0,,,,,,,,,,,Banks—Diversified,Financial Services,41.855,38411840280,1182170,CM
