Year,Date,FillingDate,NetIncome,Revenue,OperatingIncome,EPSDiluted,GrossProfit,GrossProfitRatio,TotalAssets,CommonStockEquity,CurrentAssets,CurrentLiability,TotalLiability,Inventory,RetainedEarnings,EnterpriseValue,bookValuePerShare,currentRatio,debtToAssets,debtToEquity,roic,shareholdersEquityPerShare,roe,priceToSalesRatio,peRatio,pbRatio,payoutRatio,inventoryTurnover,dividendYield,assetTurnover,quickRatio,returnOnAssets,priceToFreeCashFlowsRatio,grossProfitMargin,epsdilutedGrowth,fiveYNetIncomeGrowthPerShare,fiveYRevenueGrowthPerShare,fiveYShareholdersEquityGrowthPerShare,grossProfitGrowth,netIncomeGrowth,operatingIncomeGrowth,threeYNetIncomeGrowthPerShare,threeYRevenueGrowthPerShare,threeYShareholdersEquityGrowthPerShare,Industry,Sector,Price,MarketCap,AvgVolume,Symbol
2022,2022-06-30,2022-06-30,-80321000.0,-80125000.0,-78490000.0,-2.0,-80125000.0,1.0,857600000.0,533067000.0,80674000.0,31709000.0,324533000.0,0.0,-150208000.0,742380070.9000001,13.290688467371321,2.544198807909426,0.32341068097014924,0.5203042019108293,-0.09685053749642163,13.290688467371321,-0.15067711938649364,-6.332231774102965,-6.316779807273316,0.9517941851587137,-0.5895220428032519,0.0,0.09332635627483166,-0.09342933768656717,2.544198807909426,-0.09365788246268657,3.3115340793535797,1.0,-1.664451827242525,-1.708998220939314,-1.7053964950460354,-0.20915190179534957,-1.6624857374365418,-1.6651677391037905,-1.6416618297458367,-2.412066977898506,-2.3995070636851557,-0.12482061130195406,Asset Management,Financial Services,13.65,632254350,113804,PCN
2021,2021-07-31,2021-07-31,120753000.0,120946000.0,122323000.0,3.01,120946000.0,1.0,1105619000.0,605830000.0,33777000.0,49582000.0,499789000.0,0.0,-17102000.0,1174926232.58,15.10485134924422,0.6812351256504376,0.37623448945794163,0.6866150570291996,0.11971301680756154,15.10485134924422,0.19931829060957695,6.277596882741058,6.287630390797744,1.2532397414786325,0.41240383261699504,0.0,0.0655897066119803,0.10939211428168293,0.6812351256504376,0.109217551434988,-3.326703585346297,1.0,4.9605263157894735,6.610094616945369,1.1720836617248993,-0.03842327938389701,4.952871196522535,4.921570537802027,5.53132061492869,2.133374641966008,2.114901899307897,-0.0808880602346953,Asset Management,Financial Services,13.65,632254350,113804,PCN
2020,2020-07-31,2020-07-31,-30792000.0,-30597000.0,-26995000.0,-0.76,-30597000.0,1.0,776899000.0,509488000.0,32562000.0,65195000.0,267411000.0,0.0,-83182000.0,782824864.49,12.573902414988979,0.49945547971470206,0.21079960200746814,0.32144034795716486,-0.04009607015438361,12.573902414988979,-0.06043714474138743,-20.248483985031214,-20.120254107885163,1.2160107097517505,-1.6765718368407379,0.0,0.08332756772607988,-0.03938349772621667,0.49945547971470206,-0.039634495603675636,12.522848108867464,1.0,-1.554744525547445,-1.4107704980415354,-1.6525022343398834,-0.3455504965288193,-1.5499200201297652,-1.5570288898134916,-1.4569305506186632,-1.2690446635755364,-1.2666333977989386,-0.25180348359548427,Asset Management,Financial Services,13.65,632254350,113804,PCN
2019,2019-07-31,2019-07-31,55279000.0,55639000.0,59079000.0,1.37,55639000.0,1.0,798324000.0,591931000.0,27238000.0,13091000.0,206393000.0,0.0,4057000.0,864699084.16,15.186244830494825,2.0806661064853715,0.2003885640416673,0.2702595403856193,0.07857232154019253,15.186244830494825,0.09338757388952429,12.666009169108,12.748495525606469,1.1905510678778437,0.9783462074205395,0.0,0.0767420912887678,0.0696947605232963,2.0806661064853715,0.06924381579408861,484.01379406593406,1.0,0.4731182795698925,-0.23340724448735517,0.2334616712168943,-0.20958266885691954,0.0,0.47245751425070587,0.0,2.5848083058021296,0.028200917130495776,-0.03324176021691746,Asset Management,Financial Services,13.65,632254350,113804,PCN
2018,2018-07-31,2018-07-31,37542000.0,37825000.0,0.0,0.93,0.0,0.0,741795000.0,642117000.0,0.0,0.0,99678000.0,0.0,-1879000.0,779326295.8267001,16.43418031660131,0.0,0.10889396666194838,0.1257979464801586,0.0,16.43418031660131,0.05846598049888105,18.7141915618427,18.855263327118962,1.1023914579846041,1.336689574343402,0.0,0.07089211914748925,0.05099117680760857,0.0,0.05060966978747498,15.394712942882931,0.0,-0.6690391459074733,-0.4370386583916146,-0.3295450776103828,-0.19722437163145679,0.0,-0.6588703521971432,0.0,-0.4806304240075194,-0.1634732231006203,-0.14462982189726137,Asset Management,Financial Services,13.65,632254350,113804,PCN
2017,2017-07-31,2017-07-31,110052000.0,110344000.0,0.0,2.81,0.0,0.0,758775000.0,654791000.0,0.0,0.0,103984000.0,0.0,-5855000.0,760847383.36,16.80561475401316,0.0,0.0996052848341076,0.11542308919945449,0.0,16.80561475401316,0.16807194967554534,6.327579056042921,6.344367965688948,1.0663102934524147,0.5843419474430269,0.0,0.09210404418583752,0.14542387400744622,0.0,0.1450390431946229,8.632030059095518,0.0,6.102775390526262,-0.29483689893745957,0.6182515709782891,-0.17396868322345674,-1.0,6.174185136897001,-1.0,0.526774374865861,1.4471886857621588,-0.12529731277531145,Asset Management,Financial Services,13.65,632254350,113804,PCN
2016,2016-07-31,2016-07-31,15340000.0,53831000.0,47966000.0,0.39562,48298000.0,0.8972153591796549,725512000.0,609094000.0,0.0,91401000.0,116418000.0,0.0,8897000.0,692412500.0,15.708420373952288,0.0,0.12598137591108072,0.1500605817821223,0.06847443593458911,15.708420373952288,0.025184946822657914,11.164802808790474,39.17943285528031,0.9867319330021311,3.455606258148631,0.0,0.0881994966826813,0.07419725655812723,0.26530344306955067,0.0211436888707561,39.894623299037505,0.8972153591796549,-0.7861525072837443,3.4667033872613695,-0.2717223142324724,-0.1351182583581241,0.26170323928944617,-0.7844597442742729,0.2632604687911509,-0.7682067200222379,-0.03852630174783316,-0.23267623979772237,Asset Management,Financial Services,13.65,632254350,113804,PCN
2015,2014-10-31,2014-10-31,71170000.0,44520000.0,37970000.0,1.85001,38280000.0,0.8598382749326146,760064000.0,739122000.0,0.0,0.0,20942000.0,0.0,-4556000.0,526344700.00000006,19.212945152066546,0.0,0.0,0.0,0.051371762713056844,19.212945152066546,0.09628992236734937,11.846893530997306,7.4107587466629194,0.713581384399328,1.2378811296894758,0.0,0.16703837920063128,0.05857401481980465,0.0,0.09363685163354665,7.42850281690141,0.8598382749326146,,,,,,,,,,,Asset Management,Financial Services,13.65,632254350,113804,PCN
2014,2013-10-31,2013-10-31,65130000.0,55100000.0,48380000.0,1.70676,48720000.0,0.8842105263157894,794400000.0,781200000.0,0.0,0.0,13100000.0,0.0,-5200000.0,,,,,,,,,,,,,,,,,,,,0.08393095690079441,-0.588384492930151,-0.3448879126985704,-0.04089183012581017,-0.21428571428571427,0.09273760171963764,-0.21517155849524597,-0.5381353573447979,-0.33873036419572344,-0.05564333019551232,Asset Management,Financial Services,13.65,632254350,113804,PCN
2013,2012-10-31,2012-10-31,152090000.0,66450000.0,59340000.0,4.00553,59790000.0,0.8997742663656885,868800000.0,772500000.0,0.0,90700000.0,96300000.0,0.0,6500000.0,654244000.0,20.471698113207548,0.0,0.0,0.0,0.06193036354326677,20.471698113207548,0.08337173579109063,11.877386569872959,10.048272685398434,0.8377419354838709,0.9150928911407953,0.0,0.09106967135461554,0.06936052366565962,0.0,0.08198640483383686,10.083882896764253,0.8842105263157894,-0.5738990845156571,1.4605525702023152,0.01746464547905025,0.23164967062126848,-0.1851480180632213,-0.5717667170754158,-0.18469834850016853,-0.6202571019032596,-0.18261648233582017,0.021944983248104503,Asset Management,Financial Services,13.65,632254350,113804,PCN
2012,2011-10-31,2011-10-31,-6040000.0,71790000.0,64520000.0,-0.16038,65110000.0,0.9069508288062404,818100000.0,684000000.0,0.0,127000000.0,134000000.0,0.0,15900000.0,780709825.0,20.34500921780353,0.0,0.10439686924493555,0.11741100323624595,0.06874420759962929,20.34500921780353,0.19688025889967636,10.383895033860044,4.536852028404234,0.8932166019417476,0.4484186994542705,0.0,0.0988391723262781,0.07648480662983426,0.14002205071664828,0.1750575506445672,4.542526826859776,0.8997742663656885,25.975246290061108,4.092626691877942,0.183334675179887,-0.07386740149677214,-0.08170787897404393,26.18046357615894,-0.08028518288902665,-0.2967026717237262,0.12287811780258062,0.16679981679325104,Asset Management,Financial Services,13.65,632254350,113804,PCN
2011,2010-10-31,2010-10-31,168050000.0,66050000.0,59710000.0,4.49452,60140000.0,0.9105223315669947,914000000.0,749000000.0,0.0,153700000.0,165000000.0,0.0,10900000.0,701768200.0,18.16250663834307,0.0,0.1552377459968219,0.18567251461988304,0.0795561035758323,18.16250663834307,-0.008830409356725147,8.010422064354367,-95.20996688741721,0.8407429824561402,-10.413907284768213,0.0,0.10937833112663856,0.08775210854418775,0.11496062992125984,-0.00738296051827405,-91.28066666666666,0.9069508288062404,-1.0356834545179463,-1.0866447222105702,0.20470997384659484,-0.21160236421993014,0.08264050548719654,-1.0359416840226123,0.0805560207670407,0.9567224047282374,0.3432589170964149,0.0927205547418505,Asset Management,Financial Services,13.65,632254350,113804,PCN
2010,2009-10-31,2009-10-31,211070000.0,57760000.0,52550000.0,5.69536,52750000.0,0.9132617728531855,694600000.0,646200000.0,0.0,33800000.0,48400000.0,0.0,20200000.0,760165800.0,20.032094142818934,0.0,0.16816192560175056,0.20520694259012015,0.06614600642516894,20.032094142818934,0.22436582109479306,9.181919757759273,3.608841416245165,0.8097006675567423,0.41297232966379055,0.0,0.11443349319945166,0.07226477024070022,0.11060507482108002,0.1838621444201313,3.6185310262529833,0.9105223315669947,-0.21084531969884263,4.412994812701289,0.21380386544669672,-0.12782634802671586,0.1400947867298578,-0.20381863836641873,0.1362511893434824,4.714323602539613,0.19445710872791616,-0.08811172296174921,Asset Management,Financial Services,13.65,632254350,113804,PCN
2009,2008-10-31,2008-10-31,-136340000.0,52210000.0,45440000.0,-3.7059,45080000.0,0.8634361233480177,777500000.0,611500000.0,0.0,0.0,166000000.0,0.0,900000.0,517703600.0,17.436589314624932,0.0,0.048661099913619346,0.05230578768183225,0.07727941176470589,17.436589314624932,0.32663262147941813,8.379563711911358,2.293095181693277,0.7489996904982978,0.22314871843464254,0.0,0.0973133257686513,0.08315577310682407,0.4970414201183432,0.30387273250791824,2.3036820561637317,0.9132617728531855,2.536835856337192,1.771617137031623,0.021397550182494892,-0.27301739121394475,0.17014196983141083,2.548115006601144,0.15647007042253522,2.0768518525965467,-0.015035364266623233,-0.24311296532732155,Asset Management,Financial Services,13.65,632254350,113804,PCN
2008,2007-10-31,2007-10-31,28740000.0,54040000.0,47290000.0,0.78654,46420000.0,0.8589933382679497,899200000.0,802700000.0,0.0,0.0,96400000.0,0.0,-6400000.0,355500000.0,16.62136450122316,0.0,0.0,0.0,0.0743090760425184,16.62136450122316,-0.22295993458708094,7.046542807891209,-2.6984010561830716,0.6016353229762879,-0.3432594983130409,0.0,0.127208480565371,0.06715112540192926,0.0,-0.17535691318327976,-2.489174560216509,0.8634361233480177,-5.711648485773133,-2.803456388535078,-0.06997002175551485,-0.30700650748548863,-0.02886686772942697,-5.743910925539318,-0.03912032142101924,-5.463217601097815,-0.02488673419598621,-0.27632547678457964,Asset Management,Financial Services,13.65,632254350,113804,PCN
TTM,,,,,,,,,,,,,,,,867264350.0,13.290688467371321,2.544198807909426,0.32341068097014924,0.5203042019108293,-0.09685053749642163,13.290688467371321,-0.14105050764028704,-7.89084992199688,-6.8161299896664636,1.0270348322068332,-0.5895220428032519,0.0,0.10205128205128206,-0.09342933768656717,2.544198807909426,-0.09365788246268657,4.126636447298859,1.0,,,,,,,,,,,Asset Management,Financial Services,13.65,632254350,113804,PCN
2007,,,,,,,,,,,,,,,,520495000.0,21.967706622879035,0.0,0.0,0.0,0.05891366637598106,21.967706622879035,0.0358041609567709,9.635362694300518,18.117432150313153,0.6486794568331881,1.732776617954071,0.0,0.09564140235646587,0.06009786476868327,0.0,0.03196174377224199,39.747709923664125,0.8589933382679497,-0.5750798204243043,-0.6172366353520665,-0.030785641008332927,-0.08410180560068847,-0.07215670597641415,-0.5716840536512667,-0.07816764132553607,-0.6172366353520665,-0.030785641008332927,-0.08410180560068847,Asset Management,Financial Services,13.65,632254350,113804,PCN
