Quarters,Year,Quarter,FillingDate,Date,NetIncome,Revenue,OperatingIncome,EPSDiluted,GrossProfit,GrossProfitRatio,TotalAssets,CommonStockEquity,CurrentAssets,CurrentLiability,TotalLiability,Inventory,RetainedEarnings,MarketCap,EnterpriseValue,bookValuePerShare,currentRatio,debtToAssets,debtToEquity,roic,shareholdersEquityPerShare,roe,priceToSalesRatio,peRatio,pbRatio,payoutRatio,inventoryTurnover,dividendYield,assetTurnover,quickRatio,returnOnAssets,priceToFreeCashFlowsRatio,grossProfitMargin,epsdilutedGrowth,fiveYNetIncomeGrowthPerShare,fiveYRevenueGrowthPerShare,fiveYShareholdersEquityGrowthPerShare,grossProfitGrowth,netIncomeGrowth,operatingIncomeGrowth,threeYNetIncomeGrowthPerShare,threeYRevenueGrowthPerShare,threeYShareholdersEquityGrowthPerShare,Industry,Sector,Symbol
2023Q1,2023,Q1,2023-04-25,2023-03-31,-5086000.0,244529000.0,17505000.0,-0.13,91810000.0,0.3754564898,542875000.0,-64677000.0,161872000.0,95664000.0,607552000.0,76617000.0,0.0,106229235.56,609213235.56,-1.6682317166812906,1.6920889780899817,0.9266239926318213,-7.777741701068386,0.058746478473938955,-1.6682317166812906,0.07863691884286532,0.4344238743052971,-5.221649408179316,-1.6424576829475703,-0.03893039716869839,1.9932782541733558,0.0018638936725489884,0.45043334100851945,0.8059667168422813,-0.009368639189500346,2.545205346814577,0.37545648982329294,-12.402061855670103,-1.395262951966983,-0.14290254223289972,0.0,0.04935308371051068,-12.562666666666667,0.056554804442298406,-1.5750543630578675,0.22542736165155508,0.0,Oil & Gas Midstream,Energy,MMLP
2022Q4,2022,Q4,2023-03-02,2022-12-31,-375000.0,243376000.0,16568000.0,-0.0097,87492000.0,0.35949313,598851000.0,510414000.0,211127000.0,110925000.0,658296000.0,109798000.0,0.0,116179164.0,655282164.0,13.180005323501897,1.90333107955826,0.9003040823176383,1.0562954777886187,-0.002772480070975491,13.180005323501897,-0.0007346977159717406,0.4773649168364999,-77.452776,0.2276175104914834,-0.528,1.419734421392011,0.0017042642861503116,0.4064049321116605,0.7905882352941176,-0.0006261991714132563,4.353562317319943,0.359493129971731,0.9865277777777777,-1.0198408135334558,-0.20614608745889426,0.0,0.38006530277457923,0.986627678921656,2.352931569492079,-1.0563344114255138,0.004041060942924051,0.0,Oil & Gas Midstream,Energy,MMLP
2022Q3,2022,Q3,2022-11-03,2022-09-30,-28043000.0,229305000.0,-12246000.0,-0.72,63397000.0,0.2764745644,627985000.0,-59217000.0,232358000.0,310828000.0,687202000.0,135638000.0,0.0,131669719.2,700326719.2,-1.5291123974691365,0.7475452661922349,0.9055980636480171,-9.603694884914805,-0.02454620693202004,-1.5291123974691365,0.47356333485316715,0.5742121593510826,-1.1738198409585279,-2.2235121536045392,-0.007096245052241201,1.2231675489169702,0.001511357366060214,0.36514407191254566,0.25604514393812655,-0.04465552521158945,-2.5521344239416965,0.27647456444473517,-5.235294117647059,-0.7054841267950132,0.1759962091524587,0.0,-0.33455442426787024,-5.245080230093854,-1.5698464402047463,-3.11244207038578,0.2865118503339555,0.0,Oil & Gas Midstream,Energy,MMLP
2022Q2,2022,Q2,2022-07-25,2022-06-30,6606000.0,266996000.0,21490000.0,0.17,95270000.0,0.356821825,636161000.0,-30854000.0,237485000.0,147892000.0,667015000.0,117845000.0,6804000.0,154141889.64,666047889.64,-0.7966615712756485,1.6058001785086415,0.8047475403239117,-16.592629804887533,0.03261879186067708,-0.7966615712756485,-0.2141051403383678,0.5773190970651245,5.833404845594913,-4.995847852466454,0.02997275204359673,1.4572192286478,0.0012845307687769437,0.4196987869422992,0.6091336921537338,0.010384163757287856,-35.50020489175495,0.35682182504606813,-0.4333333333333333,5.61529633898956,0.3635927997236274,0.0,0.022945679834215586,-0.42446419236800836,-0.155566034028842,1.0346800468597777,0.43054576963165403,0.0,Oil & Gas Midstream,Energy,MMLP
2022Q1,2022,Q1,2022-04-26,2022-03-31,11478000.0,279201000.0,25449000.0,0.3,93133000.0,0.3335697222,574108000.0,-440000.0,170156000.0,101231000.0,612087000.0,54278000.0,0.0,162633433.20000002,664542433.2,-0.011362977240524735,1.680868508658415,0.8747848836804225,-1141.4113636363636,0.043095735432201916,-0.011362977240524735,-26.086363636363636,0.5824958836107321,3.542285964453738,-369.6214390909091,0.017250392054364874,3.4280555657909284,0.0012174618471990789,0.48632138900694644,1.040195197123411,0.019992753976603706,8.956078704774493,0.3335697221714822,0.07142857142857129,-0.18555220470982906,0.06226201111591589,0.0,0.04253747215474685,0.06267938153874641,-0.10359281437125749,4.13623367908491,0.11134456800391568,0.0,Oil & Gas Midstream,Energy,MMLP
2021Q4,2021,Q4,2022-03-01,2021-12-31,10801000.0,285906000.0,28390000.0,0.28,89333000.0,0.3124558421,579861000.0,816000.0,173688000.0,104087000.0,627898000.0,62120000.0,0.0,102909744.84,617721744.84,0.02109188010692963,1.6686810072343328,0.8879093437910119,630.9607843137255,0.04780862565762911,0.02109188010692963,13.236519607843137,0.3599425854651529,2.381949468567725,126.11488338235294,0.018331635959633368,3.164407598197038,0.0019240160424830763,0.4930595435802718,0.9478609240347018,0.018626877820719104,2.3643824202182655,0.3124558421299308,2.647058823529412,-0.41732513698589624,0.1642192683285582,0.0,0.3187045155957073,2.56287078570395,2.482153808414081,12.82843382098691,0.13063797345896008,0.0,Oil & Gas Midstream,Energy,MMLP
2021Q3,2021,Q3,2021-10-25,2021-09-30,-6911000.0,211258000.0,8153000.0,-0.17,67743000.0,0.3206647795586439,614238000.0,0.0,201172000.0,107515000.0,678394000.0,98139000.0,0.0,123801196.80000001,686162196.8,0.0,1.8711063572524764,0.9265854603590139,0.0,0.01600567959973771,0.0,0.0,0.5860189758494353,-4.478411112718854,0.0,-0.02850528143539285,1.4623646053047208,0.001591260868974087,0.34393508705094766,0.8612007626842766,-0.011251339057498885,-5.694627267709293,0.3206647795586439,0.0,-5.767443795483213,0.1058368691311869,0.0,0.06151965777144021,-0.04522081064730792,0.06812524564391458,-1.1753107981237432,-0.03495714705509479,0.0,Oil & Gas Midstream,Energy,MMLP
2021Q2,2021,Q2,2021-07-26,2021-06-30,-6612000.0,184293000.0,7633000.0,-0.17,63817000.0,0.34628010830579564,576879000.0,0.0,154622000.0,88442000.0,627976000.0,71358000.0,0.0,116837379.48,654256379.48,0.0,1.7482870129576447,0.9327779309005875,0.0,0.015906830417772518,0.0,0.0,0.6339762198238674,-4.417626265880218,0.0,-0.030096793708408953,1.6883320720872221,0.001703222041487711,0.319465607172388,0.8632889351213224,-0.011461675672021342,-33.81689709985528,0.34628010830579564,-3.8333333333333335,-3.9883177543717347,-0.11544278326141902,0.0,-0.10980764133967555,-3.6332138590203105,-0.51338773428535,0.08669164405759043,-0.148290573887347,0.0,Oil & Gas Midstream,Energy,MMLP
2021Q1,2021,Q1,2021-04-26,2021-03-31,2511000.0,200974000.0,15686000.0,0.06,71689000.0,0.35670783285400104,570211000.0,0.0,135579000.0,78238000.0,614545000.0,38716000.0,0.0,95570744.23,629927744.23,0.0,1.7329047266034407,0.939071676975716,0.0,0.025858664502376283,0.0,0.0,0.4755378518116771,9.515207509956195,0.0,0.07845479888490642,3.339317078210559,0.002061300260735659,0.35245549454500175,1.131892430788108,0.004403633041102329,71.32145091791045,0.35670783285400104,1.904726989079563,-0.855829002973362,-0.18604255711225873,0.0,0.25763556304054175,1.9793291731669267,0.3149467683795792,-0.8044661527455845,-0.2941617487391518,0.0,Oil & Gas Midstream,Energy,MMLP
2020Q4,2020,Q4,2021-03-03,2020-12-31,-2564000.0,180088000.0,11929000.0,-0.06631834876623041,57003000.0,0.3165285860246102,579638000.0,0.0,135626000.0,119375000.0,626509000.0,54122000.0,0.0,55286660.0,589421660.0,0.0,1.1361340314136126,0.9300511698680901,0.0,0.023273952754778893,0.0,0.0,0.3069980231886633,-5.390664976599063,0.0,-0.07644305772230889,2.2742138132367615,0.00354515899495466,0.31069046542842255,0.6074387434554974,-0.004423450498414527,1.357794095977209,0.3165285860246102,0.7543764860509985,-1.3427304344805306,-0.3526019026031601,0.0,-0.04855454666844706,0.7630095202883815,0.0831744302188323,-1.1358841820627399,-0.4116032145784537,0.0,Oil & Gas Midstream,Energy,MMLP
2020Q3,2020,Q3,2020-10-26,2020-09-30,-10819000.0,152533000.0,11013000.0,-0.27,59912000.0,0.3927805786288869,626340000.0,0.0,163778000.0,104695000.0,670803000.0,77724000.0,0.0,45234540.0,640351540.0,0.0,1.5643344954391327,0.9531229044927675,0.0,0.017468629008566987,0.0,0.0,0.2965557617040247,-1.0452569553563176,0.0,-0.01830113688880673,1.1916653800627863,0.004377186106015448,0.24353067024299901,0.7303787191365395,-0.01727336590350289,-1.5014119755708975,0.3927805786288869,-3.5000000000000004,-3.967096619147729,-0.38368346232695727,0.0,-0.03375534231110394,-3.911030413073082,0.3835427135678392,0.34092778009966984,-0.2164280426046799,0.0,Oil & Gas Midstream,Energy,MMLP
2020Q2,2020,Q2,2020-08-07,2020-06-30,-2203000.0,140638000.0,7960000.0,-0.06,62005000.0,0.4408836871969169,616979000.0,0.0,142731000.0,446506000.0,650786000.0,65668000.0,0.0,46007780.0,608385780.0,0.0,0.31966199782309757,0.9115869421811763,0.0,0.020972245586834255,0.0,0.0,0.32713619363187757,-5.2210372219700405,0.0,-1.1193826600090786,1.1974325394408236,0.05359963032339313,0.22794616996688705,0.15107971673392967,-0.0035706239596485457,-6.520376984126984,0.4408836871969169,-1.272727272727273,-1.183549464086984,-0.48849898482451365,0.0,-0.17143277120025657,-1.2499149177538287,-0.4897435897435897,-3.209930020667569,-0.28049152106101227,0.0,Oil & Gas Midstream,Energy,MMLP
2020Q1,2020,Q1,2020-05-11,2020-03-31,8815000.0,198883000.0,15600000.0,0.22,74834000.0,0.37627147619454654,612199000.0,0.0,127469000.0,448914000.0,641700000.0,46830000.0,0.0,42505100.0,572104100.0,0.0,0.2839497097439599,0.8651876268990966,0.0,0.026731676929273404,0.0,0.0,0.21371912129241816,1.2054764605785593,0.0,0.2787294384571753,2.648921631432842,0.05780482812650716,0.3248665874985095,0.16537911493069943,0.014398912771827461,1.3026785987924852,0.37627147619454654,0.2798885877747666,-0.5328901543219375,-0.4047068030365796,0.0,-0.07310245739199366,0.3271604938271605,-0.1346313862539524,-0.3731963297698056,-0.24172886183491202,0.0,Oil & Gas Midstream,Energy,MMLP
2019Q4,2019,Q4,2020-02-14,2019-12-31,6642000.0,241862000.0,18027000.0,0.17188996143992133,80736000.0,0.3338101892814911,667156000.0,0.0,181364000.0,107280000.0,703352000.0,62540000.0,0.0,155723230.0,754508230.0,0.0,1.6905667412378822,0.8540551235393221,0.0,0.028553025123346468,0.0,0.0,0.6438515765188413,5.8613079644685335,0.0,1.4796747967479675,2.5763671250399742,0.06311197115549169,0.36252690525154535,1.0061428038777032,0.00995569252168908,3.675144671009157,0.3338101892814911,-0.47912132896993537,0.3882089568199638,-0.34245218391922827,0.0,0.14188730482009504,-0.49871698113207547,-0.29197596323789327,-0.6412534811039423,-0.013934734913745932,0.0,Oil & Gas Midstream,Energy,MMLP
2019Q3,2019,Q3,2019-10-23,2019-09-30,13250000.0,177900000.0,25461000.0,0.33,70704000.0,0.39743676222596963,691131000.0,0.0,197508000.0,88854000.0,724501000.0,95971000.0,0.0,175484620.0,814982620.0,0.0,2.222837463704504,0.8772475840325495,0.0,0.039004502039613295,0.0,0.0,0.9864228218100056,3.311030566037736,0.0,0.7415094339622641,1.1169624157297517,0.055987812493197404,0.2574041679507937,0.9704909176851915,0.019171474004204703,-11.256951696709217,0.39743676222596963,1.0684647302904564,1.4108044301536453,-0.6194775524099366,0.0,0.0036338859868271633,1.0693056877739535,4.082035928143712,13.98647551139943,-0.0679364862292007,0.0,Oil & Gas Midstream,Energy,MMLP
2019Q2,2019,Q2,2019-07-24,2019-06-30,-191182000.0,187323000.0,5010000.0,-4.82,70448000.0,0.376077684000363,700508000.0,0.0,198822000.0,110305000.0,737622000.0,81220000.0,0.0,270930870.0,901179870.0,0.0,1.8024749558043607,0.8513792847476402,0.0,0.008424769431836938,0.0,0.0,1.446329975496869,-0.3542839676329362,0.0,-0.05140128254752016,1.4389928589017484,0.036271245133491066,0.2674102222958196,0.932251484520194,-0.27291908158079564,-17.802146658781787,0.376077684000363,-52.555555555555564,-145.9617390941982,-0.6672893274357016,0.0,-0.11081940728025445,-51.292669584245075,-0.5321255136346656,-142.55470036920062,-0.10513536306855097,0.0,Oil & Gas Midstream,Energy,MMLP
2019Q1,2019,Q1,2019-04-26,2019-03-31,-3656000.0,250967000.0,10708000.0,-0.09,79228000.0,0.3156909075695211,1095068000.0,0.0,188191000.0,524614000.0,931277000.0,70541000.0,0.0,480043620.0,1264442620.0,0.0,0.3587227942830348,0.7165089291258625,0.0,0.016266709419129718,0.0,0.0,1.9127758629620628,-32.825739879649895,0.0,-5.364606126914661,2.434598318708269,0.040856703813707596,0.2291793751620904,0.1998860114293557,-0.003338605456464804,14.274267618198037,0.3156909075695211,-2.8131215772179625,-1.2167938008415877,-0.6468376633678372,0.0,0.46422961060082424,-3.004381161007667,-0.07072810899939252,-1.2099696239033941,0.016711031401274053,0.0,Oil & Gas Midstream,Energy,MMLP
2018Q4,2018,Q4,2019-02-19,2018-12-31,-913000.0,252833000.0,11523000.0,-0.023602709270461715,54109000.0,0.21401082928256993,1033398000.0,0.0,194042000.0,101513000.0,768686000.0,85068000.0,0.0,397650960.0,1053872960.0,0.0,1.9114990198299726,0.635243149299689,0.0,0.017495777980087966,0.0,0.0,1.5727810847476398,-108.88580503833515,0.0,-21.480832420591458,2.3360605633140548,0.049319634485479436,0.24466178568179928,0.9658171859761804,-0.0008834930975287353,7.561054152722847,0.21401082928256993,-1.0236027092704618,0.983735225814107,-0.6331341245446104,0.0,0.18152240370338021,-1.0231455660903515,2.267082506379359,-1.121977807856732,-0.09156094361208533,0.0,Oil & Gas Midstream,Energy,MMLP
2018Q3,2018,Q3,2018-10-24,2018-09-30,39446000.0,219047000.0,3527000.0,1.0,45796000.0,0.2090692865001575,1101049000.0,0.0,243716000.0,106766000.0,816164000.0,134059000.0,0.0,458543640.0,1154037640.0,0.0,2.2827117247063673,0.6345584983047984,0.0,0.005095967313990713,0.0,0.0,2.093357316009806,2.9061478983927396,0.0,0.4971860264665619,1.2923488911598624,0.04277019303985984,0.1989439162108135,0.9233651162355057,0.035825835180813934,-13.529154692709408,0.2090692865001575,6.555555555555555,139.9137498277881,-0.5822177987534249,0.0,-0.006443494673811642,6.443831079216119,-0.36116645535229125,9.804041549298834,-0.11607376021206854,0.0,Oil & Gas Midstream,Energy,MMLP
2018Q2,2018,Q2,2018-07-25,2018-06-30,-7246000.0,216571000.0,5521000.0,-0.18,46093000.0,0.2128308961033564,1218765000.0,0.0,209325000.0,111296000.0,954066000.0,113100000.0,0.0,534363600.0,1365681600.0,0.0,1.8807953565267395,0.6825991885228079,0.0,0.006759529605277929,0.0,0.0,2.4673829829478553,-18.436502898150707,0.0,-2.7065967430306377,1.5073209549071618,0.036701601680952815,0.1776970950101127,0.7430545572167913,-0.005945362723740836,-102.76223076923077,0.2128308961033564,-1.5625,-1.5474516098899382,-0.5853068556159899,0.0,-0.3092404987411581,-1.5652987985645186,-0.7705033877873384,-1.6027864610591587,-0.21355083437486475,0.0,Oil & Gas Midstream,Energy,MMLP
2018Q1,2018,Q1,2018-04-25,2018-03-31,12818000.0,284204000.0,24057000.0,0.32,66728000.0,0.2347890951569999,1211061000.0,0.0,200101000.0,113928000.0,919875000.0,73894000.0,0.0,521383500.0,1316338500.0,0.0,1.756381223228706,0.6565639550774073,0.0,0.02990743512439513,0.0,0.0,1.8345396264654965,10.168971368388203,0.0,1.5294897799968794,2.9430806290091214,0.037601880381715184,0.23467356309880344,0.9714819886243944,0.01058410765436258,12.990096419762313,0.2347890951569999,-0.34433020319380336,-0.47013387203033574,-0.5493123156509624,0.0,-0.10284093200855103,-0.319963923815587,-0.19008180991819007,-0.3204180825758372,-0.14888491949975158,0.0,Oil & Gas Midstream,Energy,MMLP
2017Q4,2017,Q4,2018-02-16,2017-12-31,18849000.0,305741000.0,29703000.0,0.48805054245099816,74377000.0,0.24326799480606134,1253498000.0,0.0,242663000.0,134408000.0,955257000.0,97252000.0,0.0,540694000.0,1353299000.0,0.0,1.8054208082852212,0.6482914212866714,0.0,0.036452968930117256,0.0,0.0,1.7684706990557366,7.171388402567776,0.0,1.040638760676959,2.3790153415868054,0.03627745083170888,0.24391024157996263,0.9743914052734957,0.015037120123047663,17.895478917058316,0.24326799480606134,2.162025101073805,0.09255039680075537,-0.6312285613709726,0.0,0.4903418426642087,2.1573744320275083,7.624219446922391,2.941568947574183,-0.16835453419239108,0.0,Oil & Gas Midstream,Energy,MMLP
2017Q3,2017,Q3,2017-10-25,2017-09-30,-16286000.0,193128000.0,-4484000.0,-0.42,49906000.0,0.2584089308645044,1248050000.0,0.0,225878000.0,110754000.0,949170000.0,130618000.0,0.0,596451350.0,1426427350.0,0.0,2.0394568142008414,0.6650302471856095,0.0,-0.00543853365207971,0.0,0.0,3.088373255043287,-9.155890795775512,0.0,-1.2045314994473781,1.0964951231836346,0.03288952233908097,0.15474380032851248,0.70119363634722,-0.013049156684427706,-20.93619818175436,0.2584089308645044,-14.999999999999998,-1.1354740185232282,-0.6341319637421988,0.0,-0.07883419163113499,-17.467138523761374,-1.4133480825958702,0.4911705437046728,-0.5837175032260397,0.0,Oil & Gas Midstream,Energy,MMLP
2017Q2,2017,Q2,2017-07-26,2017-06-30,989000.0,193922000.0,10848000.0,0.03,54177000.0,0.2793752127143903,1226520000.0,0.0,192880000.0,105426000.0,891840000.0,101696000.0,0.0,673165350.0,1453492350.0,0.0,1.8295297175269858,0.6362383002315494,0.0,0.013720938036249904,0.0,0.0,3.4713201699652436,170.16313195146614,0.0,19.837209302325583,1.374144509125236,0.029144399663470495,0.15810749111306788,0.6879801946388936,0.000806346410983922,-28.028702585668483,0.2793752127143903,-0.9166666666666666,-0.9171732999993649,-0.6011918022094384,0.0,-0.21346960700338263,-0.9271883972612824,-0.5432036382011117,1.7704326060712356,-0.650953095935512,0.0,Oil & Gas Midstream,Energy,MMLP
2017Q1,2017,Q1,2017-04-26,2017-03-31,13583000.0,253325000.0,23748000.0,0.36,68881000.0,0.2719076285404125,1209160000.0,0.0,154120000.0,99216000.0,855948000.0,62051000.0,0.0,746420000.0,1497116000.0,0.0,1.5533784873407515,0.62087316814979,0.0,0.03121928608488712,0.0,0.0,2.9464916609098983,13.738128543031731,0.0,1.3315909592873445,2.972458139272534,0.024231665818172075,0.20950494558205696,0.7436099016287695,0.011233418240762181,14.913784491198625,0.2719076285404125,-0.24865451291801813,-0.21961291913808412,-0.5470027947990367,0.0,0.009955719773613677,-0.24040935018454312,-0.17792855164774302,-0.16518158248071085,-0.630519551360577,0.0,Oil & Gas Midstream,Energy,MMLP
2016Q4,2016,Q4,2017-02-15,2016-12-31,17882000.0,236901000.0,28888000.0,0.47914043032073095,68202000.0,0.2878924107538592,1246363000.0,0.0,194003000.0,117574000.0,934357000.0,82631000.0,0.0,684840350.0,1492932350.0,0.0,1.650050181162502,0.6483721034722629,0.0,0.03515017653126082,0.0,0.0,2.8908292915606095,9.574437283301645,0.0,1.0115199642098198,2.0415945589427698,0.026411995146021987,0.1900738388414932,0.7850119924473098,0.014347345035114168,16.04142110934133,0.2878924107538592,16.9713476773577,2.794201307490239,-0.5852451929227418,0.0,0.20285714285714285,20.166130760986068,2.14821272885789,1.3301786592885403,-0.6437161785239678,0.0,Oil & Gas Midstream,Energy,MMLP
2016Q3,2016,Q3,2016-10-26,2016-09-30,-933000.0,174537000.0,9176000.0,-0.03,56700000.0,0.32485948538132314,1340344000.0,0.0,239891000.0,113492000.0,1029431000.0,107476000.0,0.0,708333840.0,1621827840.0,0.0,2.1137260776089946,0.681544439337961,0.0,0.012445994911306537,0.0,0.0,4.058359201773836,-189.80006430868167,0.0,-35.764201500535904,1.0964029178607317,0.047107731009999466,0.13021806342252437,0.4818841856694745,-0.0006960899589956011,-41.40366144493804,0.32485948538132314,0.12437654830718425,-1.0936668215874175,-0.7009158315417016,0.0,-0.12830919656858222,0.2295623451692816,-0.10530421216848673,-4.650374158320601,-0.6354094001971933,0.0,Oil & Gas Midstream,Energy,MMLP
2016Q2,2016,Q2,2016-07-27,2016-06-30,-1211000.0,190348000.0,10256000.0,-0.034261302551915354,65046000.0,0.34172147855506757,1341732000.0,0.0,154243000.0,116399000.0,997841000.0,90636000.0,0.0,816492600.0,1695355600.0,0.0,1.3251230680675952,0.6550421395628934,0.0,0.013854375883368705,0.0,0.0,4.2894729653056505,-168.55751445086705,0.0,-27.5532617671346,1.3824749547641113,0.04086626137211776,0.14186737738982153,0.5023926322391086,-0.0009025647446733029,43.08440715529524,0.34172147855506757,-1.103822128945198,-1.0748455421630545,-0.6469127268696573,0.0,-0.11690674341881967,-1.076096518788488,-0.5786013641219492,-1.1002326143615078,-0.6007063722588566,0.0,Oil & Gas Midstream,Energy,MMLP
2016Q1,2016,Q1,2016-04-28,2016-03-31,15914000.0,225605000.0,24338000.0,0.33,73657000.0,0.32648655836528445,1342960000.0,0.0,134881000.0,89755000.0,965880000.0,57904000.0,0.0,709908319.9999999,1583473320.0,0.0,1.5027686479861846,0.6505115565616251,0.0,0.027770085944955482,0.0,0.0,3.1466869971853457,11.15226090235013,0.0,2.095953248711826,2.6241365017960763,0.0469849402525667,0.16799085601953892,0.8002116873711771,0.01184994340858998,27.454107819630284,0.32648655836528445,0.7054261072942553,0.19261143054432084,-0.5770186190625718,0.0,-0.08114817494573488,1.3262680894606051,0.7652861391165591,-0.28136196136199426,-0.6091778387612841,0.0,Oil & Gas Midstream,Energy,MMLP
2015Q4,2015,Q4,2016-02-29,2015-12-31,6841000.0,254371000.0,13787000.0,0.19350002828534255,80162000.0,0.31513812502211336,1380473000.0,0.0,167825000.0,119168000.0,986594000.0,75870000.0,0.0,767181800.0,1632153800.0,0.0,1.4083059210526316,0.6265989990387353,0.0,0.015411514106188951,0.0,0.0,3.0159955340821085,28.036171612337377,0.0,4.877941821371144,2.2961513114538024,0.04349686084836736,0.18426365455898086,0.7179947636949516,0.004955547844832894,17.46770947176685,0.31513812502211336,1.0516813809906531,-0.44491939844688383,-0.48501265373105684,0.0,0.18589857388011125,1.0543543543543543,0.14567059996676085,-0.5668306572872328,-0.664836937400524,0.0,Oil & Gas Midstream,Energy,MMLP
2015Q3,2015,Q3,2015-10-28,2015-09-30,3330000.0,226021000.0,12034000.0,0.0943129035912541,67596000.0,0.2990695554837825,1401435000.0,0.0,175342000.0,103268000.0,981866000.0,91803000.0,0.0,861515200.0,1737907200.0,0.0,1.6979315954603555,0.6253625747894123,0.0,0.012953128940202906,0.0,0.0,3.8116599784975733,64.67831831831832,0.0,10.020720720720721,1.7257061316078994,0.0387329207888613,0.16127826121083033,0.7475210132858194,0.0023761358892849115,-269.56045056320403,0.2990695554837825,-0.5036162968881363,-0.6399005786549095,-0.4200711095691119,0.0,-0.11771846244208053,-0.6961956025910044,-0.3869587366276108,-0.9699075650079203,-0.5348430298474423,0.0,Oil & Gas Midstream,Energy,MMLP
2015Q2,2015,Q2,2015-07-29,2015-06-30,10961000.0,251099000.0,19630000.0,0.19,76615000.0,0.30511869820270093,1411510000.0,0.0,170414000.0,120488000.0,962921000.0,76563000.0,0.0,1093135680.0,1933270680.0,0.0,1.4143649160082332,0.5952200126106085,0.0,0.02271393835443602,0.0,0.0,4.353405150956395,24.932389380530974,0.0,3.044339020162394,2.2789598108747047,0.03052594532455477,0.1778938866887234,0.7154654405417967,0.007765442681950535,25.87915909090909,0.30511869820270093,-0.48648648648648646,0.7871547154471545,-0.4060075151027056,0.0,-0.028024459555465342,-0.3645060296846011,-0.20532750384584245,-0.0027690260240315887,-0.43901210111530226,0.0,Oil & Gas Midstream,Energy,MMLP
2015Q1,2015,Q1,2015-04-29,2015-03-31,17248000.0,305353000.0,24702000.0,0.37,78824000.0,0.2581405782815299,1432157000.0,0.0,183017000.0,110438000.0,962137000.0,68564000.0,0.0,1251634480.0,2100964480.0,0.0,1.657192270776363,0.5930683577289362,0.0,0.028548649213281745,0.0,0.0,4.098975546334898,18.141733534322817,0.0,1.9253246753246753,3.3039058397993117,0.02653170756369703,0.21321195930334452,0.9692678244807041,0.012043372339764425,37.01199041902002,0.2581405782815299,1.9881751657900755,3.883260998829238,-0.36909333140033657,0.0,0.1452815110788231,2.9442030642579464,0.6207597926645233,0.04718299348715484,-0.4229823083389856,0.0,Oil & Gas Midstream,Energy,MMLP
2014Q4,2014,Q4,2015-03-02,2014-12-31,4373000.0,336183000.0,15241000.0,0.12382138913271229,68825000.0,0.20472480761965953,1553919000.0,0.0,287751000.0,163575000.0,1068248000.0,88718000.0,0.0,949320960.0,1851283960.0,0.0,1.759138010087116,0.5804710541540453,0.0,0.016584277888385495,0.0,0.0,2.8238220255039668,54.27172193002515,0.0,6.7205579693574204,3.013571090421335,0.030957917541397168,0.2163452535170752,0.9278496102705182,0.00281417499882555,25.800971897592,0.20472480761965953,1.1510016940642833,-0.5516970784519983,-0.25363845681260144,0.0,-0.06748773812427174,1.1625348448243822,0.2684977111943404,-0.019487300981647738,-0.3780295534641437,0.0,Oil & Gas Midstream,Energy,MMLP
2014Q3,2014,Q3,2014-10-29,2014-09-30,-26905000.0,389985000.0,12015000.0,-0.82,73806000.0,0.1892534328243394,1588736000.0,0.0,288981000.0,165195000.0,1078446000.0,120369000.0,0.0,1202341470.0,2109412470.0,0.0,1.7493326069190955,0.5728308542136642,0.0,0.013351048375297714,0.0,0.0,3.0830454248240318,-11.172100631852816,0.0,-0.9230254599516818,2.6267477506667,0.020654698036823103,0.24546872482275217,0.949042041224008,-0.016934846318079278,81.42083496986524,0.1892534328243394,-26.333333333333332,-3.684710963790292,0.1612956701881435,0.0,0.002689925008151288,-26.794421487603305,-0.28079731832874416,-3.9610242623738703,-0.26741393909361916,0.0,Oil & Gas Midstream,Energy,MMLP
2014Q2,2014,Q2,2014-07-31,2014-06-30,-968000.0,418945000.0,16706000.0,-0.03,73608000.0,0.17569848070749144,1250756000.0,0.0,298720000.0,169835000.0,864023000.0,113346000.0,0.0,1191090320.0,1880554320.0,0.0,1.7588836223393294,0.553399703859106,0.0,0.03805116394517315,0.0,0.0,2.84307085655635,-307.6163016528926,0.0,-22.494834710743802,3.0467506572794805,0.018281569108881686,0.3349534201714803,1.0257073041481437,-0.0007739319259711726,-29.651240229026637,0.17569848070749144,-1.069767441860465,-1.0613716510973827,0.6410824815387592,0.0,-0.037250183111855184,-1.082068673166596,-0.30126730519887907,-1.073110385365682,-0.050330089985805536,0.0,Oil & Gas Midstream,Energy,MMLP
2014Q1,2014,Q1,2014-05-05,2014-03-31,11795000.0,497028000.0,23909000.0,0.43,76456000.0,0.15382634378747273,1067612000.0,0.0,257804000.0,165766000.0,811519000.0,94771000.0,0.0,1164717750.0,1804118750.0,0.0,1.555228454568488,0.603001839619637,0.0,0.03621774451551263,0.0,0.0,2.343364458340375,24.686683976261126,0.0,1.8117846545146248,4.437771048105433,0.018347792845090583,0.46555115528862545,0.9368567740067324,0.011048021191219282,58.58151845890755,0.15382634378747273,1.2963156822291841,0.3009826941620555,0.7015465696363983,0.0,0.02774491880847403,1.3004253584982552,0.00521336977086399,0.15507072878553885,0.21771149261691386,0.0,Oil & Gas Midstream,Energy,MMLP
2013Q4,2013,Q4,2014-03-03,2013-12-31,-39261000.0,482020000.0,23785000.0,-1.4511550545185732,74392000.0,0.15433384506866935,1097919000.0,0.0,297478000.0,176588000.0,837502000.0,94902000.0,0.0,1157954000.0,1800107000.0,0.0,1.6845878542143293,0.5999486300901979,0.0,0.03596545516187035,0.0,0.0,2.40229451060122,-7.37343674384249,0.0,-0.5425740556786633,4.295251944110767,0.018396240265157338,0.43903056600714624,1.1055281219561919,-0.03575946859467775,43.923453324735426,0.15433384506866935,-201.8867197606727,-2.260648210074657,0.13356590799934814,1.0,0.18274030970778085,-205.484375,0.9427427917993956,-5.162831539337978,0.27521977429913097,0.0,Oil & Gas Midstream,Energy,MMLP
2013Q3,2013,Q3,2013-11-04,2013-09-30,192000.0,359616000.0,12243000.0,0.007223748071785997,62898000.0,0.17490323011211958,1120202000.0,0.0,286494000.0,149156000.0,799396000.0,106783000.0,0.0,1246350880.0,1897482880.0,0.0,1.9207675185711603,0.5813031935311667,0.0,0.007292640864158287,0.0,0.0,3.4657826125645133,1622.852708333333,0.0,110.59375,2.7787007295168706,0.017036935858704572,0.3210278146262906,1.1385395156748639,0.00017139765863656732,-24.817819195539627,0.17490323011211958,-0.9781098543279212,-0.9923555520059454,-0.4598303766511158,1.0,-0.09176497769049716,-0.9788499669530734,-0.3956759958536947,-0.972390706266454,0.22698947426057833,0.0,Oil & Gas Midstream,Energy,MMLP
2013Q2,2013,Q2,2013-08-05,2013-06-30,9078000.0,358188000.0,20259000.0,0.33,69253000.0,0.19334260220889588,1056098000.0,0.0,257109000.0,147151000.0,714207000.0,93313000.0,0.0,1187408180.0,1755582180.0,0.0,1.7472460261907836,0.538009730157618,0.0,0.03451466036209047,0.0,0.0,3.3150417657766313,32.70015917602996,0.0,2.3237497246089447,3.096406717177671,0.017765584198687262,0.3391617065840481,1.0651167847992877,0.0085957931934347,-172.56331637843337,0.19334260220889588,-0.4590163934426229,0.1507019180645494,-0.36391752123670423,1.0,-0.09358271272070469,-0.4543487407585502,-0.2321773735076748,0.9677952294380088,0.1264832815815662,0.0,Oil & Gas Midstream,Energy,MMLP
2013Q1,2013,Q1,2013-05-06,2013-03-31,16637000.0,433686000.0,26385000.0,0.61,76403000.0,0.17617123909925614,1036365000.0,0.0,255351000.0,160869000.0,682430000.0,71198000.0,0.0,1030566799.9999999,1553712800.0,0.0,1.5873226041064468,0.5048346866210264,0.0,0.04951699117863271,0.0,0.0,2.376297136638028,15.486067199615313,0.0,1.2596621987137104,5.018160622489396,0.020335411542463818,0.41846839675210956,1.1131976950189284,0.016053224491371282,20.335585461146845,0.17617123909925614,0.36554656552886644,0.13545201407101784,-0.24192091058379966,1.0,0.462062498803988,0.4021913190054783,0.0066768409004196875,5.263045885916678,0.19145518877210657,0.0,Oil & Gas Midstream,Energy,MMLP
2012Q4,2012,Q4,2013-03-04,2012-12-31,11865000.0,570187000.0,26210000.0,0.4467075787809194,52257000.0,0.0916488801042465,1012996000.0,0.0,314915000.0,178482000.0,655034000.0,95987000.0,0.0,824984660.0,1298020660.0,0.0,1.7644076153337591,0.47206306836354733,0.0,0.04598392349482171,0.0,0.0,1.446866834915563,17.38273619890434,0.0,1.5335861778339654,5.395834852636295,0.022056167686802807,0.5628719165722273,1.1910052554319204,0.011712780701996849,36.46018738675034,0.0916488801042465,-0.8544926453482347,-0.15754950489172154,0.1868481452360703,1.0,-0.21046429057065588,-0.8361210480518225,0.7613063638196358,0.6173321430797424,0.6831785985177208,0.0,Oil & Gas Midstream,Energy,MMLP
2012Q3,2012,Q3,2012-11-05,2012-09-30,72401000.0,317912000.0,14881000.0,3.07,66187000.0,0.20819283323687057,823796000.0,0.0,265412000.0,156511000.0,413546000.0,116260000.0,0.0,810383080.0,1066539080.0,0.0,1.6958041287832804,0.31097868889870794,0.0,0.05655741415356137,0.0,0.0,2.5490798711593143,2.798245466222842,0.0,0.2685598265217331,2.165190091174953,0.023993590784249837,0.38591107507198386,0.9433266671352173,0.08788704970648073,-15.380498396249692,0.20819283323687057,11.28,7.276835915537269,0.08194892572381247,1.0,0.016416351853558157,9.066879866518354,-0.1067827130852341,9.08355723781306,0.321315373770649,0.0,Oil & Gas Midstream,Energy,MMLP
2012Q2,2012,Q2,2012-08-06,2012-06-30,7192000.0,292878000.0,16660000.0,0.25,65118000.0,0.222338311515375,966856000.0,0.0,420367000.0,148394000.0,609761000.0,83759000.0,0.0,756392220.0,1209462220.0,0.0,2.8327762578001807,0.46871095592311574,0.0,0.03470053590148492,0.0,0.0,2.582618769590068,26.29283300889878,0.0,2.703559510567297,2.719230172279994,0.025706240077403228,0.3029179112504861,0.828234295187137,0.007438543071563914,770.2568431771894,0.222338311515375,-0.37500000000000006,-0.283691217858076,0.06516354405458964,1.0,-0.07141431138236888,-0.3169341817836452,0.09778597785977859,-0.429136726520693,0.4363164114203863,0.0,Oil & Gas Midstream,Energy,MMLP
2012Q1,2012,Q1,2012-05-07,2012-03-31,10529000.0,338286000.0,15176000.0,0.4,70126000.0,0.20729796680914966,967665000.0,0.0,224218000.0,154872000.0,597644000.0,81487000.0,0.0,762630927.12,1187730927.12,0.0,1.447763314220776,0.4483803795735094,0.0,0.03465796019571911,0.0,0.0,2.2543969514552775,18.10786701301168,0.0,1.8467090891822586,3.2908316664007757,0.025495950017957358,0.34958999240439614,0.9043274445994112,0.010880831692786244,-23.920423032432094,0.20729796680914966,2.1675066994037184,0.05705810826518327,0.26500437768555846,-1.0,0.15887757800105765,2.6930901438091897,1.0313211082853702,0.3917251330721653,0.38784121118633014,0.0,Oil & Gas Midstream,Energy,MMLP
2011Q4,2011,Q4,2012-03-05,2011-12-31,2851000.0,345523000.0,7471000.0,0.12628229012911002,60512000.0,0.17513161207792247,949109000.0,0.0,231104000.0,195306000.0,663493000.0,78163000.0,0.0,777644235.78,1237580235.78,0.0,1.1832918599530993,0.4848779223461162,0.0,0.016867213609062508,0.0,0.0,2.250629439371619,68.19048016310067,0.0,1.1027709575587512,3.64636720699052,0.004042979881213259,0.3640498615016821,0.7697715379967845,0.0030038699453908877,166.3410130010695,0.17513161207792247,-0.36858854935444996,-0.8017463608319764,0.3509535806948108,0.0,0.003083247687564234,-0.47193924800889053,-0.08083169291338582,-0.8902959800748476,-0.02624107857121148,1.0,Oil & Gas Midstream,Energy,MMLP
2011Q3,2011,Q3,2011-11-07,2011-09-30,5399000.0,316309000.0,8128000.0,0.2,60326000.0,0.19071856950007746,923878000.0,0.0,220116000.0,175108000.0,623880000.0,80852000.0,0.0,622454271.6600001,1062572271.6600001,0.0,1.257029947232565,0.47540151405272124,0.0,0.017673022683824438,0.0,0.0,1.9678677232073702,28.82266492220782,0.0,3.063715502870902,3.1660688665710186,0.026573839642689615,0.34237096239979736,0.7847842474358682,0.005843845183022001,75.57725493686256,0.19071856950007746,-0.45945945945945943,-0.17440422497918626,0.4195363807685464,1.0,-0.019105380400318693,-0.38437856328392245,-0.23074010978610637,-0.7020813246440781,-0.34152058938055924,1.0,Oil & Gas Midstream,Energy,MMLP
2011Q2,2011,Q2,2011-08-09,2011-06-30,8770000.0,292205000.0,10566000.0,0.37,61501000.0,0.21047210006673397,898279000.0,0.0,201976000.0,147351000.0,587931000.0,63560000.0,0.0,738368859.78,1167916859.78,0.0,1.370713466484788,0.4769587177257845,0.0,0.02396559710438416,0.0,0.0,2.5268864659400077,21.048143095210946,0.0,4.130672748004561,3.6297042164883573,0.049062199089481756,0.32529425712946647,0.9158336217602867,0.009763113687395564,31.857827146740302,0.21047210006673397,0.23333333333333336,0.10622524563332011,0.45379789044224134,0.0,-0.03648754504151653,0.23852563197288518,-0.20376789751318763,0.5410117725801545,-0.280677328762805,1.0,Oil & Gas Midstream,Energy,MMLP
2011Q1,2011,Q1,2011-05-04,2011-03-31,7081000.0,283036000.0,13270000.0,0.3,63830000.0,0.2255190152489436,825178000.0,0.0,175680000.0,128089000.0,487965000.0,50296000.0,0.0,751184874.4399999,1086168874.44,0.0,1.3715463466808235,0.4176735201374734,0.0,0.0372028315737665,0.0,0.0,2.6540258993202275,26.521143709927976,0.0,2.1005507696653014,4.358318752982345,0.01980071818017955,0.34299993455957384,0.9368564045312244,0.008581178848684768,-29.67350876713411,0.2255190152489436,-0.13941004587155972,0.08282547455055901,0.26376957557375225,-1.0,0.008882847569071253,0.0827217125382263,-0.16055161943319837,-0.3158048066106931,-0.2995575657280641,1.0,Oil & Gas Midstream,Energy,MMLP
2010Q4,2010,Q4,2011-03-02,2010-12-31,6540000.0,262111000.0,15808000.0,0.3485980734039872,63268000.0,0.24137865255559668,785478000.0,0.0,179734000.0,124395000.0,510672000.0,52616000.0,0.0,738616973.6561,1101219973.6561,0.0,1.444865147312995,0.4761215463704903,0.0,0.04045678744504548,0.0,0.0,2.817954888028736,28.234593794193422,0.0,2.2188073394495413,3.7791356241447467,0.019646177271247383,0.33369616972085786,0.9822902849792998,0.008326140261089425,-252.08770431948807,0.24137865255559668,0.8347267021262483,0.6747698602258981,0.18810062182123713,1.0,0.23977112400062706,0.41069887834339946,1.0521874594313905,-0.3425752472469019,-0.22757779957162028,1.0,Oil & Gas Midstream,Energy,MMLP
2010Q3,2010,Q3,2010-11-03,2010-09-30,4636000.0,195387000.0,7703000.0,0.19,51032000.0,0.2611842138934525,713871000.0,0.0,143731000.0,107794000.0,430509000.0,51276000.0,0.0,577933568.75,872766568.75,0.0,1.3333859027404122,0.43908213108530814,0.0,0.024559955087446163,0.0,0.0,2.9578916138228233,31.165528944672126,0.0,3.1300690250215704,2.8152547000546067,0.02510842211741659,0.27370071063259327,0.8164647382971223,0.006494170515401242,40.71388296935541,0.2611842138934525,0.8999999999999999,-0.5419117424206136,-0.1704306145692769,-1.0,-0.02021695305750216,0.5076422764227643,-0.15370248297077566,-0.30832950023064154,-0.13217621599163923,1.0,Oil & Gas Midstream,Energy,MMLP
2010Q2,2010,Q2,2010-08-04,2010-06-30,3075000.0,211944000.0,9102000.0,0.1,52085000.0,0.2457488770618654,717559000.0,0.0,145804000.0,107248000.0,420419000.0,49157000.0,0.0,545408510.01,838829510.01,0.0,1.3595032075190214,0.4228167997335411,0.0,0.02817437922688166,0.0,0.0,2.5733614068338806,44.342155285365855,0.0,4.71869918699187,3.252008869540452,0.026603911992011203,0.2953680463906104,0.8707481724600925,0.004285361900554519,-883.9684116855753,0.2457488770618654,1.5,-0.49972531925343483,0.1953292960381156,-1.0,0.004900542146591808,0.7363071710897798,0.203490678302261,-0.6003002435610602,0.005978819161461438,1.0,Oil & Gas Midstream,Energy,MMLP
2010Q1,2010,Q1,2010-05-05,2010-03-31,1771000.0,242676000.0,7563000.0,0.04,51831000.0,0.21358107105770657,705802000.0,0.0,130431000.0,94788000.0,398086000.0,33950000.0,0.0,550546849.85,830701849.85,0.0,1.3760286112166098,0.4156108937067336,0.0,0.025413519577202094,0.0,0.0,2.2686497628525277,77.71694661914174,0.0,7.433088650479955,5.621354933726067,0.023910771632943893,0.3438301393308605,0.981031354179854,0.002509202297528202,69.92847070367078,0.21358107105770657,-0.8551775506031486,-0.7599337211247712,0.2081838531176931,-1.0,-0.6492003438217,-0.6379063586178696,-0.2328058429701765,-0.7733208865206281,0.15695386066107642,-1.0,Oil & Gas Midstream,Energy,MMLP
2009Q4,2009,Q4,2010-03-04,2009-12-31,4891000.0,225848000.0,9858000.0,0.27620027258612057,147751000.0,0.6542054833339237,685939000.0,0.0,129274000.0,106499000.0,420988000.0,35510000.0,0.0,557453034.2,855980034.2,0.0,1.213851773256087,0.44373041917721545,0.0,0.02741075886582541,0.0,0.0,2.4682664190074743,28.493816918830507,0.0,2.4258842772439175,2.199295972965362,0.021284304276910866,0.32925376746328755,0.850261504802862,0.007130371651123496,173.22965637041642,0.6542054833339237,0.06230874071584829,-0.4684297468659535,0.17970837036749768,1.0,6.779644060657119,0.08279831746734559,0.5677480916030534,-0.566386473325637,0.12579916463219004,0.0,Oil & Gas Midstream,Energy,MMLP
2009Q3,2009,Q3,2009-11-04,2009-09-30,4517000.0,151363000.0,6288000.0,0.26,18992000.0,0.12547320018762842,643646000.0,0.0,121926000.0,108141000.0,425365000.0,40298000.0,0.0,387445141.16,687832141.1600001,0.0,1.1274724665020668,0.4757335554015717,0.0,0.02089828279521353,0.0,0.0,2.5597083908220637,21.443720453841046,0.0,2.6269647996457826,3.284803216040498,0.03062627128184786,0.23516498199320746,0.7184231697506034,0.00701783278385945,88.68050839093614,0.12547320018762842,-0.4693877551020408,0.4148298605978953,0.22285929305986013,0.0,-0.5487871516476206,-0.4300315457413249,-0.4307956911378655,-0.08943303256054268,-0.10450663668448151,1.0,Oil & Gas Midstream,Energy,MMLP
2009Q2,2009,Q2,2009-08-05,2009-06-30,7925000.0,128268000.0,11047000.0,0.49,42091000.0,0.32814887579131197,633481000.0,0.0,115471000.0,99314000.0,408270000.0,34563000.0,0.0,299957528.64,587584528.64,0.0,1.1626860261393157,0.46915377098918515,0.0,0.03709536287387315,0.0,0.0,2.338521912246234,9.462382606940063,0.0,1.497160883280757,2.4933310187194397,0.03955559993374934,0.20248121095976043,0.7814004067905834,0.012510241033274873,-2325.25216,0.32814887579131197,0.7499999999999998,0.9083539817039248,0.22130676389049492,1.0,1.124627732068043,0.6273100616016427,0.528573405285734,0.317816166965527,-0.15870888433312344,0.0,Oil & Gas Midstream,Energy,MMLP
2009Q1,2009,Q1,2009-05-06,2009-03-31,4870000.0,156906000.0,7227000.0,0.28,19811000.0,0.12626030871987048,661069000.0,0.0,119755000.0,117738000.0,432460000.0,32494000.0,0.0,272781144.02,566516144.02,0.0,1.0171312575379232,0.4563820115600641,0.0,0.025141647046049397,0.0,0.0,1.7385004016417471,14.0031388100616,0.0,2.4365503080082136,4.219086600603188,0.04350007418082387,0.23735192544197353,0.6999269564626543,0.0073668558047647065,63.6150056016791,0.12626030871987048,-0.7567582473548926,-0.2660663547807345,0.24552715791794777,1.0,-0.8566985178701889,-0.7088887560523641,-0.6536636794939378,-0.0386190257186741,-0.09558353344122404,-1.0,Oil & Gas Midstream,Energy,MMLP
2008Q4,2008,Q4,2009-03-04,2008-12-31,16729000.0,228413000.0,20867000.0,1.1511181651799862,138247000.0,0.6052501390025962,668916000.0,-239649000.0,130742000.0,124695000.0,434202000.0,42461000.0,0.0,213632542.2,500649542.2,-16.49018573538278,1.0484943261558202,0.441012025426212,-1.2309669558395822,0.37794295974177716,-16.49018573538278,-0.06980625831945887,0.9352906454536299,3.1925480034670333,-0.8914393225091697,0.7092474146691374,2.123501566143049,0.0555392913355501,0.34146738902941476,0.6702674525843058,0.0250091192317122,-60.62217429057888,0.6052501390025962,0.3080888240681662,1.517684699766045,1.3793220194827565,-5054.506211915858,4.099859819979342,0.21692005528478941,0.353242542153048,4.530317450629742,0.33656931291939174,-1.4470673596904493,Oil & Gas Midstream,Energy,MMLP
2008Q3,2008,Q3,2008-11-06,2008-09-30,13747000.0,364386000.0,15420000.0,0.88,27108000.0,0.07439363751626023,757018000.0,-234803000.0,233093000.0,235468000.0,530710000.0,78002000.0,0.0,293417756.94,566398756.94,-16.15673372818198,0.9899137037729118,0.3698723147930432,-1.192489022712657,0.33407695868599446,-16.15673372818198,-0.05854695212582463,0.8052388317333816,5.3360325332799885,-1.2496337650711449,0.8490579762857351,4.3239660521525085,0.03977946025395718,0.48134390463634946,0.6480923097830703,0.018159409683785592,20.699665392592593,0.07439363751626023,2.52,2.102504332131181,3.457217634980298,-3.5179730957580677,0.7614035087719299,2.184387305999537,2.590221187427241,0.654467826746151,0.8843579129493021,-67.31585736116996,Oil & Gas Midstream,Energy,MMLP
2008Q2,2008,Q2,2008-08-05,2008-06-30,4317000.0,308143000.0,4295000.0,0.25,15390000.0,0.04994434402209364,791887000.0,-232798000.0,281680000.0,268609000.0,575390000.0,101832000.0,0.0,476647627.148,750374627.148,-16.018770196519245,1.0486618095447287,0.359899834193515,-1.2242373216264744,0.07340108039937282,-16.018770196519245,-0.018543973745478913,1.546839055724128,27.602943429928192,-2.047473033050112,2.6138522121843875,2.874862518658182,0.023673672871335403,0.38912496353646414,0.6431467300053237,0.0054515353832049265,-33.89855822117915,0.04994434402209364,-0.5098039215686274,-0.24728373593047523,2.9233930648943316,-3.417469662669057,-0.6494704475572258,-0.4615192715479606,-0.5232015985790408,-0.14448901602813613,1.1168928762030519,-64.0329088186676,Oil & Gas Midstream,Energy,MMLP
2008Q1,2008,Q1,2008-05-07,2008-03-31,8017000.0,313016000.0,9008000.0,0.51,43905000.0,0.14026439543026556,667603000.0,-191574000.0,170357000.0,165960000.0,439609000.0,51051000.0,0.0,443251193.0,691334193.0,-13.182157413843667,1.0264943359845746,0.3819650301152032,-1.3310835499598066,0.14311043975345408,-13.182157413843667,-0.04184805871360414,1.4160656100646611,13.822227547711115,-2.313733559877645,1.3591118872396157,5.271414859650154,0.02458199813576136,0.4688654784355373,0.7083815377199325,0.012008633873724354,-38.027727608098836,0.14026439543026556,-0.03818566571502716,0.18360398205106068,1.5175745580746687,-2.9563639817885385,0.07970194766869959,0.04035816247080197,0.054307116104868915,0.3241828819044987,0.8988743270788729,-238.7237172383315,Oil & Gas Midstream,Energy,MMLP
2007Q4,2007,Q4,2008-03-05,2007-12-31,7706000.0,262862000.0,8544000.0,0.5302478678269457,40664000.0,0.15469714146586422,623577000.0,-191574000.0,158006000.0,151248000.0,387729000.0,51798000.0,0.0,515915323.0,736823323.0,-13.182157413843667,1.044681582566381,0.3608551951082224,-1.174590497666698,0.25243515917466763,-13.182157413843667,-0.04022466514245148,1.9626850704932626,16.73745532701791,-2.6930341434641445,1.363612769270698,4.289702305108305,0.020367683477391114,0.4215389599039092,0.696795990690786,0.012357736093537767,-231.87205528089888,0.15469714146586422,0.5149939080769877,0.2311116352789015,1.6642408749558144,-47149.37196110378,0.09256025148445686,0.4003270943121934,0.30144706778370145,0.02050584775100612,0.6730530265940896,-177.48266310226165,Oil & Gas Midstream,Energy,MMLP
2007Q3,2007,Q3,2007-11-06,2007-09-30,5503000.0,184850000.0,6565000.0,0.35,37219000.0,0.20134703813903165,570287000.0,-191574000.0,127743000.0,104310000.0,326937000.0,39847000.0,0.0,528268225.1,735482225.1,-13.182157413843667,1.2246476847857348,0.37492350342897524,-1.1160909100399845,0.28423871139309026,-13.182157413843667,-0.02872519235386848,2.8578210716797403,23.999101630928585,-2.757515242673849,1.83917862983827,3.704946420056717,0.01915882788158254,0.32413504077771366,0.8314830792829068,0.009649527343249977,-40.04155424088532,0.20134703813903165,-0.14634146341463414,0.4661068375430375,0.11770480774585192,0.0,0.06212544946064722,-0.07153703391260334,0.06453705205124047,0.7236680812198846,0.49340023864560795,0.0,Oil & Gas Midstream,Energy,MMLP
2007Q2,2007,Q2,2007-08-07,2007-06-30,5927000.0,162314000.0,6167000.0,0.41,35042000.0,0.2158901881538253,522035000.0,-191574000.0,94039000.0,80480000.0,271709000.0,32799000.0,0.0,565981191.5,745715191.5,-14.046970322334467,1.1684766401590456,0.34491557079506163,-0.9398874586321735,-0.5363302079913266,-14.046970322334467,-0.030938436322256672,3.4869523978215065,23.873004534334402,-2.9543737224257987,1.485911928462966,3.880362206164822,0.015560587758506812,0.3109255126571973,0.7443961232604374,0.011353644870554656,-116.07489571369976,0.2158901881538253,-0.023809523809523832,0.10123587259401887,1.2022248835284957,-3.1198958590488424,0.024380261927034613,0.02136825779769085,-0.18855263157894736,0.5208653420319572,0.6468672422614745,-173.83139790044413,Oil & Gas Midstream,Energy,MMLP
2007Q1,2007,Q1,2007-05-07,2007-03-31,5803000.0,155796000.0,7600000.0,0.42,34208000.0,0.21956918021001823,460293000.0,194800000.0,93822000.0,74683000.0,76217000.0,26169000.0,0.0,513486327.03999996,698984327.04,14.810505362117617,1.2562698338309923,0.41294566721631654,0.9757494866529774,0.018626403456430147,14.810505362117617,0.029789527720739218,3.295889028216385,22.121589136653455,2.6359667712525665,1.4590728933310357,4.646260842982154,0.016489241395789746,0.3384713649783942,0.8882342701819691,0.012607187161221223,-133.26922580846093,0.21956918021001823,-0.3406317832418239,-0.05337470850365166,0.38453234441041373,1.1980271007918755,-0.029642867273707203,-0.307352590116973,-0.24982726285657883,-0.03370127708941861,0.36647267780443044,163.99411193991054,Oil & Gas Midstream,Energy,MMLP
