Quarters,Year,Quarter,FillingDate,Date,NetIncome,Revenue,OperatingIncome,EPSDiluted,GrossProfit,GrossProfitRatio,TotalAssets,CommonStockEquity,CurrentAssets,CurrentLiability,TotalLiability,Inventory,RetainedEarnings,MarketCap,EnterpriseValue,bookValuePerShare,currentRatio,debtToAssets,debtToEquity,roic,shareholdersEquityPerShare,roe,priceToSalesRatio,peRatio,pbRatio,payoutRatio,inventoryTurnover,dividendYield,assetTurnover,quickRatio,returnOnAssets,priceToFreeCashFlowsRatio,grossProfitMargin,epsdilutedGrowth,fiveYNetIncomeGrowthPerShare,fiveYRevenueGrowthPerShare,fiveYShareholdersEquityGrowthPerShare,grossProfitGrowth,netIncomeGrowth,operatingIncomeGrowth,threeYNetIncomeGrowthPerShare,threeYRevenueGrowthPerShare,threeYShareholdersEquityGrowthPerShare,Industry,Sector,Symbol
2023Q1,2023,Q1,2023-05-15,2023-03-31,-6035000.0,0.0,-6601000.0,-0.12,0.0,0.0,44580000.0,38368000.0,40684000.0,5863000.0,6212000.0,0.0,-79104000.0,50755000.0,13944000.0,0.7559452270712245,6.939109670816988,0.028308658591296547,0.03289199332777314,-0.15419455341825378,0.7559452270712245,-0.15729253544620517,0.0,-2.1025269262634634,1.3228471643035864,0.0,0.0,0.0,0.0,6.493774518164762,-0.13537460744728577,-7.247608167928031,0.0,0.3333333333333333,0.9100078055444607,-1.0,0.5802916153005503,0.0,0.11236946609795558,0.15263157894736842,0.7905990131947055,0.0,9.975559073169645,Medical Devices,Healthcare,VANI
2022Q4,2022,Q4,2023-03-31,2022-12-31,-6799000.0,0.0,-7790000.0,-0.18,0.0,0.0,51130000.0,44308000.0,47528000.0,6822000.0,6822000.0,0.0,-72786000.0,32493377.7,-11627622.3,1.158651708898826,6.96687188507769,0.03735575982788969,0.043107339532364355,-0.15414131700468603,1.158651708898826,-0.15344858716258916,0.0,-1.1947851779673482,0.7333523900875688,0.0,0.0,0.0,0.0,6.607446496628555,-0.1329747701936241,-6.196296281464531,0.0,-1.8181818181818183,0.8291416533489545,-1.0,0.04663793039325571,0.0,-1.8201447527141135,-0.4309331373989713,0.9559414319097673,-1.0,-0.689473378773129,Medical Devices,Healthcare,VANI
2022Q3,2022,Q3,2022-11-14,2022-09-30,8290000.0,0.0,-5444000.0,0.22,0.0,0.0,57022000.0,51360000.0,54463000.0,5620000.0,5662000.0,0.0,-65502000.0,86560200.0,36161200.0,1.3528249703674438,9.690925266903914,0.022535161867349444,0.025019470404984423,-0.5880812416709983,1.3528249703674438,0.16140965732087229,0.0,2.6103799758745474,1.68536214953271,0.0,0.0,0.0,0.0,9.19644128113879,0.1453824839535618,-12.205329949238578,0.0,3.7093596059113305,1.2308400403195725,-1.0,-0.25956766986682434,0.0,3.012624423403739,-0.33202838267678003,1.4484076078288852,-1.0,0.47479323033057325,Medical Devices,Healthcare,VANI
2022Q2,2022,Q2,2022-08-12,2022-06-30,-4119000.0,0.0,-4087000.0,-0.0812,0.0,0.0,6417000.0,-4816000.0,3922000.0,2905000.0,11233000.0,0.0,-66925000.0,308923343.61,306904343.61,-0.09494083437419648,1.3500860585197934,0.22300140252454417,-0.2971345514950166,2.0997633606086468,-0.09494083437419648,0.8552740863787376,0.0,-18.74989946649672,-64.14521254360466,0.0,0.0,0.0,0.0,1.1876075731497417,-0.6418887330528285,-87.38991332673268,0.0,0.32333333333333336,0.9161756502155944,-1.0,-1.0356684529928002,0.0,-0.04516620147170769,-0.04607115433836703,0.8504767101363331,-1.0,-1.0696165594445186,Medical Devices,Healthcare,VANI
2022Q1,2022,Q1,2022-05-16,2022-03-31,-3941000.0,0.0,-3907000.0,-0.12,0.0,0.0,10040000.0,-1118000.0,7325000.0,2541000.0,11158000.0,0.0,-62821000.0,141964680.0,136614680.0,-0.03378460050767557,2.882723337268792,0.16165338645418326,-1.4516994633273703,-1.843950352754976,-0.03378460050767557,3.5250447227191413,0.0,-9.005625475767571,-126.98093023255814,0.0,0.0,0.0,0.0,2.744195198740653,-0.3925298804780876,-44.28093574547723,0.0,-598.9999999999999,0.9088959446960381,-1.0,-1.0080064234108919,-1.0,-440.76661809214215,-436.95538616747,0.851799237692232,-1.0,-1.0142945665692134,Medical Devices,Healthcare,VANI
2021Q4,2021,Q4,2022-03-29,2021-12-31,-8921.0,260.0,-8921.0,-0.0002,130.0,0.5,70879000.0,68365000.0,70507000.0,2462000.0,2514000.0,0.0,-328585000.0,192710010.0,123354010.0,1.7347560201984318,28.638099106417545,0.0033437266327120867,0.00346668616982374,-0.00013003994052651526,1.7347560201984318,-0.00013049074818986323,741192.3461538461,-5400.459869969734,2.8188401960067284,0.0,0.0,0.0,3.6682233101482807e-06,28.26685621445979,-0.00012586238519166467,-79.01189421894219,0.5,0.9966666666666667,0.9998842366110562,-0.9999510667844678,-0.17477323110739068,0.0,0.9964330267892842,0.9964358769476628,0.9997803418722995,-0.9999679073032407,3.8349152163142333,Medical Devices,Healthcare,VANI
2021Q3,2021,Q3,2021-11-12,2021-09-30,-2501000.0,0.0,-2503000.0,-0.06,0.0,0.0,73630000.0,69609000.0,73221000.0,3919000.0,4021000.0,0.0,-327302000.0,377144130.0,305397130.0,1.7663224136618538,18.683592753253382,0.0038163791932636156,0.004036834317401486,-0.03567000612788759,1.7663224136618538,-0.03592926202071571,0.0,-37.69933326669332,5.418036891781235,0.0,0.0,0.0,0.0,18.379178361826998,-0.033967132962107835,-209.52451666666667,0.0,0.25000000000000006,0.9605460958365708,-1.0,-0.5474650935433548,0.0,-0.09023539668700958,-0.0901567944250871,0.9359909213576616,-1.0,2.900874490320852,Medical Devices,Healthcare,VANI
2021Q2,2021,Q2,2021-08-13,2021-06-30,-2294000.0,0.0,-2296000.0,-0.08,0.0,0.0,75916000.0,72104000.0,75438000.0,3661000.0,3812000.0,0.0,-324801000.0,424844940.0,351323940.0,2.5152265671329403,20.605845397432397,0.004267875019758681,0.004493509375346721,-0.031559269848251595,2.5152265671329403,-0.031815155885942525,0.0,-46.29957933740192,5.892113336292023,0.0,0.0,0.0,0.0,20.170718382955478,-0.030217608936192634,-101.5161146953405,0.0,-0.35858028360363425,0.9558437486391651,-1.0,-0.579810578295015,0.0,0.23200535654502846,0.22823529411764706,0.9190604485526376,-1.0,2.094931712285486,Medical Devices,Healthcare,VANI
2021Q1,2021,Q1,2021-05-13,2021-03-31,-2987000.0,0.0,-2975000.0,-0.058885,0.0,0.0,28145000.0,21006000.0,27621000.0,6940000.0,7139000.0,0.0,-322507000.0,1255476642.75,1231180642.75,0.41410447816951235,3.979971181556196,0.09117072304139279,0.12215557459773398,-0.12427938842008522,0.41410447816951235,-0.14219746739026945,0.0,-105.07839326665551,59.767525599828616,0.0,0.0,0.0,0.0,3.870605187319885,-0.10612897495114586,-518.3636014657308,0.0,-0.05445656855151067,0.9503829545088883,-1.0,-0.8726543497281335,1.0,-1.313710302091402,-1.335164835164835,0.955433534894041,-1.0,-0.13432109725056493,Medical Devices,Healthcare,VANI
2020Q4,2020,Q4,2021-03-16,2020-12-31,-1291000.0,1e-06,-1274000.0,-0.0558439311359114,-499999.999999,-499999999999.0,4460000.0,-672000.0,4269000.0,5132000.0,5132000.0,0.0,-319664000.0,129691980.0,128714980.0,-0.02906825849987023,0.8318394388152767,0.49327354260089684,-3.2738095238095237,-0.8337696335078534,-0.02906825849987023,1.9211309523809523,129691980000000.0,-25.114635941130906,-192.99401785714286,0.0,0.0,0.0,2.2421524663677129e-13,0.6190568978955573,-0.2894618834080718,-89.31954545454545,-499999999999.0,0.2022295552012658,0.9501270519744105,-0.9999999999999105,-1.0070122371479462,0.0,0.19463505926388022,0.20474406991260924,0.946334351506588,-0.999999999999901,-1.0262580563967365,Medical Devices,Healthcare,VANI
2020Q3,2020,Q3,2020-11-12,2020-09-30,-1603000.0,0.0,-1602000.0,-0.07,0.0,0.0,3522000.0,542000.0,3309000.0,2980000.0,2980000.0,0.0,-318373000.0,59810889.6,57373889.6,0.02344493468293105,1.1104026845637585,0.0,0.0,-2.955719557195572,0.02344493468293105,-2.9575645756457565,0.0,-9.327961572052402,110.35219483394835,0.0,0.0,0.0,0.0,0.8177852348993289,-0.4551391254968768,-40.46744898511502,0.0,0.5333333333333333,0.9274464660775029,-1.0,-0.9953288307178951,0.0,0.4829032258064516,0.4858793324775353,0.9266967418973976,-1.0,-0.9871680461276615,Medical Devices,Healthcare,VANI
2020Q2,2020,Q2,2020-08-13,2020-06-30,-3100000.0,0.0,-3116000.0,-0.15,0.0,0.0,4805000.0,2083000.0,4581000.0,2722000.0,2722000.0,0.0,-316770000.0,59790780.0,56285780.0,0.10242415302158626,1.68295371050698,0.0,0.0,-1.4959193470955352,0.10242415302158626,-1.4882381180988957,0.0,-4.8218370967741935,28.70416706673068,0.0,0.0,0.0,0.0,1.2876561351947098,-0.6451612903225806,-11.416990643498186,0.0,0.7368421052631579,0.8501360438929142,-1.0,-0.9823607555945224,0.0,0.6511366194013054,0.6500449236298292,0.8426427922014422,-1.0,-0.9615201287048017,Medical Devices,Healthcare,VANI
2020Q1,2020,Q1,2020-06-26,2020-03-31,-8886000.0,0.0,-8904000.0,-0.57,0.0,0.0,3904000.0,-1318000.0,3665000.0,5222000.0,5222000.0,0.0,-313670000.0,46712265.0,44479265.0,-0.08422263403412358,0.7018383761011107,0.027151639344262294,-0.08042488619119878,8.050632911392405,-0.08422263403412358,6.742033383915023,0.0,-1.3142095712356514,-35.441779210925645,0.0,0.0,0.0,0.0,0.4479126771351972,-2.276127049180328,-5.19891652754591,0.0,0.8575,0.4490074512256824,-1.0,-1.0132983601177505,-1.0,-0.1293848500254194,-0.09574206251538273,0.5656158118871861,-1.0,-1.0199594507179266,Medical Devices,Healthcare,VANI
2019Q4,2019,Q4,2020-03-19,2019-12-31,-7868000.0,497000.0,-8126000.0,-4.0,373000.0,0.7505030181086519,16599000.0,7275000.0,13110000.0,6959000.0,9324000.0,1029000.0,-304784000.0,34721148.0,25996148.0,3.731247595845621,1.8838913637016812,0.01427796855232243,0.03257731958762886,-0.8034407751631402,3.731247595845621,-1.081512027491409,69.86146478873239,-1.1032393238434164,4.772666391752577,0.0,0.12050534499514091,0.0,0.02994156274474366,1.693059347607415,-0.47400445809988556,-4.638763927855711,0.7505030181086519,-7.333333333333334,-0.19493946795271178,-0.3258770789292752,-0.566671680671347,2.4537037037037037,-0.037447257383966245,-0.06654416590103689,-1.0636618224797756,0.8906157952830606,0.7749616439467895,Medical Devices,Healthcare,VANI
2019Q3,2019,Q3,2019-11-14,2019-09-30,-7584000.0,472000.0,-7619000.0,-0.48,108000.0,0.2288135593220339,23898000.0,14286000.0,20356000.0,7185000.0,9612000.0,1264000.0,-296916000.0,308365200.0,292558200.0,0.9172980608706819,2.83312456506611,0.009540547326136078,0.015959680806383873,-0.44376492515580407,0.9172980608706819,-0.5308693826123477,653.3161016949152,-10.164992088607594,21.585132297354054,0.0,0.2879746835443038,0.0,0.019750606745334336,2.6062630480167015,-0.31734873211147374,-46.107236842105266,0.2288135593220339,0.14285714285714296,0.6994903780818027,-0.7654060978194014,1.22166222784465,-0.6905444126074498,0.1014218009478673,0.09738182679777277,0.6972599611190532,-0.8644535764736099,-0.7649866247757161,Medical Devices,Healthcare,VANI
2019Q2,2019,Q2,2019-08-06,2019-06-30,-8440000.0,1282000.0,-8441000.0,-0.56,349000.0,0.27223088923556943,31520000.0,21195000.0,28047000.0,7838000.0,10325000.0,1474000.0,-289332000.0,290936880.0,268481880.0,1.3637679760640864,3.5783363102832357,0.006947969543147208,0.010332625619249823,-0.34995854063018245,1.3637679760640864,-0.398207124321774,226.93984399375975,-8.617798578199052,13.726675159235668,0.0,0.6329715061058344,0.0,0.04067258883248731,3.290380199030365,-0.26776649746192893,-43.02527062999113,0.27223088923556943,0.3,0.660285361497537,-0.3636251997324451,1.4447367668421116,-0.12090680100755667,0.12989690721649486,0.13585176085176084,0.7003387797711762,-0.6267321224217202,-0.7721712689066635,Medical Devices,Healthcare,VANI
2019Q1,2019,Q1,2019-05-15,2019-03-31,-9700000.0,1128000.0,-9768000.0,-0.8,397000.0,0.3519503546099291,38548000.0,28529000.0,35036000.0,7433000.0,10019000.0,1602000.0,-280892000.0,236396016.0,207510016.0,2.3634574958319097,4.713574599757837,0.005447753450243852,0.007360930982509026,-0.3097510702394165,2.3634574958319097,-0.3400049072873217,209.57093617021278,-6.092680824742268,8.286165515790948,0.0,0.45630461922596754,0.0,0.029262218532738405,4.342661105879188,-0.25163432603507313,-32.89216863781828,0.3519503546099291,0.22371867238654644,0.4112522994555248,-0.3287502390280085,1.7739206315576923,1.391566265060241,-0.0950553172273651,-0.10037174721189591,0.3228855324044745,-0.5650939138340011,-0.27318817457118116,Medical Devices,Healthcare,VANI
2018Q4,2018,Q4,2019-03-19,2018-12-31,-8858000.0,1767000.0,-8877000.0,-1.0305542224743,166000.0,0.09394453876627051,10682000.0,3084000.0,9620000.0,7598000.0,7598000.0,3250000.0,-269471000.0,182668909.5,178197909.5,0.35879760917935516,1.2661226638589103,0.0,0.0,-2.8784046692607004,0.35879760917935516,-2.872243839169909,103.37799066213923,-5.155478367012869,59.231163910505835,0.0,0.4926153846153846,0.0,0.1654184609623666,0.6547775730455383,-0.8292454596517506,-23.57018187096774,0.09394453876627051,-0.0734939817440626,0.1867709739702457,0.7205799455307427,1.1835549843249902,-0.6406926406926406,-0.03942736446843464,-0.038731570325298385,0.07963540299617516,-0.5745684835418018,-0.9134460042147691,Medical Devices,Healthcare,VANI
2018Q3,2018,Q3,2018-11-08,2018-09-30,-8522000.0,2246000.0,-8546000.0,-0.96,462000.0,0.20569902048085487,11420000.0,3892000.0,10277000.0,7528000.0,7528000.0,3604000.0,-260613000.0,375445980.0,370473980.0,0.4528016520512485,1.3651700318809776,0.0,0.0,-2.195786228160329,0.4528016520512485,-2.1896197327852005,167.1620569902048,-11.01402194320582,96.46607913669064,0.0,0.49500554938956715,0.0,0.1966725043782837,0.8190754516471839,-0.7462346760070052,-50.173189897100094,0.20569902048085487,0.0,0.2428246370981187,4.2302895150876925,0.0,-0.5686274509803921,-0.07046853410375581,-0.0698547821732599,-0.03741377138327871,-0.4270996350893974,-0.9097837892682176,Medical Devices,Healthcare,VANI
2018Q2,2018,Q2,2018-08-07,2018-06-30,-7961000.0,1907000.0,-7988000.0,-0.96,1071000.0,0.5616151022548506,13617000.0,6544000.0,12360000.0,7073000.0,7073000.0,3567000.0,-252091000.0,320801640.0,313325640.0,0.8126921046912353,1.7474904566661953,0.0,0.0,-1.2206601466992666,0.8126921046912353,-1.2165342298288508,168.22319874147877,-10.074162793618893,49.0222555012225,0.0,0.23437061956826466,0.0,0.1400455313211427,1.1584900325180263,-0.5846368509950797,-40.63866734228528,0.5616151022548506,0.2941176470588236,0.1309365167675928,2.5608011046379233,0.0,2.477272727272727,0.18373833692197272,0.18231139318251613,0.027985459681783925,-0.569305331937711,-0.8600400956400448,Medical Devices,Healthcare,VANI
2018Q1,2018,Q1,2018-05-15,2018-03-31,-9753000.0,976000.0,-9769000.0,-1.36,308000.0,0.3155737704918033,10407000.0,3531000.0,9110000.0,6876000.0,6876000.0,2812000.0,-244130000.0,340139520.0,335125520.0,0.47835805730542574,1.3248981966259452,0.0,0.0,-2.7666383460775985,0.47835805730542574,-2.762107051826678,348.50360655737705,-8.71884343278991,96.32951571792692,0.0,0.2375533428165007,0.0,0.09378303065244548,0.798283885980221,-0.9371576823292015,-49.68441717791411,0.3155737704918033,-0.30769230769230776,-0.14421281050934337,0.3803362277324279,0.0,-0.7530072173215717,-0.3163719800242948,-0.3142741826987757,-0.28209323190478797,-0.6259564588894091,-0.9244694993901785,Medical Devices,Healthcare,VANI
2017Q4,2017,Q4,2018-03-20,2017-12-31,-7409000.0,3109000.0,-7433000.0,-1.04,1247000.0,0.4010935992280476,14497000.0,7882000.0,13165000.0,6615000.0,6615000.0,2700000.0,-234377000.0,326380800.0,325776800.0,1.1070224719101123,1.9901738473167045,0.0,0.0,-0.943034762750571,1.1070224719101123,-0.9399898502918042,104.9793502733998,-11.012984208395197,41.408373509261615,0.0,0.6896296296296296,0.0,0.2144581637580189,1.4618291761148905,-0.5110712561219563,-48.011297440423654,0.4010935992280476,-0.08333333333333341,0.17885164859109484,2.654633782384,1.5663345777125777,1.0476190476190477,-0.10318642048838594,-0.1013483479033931,0.6918656715084234,0.15478826698870757,-0.871435980891227,Medical Devices,Healthcare,VANI
2017Q3,2017,Q3,2017-11-06,2017-09-30,-6716000.0,1610000.0,-6749000.0,-0.96,609000.0,0.3782608695652174,19081000.0,12972000.0,17719000.0,6109000.0,6109000.0,3245000.0,-226968000.0,204476400.0,203837400.0,1.8270744203243015,2.900474709445081,0.0,0.0,-0.5202744372494604,1.8270744203243015,-0.5177304964539007,127.0039751552795,-7.611539606908874,15.76290471785384,0.0,0.30847457627118646,0.0,0.08437712908128504,2.29366508430185,-0.35197316702478904,-43.43169073916737,0.3782608695652174,0.0,0.2775966383942823,3.538956071797099,0.0,-0.4508566275924256,0.018559111500803742,0.01789871944121071,0.4162589795628439,0.7552947925565157,1.4415068598996552,Medical Devices,Healthcare,VANI
2017Q2,2017,Q2,2017-08-07,2017-06-30,-6843000.0,2236000.0,-6872000.0,-0.96,1109000.0,0.49597495527728086,24267000.0,18803000.0,22809000.0,5464000.0,5464000.0,3052000.0,-220252000.0,213619140.0,212856140.0,2.66175924123653,4.174414348462665,0.0,0.0,-0.36547359463915335,2.66175924123653,-0.36393128756049564,95.53628801431127,-7.804294169224024,11.360907302026272,0.0,0.36926605504587157,0.0,0.09214159146165575,3.4873718887262077,-0.2819878847818024,-35.496699900299106,0.49597495527728086,0.25000000000000006,0.14849090206501372,3.759131409499052,0.0,10.398305084745763,0.09340222575516693,0.09040370615486433,0.3940275052013066,1.4419192867930068,1.8680231680436656,Medical Devices,Healthcare,VANI
2017Q1,2017,Q1,2017-05-09,2017-03-31,-7548000.0,1009000.0,-7555000.0,-1.28,-118000.0,-0.11694747274529237,30122000.0,24365000.0,28611000.0,5757000.0,5757000.0,3118000.0,-213409000.0,167680590.0,167414590.0,4.219686965557552,4.969775924960917,0.0,0.0,-0.3100759285860866,4.219686965557552,-0.3097886312333265,166.1849256689792,-5.553808624801271,6.882027088036117,0.0,0.3614496472097498,0.0,0.03349711174556802,4.285739100225812,-0.25058097071907576,-25.07185855263158,-0.11694747274529237,0.3333333333333333,-0.13203255314372417,0.8242513559097874,0.0,0.9544928654068646,0.2721311475409836,0.2723682943272657,0.04227251205751363,0.2552169115456602,2.3817480564466735,Medical Devices,Healthcare,VANI
2016Q4,2016,Q4,2017-03-16,2016-12-31,-10370000.0,715000.0,-10383000.0,-1.92,-2593000.0,-3.6265734265734264,16810000.0,11148000.0,15282000.0,5662000.0,5662000.0,3416000.0,-205861000.0,250731750.0,250192750.0,2.102156747200943,2.699046273401625,0.0,0.0,-0.9313778256189451,2.102156747200943,-0.9302116971654109,350.6737762237762,-6.04464199614272,22.491186759956943,0.0,0.968384074941452,0.0,0.04253420582986318,1.9690921935711763,-0.6168947055324212,-35.31433098591549,-3.6265734265734264,-0.1999999999999999,-0.5430816847977432,0.1284369899154809,2.0754289853371284,-0.8069686411149826,-0.22158086936034868,-0.2216731380162372,-0.5430816847977432,0.1284369899154809,2.0754289853371284,Medical Devices,Healthcare,VANI
2016Q3,2016,Q3,2016-11-04,2016-09-30,-8489000.0,1180000.0,-8499000.0,-1.6,-1435000.0,-1.2161016949152543,26265000.0,20599000.0,24683000.0,5666000.0,5666000.0,5810000.0,-195491000.0,445843200.0,445566200.0,3.903173851255329,4.356336039534063,0.0,0.0,-0.4125928443128307,3.903173851255329,-0.41210738385358514,377.83322033898304,-13.130027093886206,21.643924462352544,0.0,0.45008605851979344,0.0,0.04492670854749667,3.2244969996470174,-0.32320578716923665,-73.59577418289865,-1.2161016949152543,0.13043478260869565,-0.22842335575377654,3.4754279680814784,0.0,0.3489110707803993,0.0017638758231420509,0.000940402021864347,-0.22842335575377654,3.4754279680814784,0.0,Medical Devices,Healthcare,VANI
2016Q2,2016,Q2,2016-08-08,2016-06-30,-8504000.0,1037000.0,-8507000.0,-1.84,-2204000.0,-2.125361620057859,34121000.0,28089000.0,32545000.0,6032000.0,6032000.0,7367000.0,-187002000.0,403179600.0,402995600.0,5.985935002663825,5.39539124668435,0.0,0.0,-0.30285877033714265,5.985935002663825,-0.302751966962156,388.79421407907427,-11.852645813734714,14.353647335255795,0.0,0.43993484457716847,0.0,0.03039184080185223,4.070291777188329,-0.24923067905395505,-64.33374820488272,-2.125361620057859,-0.566746820525746,-0.593015854930659,2.3226817655536616,0.0,-16.631205673758867,-0.4621733149931224,-0.46143274351485997,-0.593015854930659,2.3226817655536616,0.0,Medical Devices,Healthcare,VANI
2016Q1,2016,Q1,2016-05-06,2016-03-31,-5816000.0,1053000.0,-5821000.0,-1.174408,141000.0,0.1339031339031339,22559000.0,15936000.0,21080000.0,6623000.0,6623000.0,9081000.0,-178498000.0,568083116.16,567624116.16,3.2518148620345717,3.1828476521213953,0.0,0.0,-0.36527359437751006,3.2518148620345717,-0.3649598393574297,539.4901388034187,-24.418978514442916,35.64778590361446,0.0,0.10042946812025107,0.0,0.04667760095748925,1.6709950173637325,-0.25781284631410967,-92.59708494865525,0.1339031339031339,-0.06666715107170057,-0.027741974327973547,1.243130572601184,0.0,-0.7960243555599276,-0.06260567134717425,-0.06293619461172974,-0.027741974327973547,1.243130572601184,0.0,Medical Devices,Healthcare,VANI
2015Q4,2015,Q4,2016-03-11,2015-12-31,-5473338.0,2362019.0,-5476340.0,-1.101007,691259.0,0.29265598625582606,28245000.0,20263000.0,26764000.0,7982000.0,7982000.0,8209000.0,-172682000.0,690983795.0400001,690744795.0400001,4.14536158526581,3.353044349787021,0.0,0.0,-0.2702630410107092,4.14536158526581,-0.2701148892069289,292.53947366215095,-31.56135227899319,34.10076469624439,0.0,0.20352783530271654,0.0,0.08362609311382546,2.18754698070659,-0.19378077535847052,-113.6238700309768,0.29265598625582606,-0.15384623446090265,0.11640557592376109,3.044317073297511,3.12069913884104,-0.5296594744910352,-0.1730382880228035,-0.17457809719437825,0.11640557592376109,3.044317073297511,3.12069913884104,Medical Devices,Healthcare,VANI
2015Q3,2015,Q3,2015-11-16,2015-09-30,-4665950.0,2226800.0,-4662389.0,-0.954206,1469699.0,0.6600049398239627,33287489.0,24504103.0,31866380.0,8783386.0,8783386.0,8137965.0,-167208630.0,694834419.36,694565761.36,5.019071942596347,3.6280290994839577,0.0,0.0,-0.19026972748196497,5.019071942596347,-0.19041505008365334,312.0327013472247,-37.22898977485828,28.35583981017383,0.0,0.09303320916224142,0.0,0.06689600408129312,2.615964503894056,-0.1401712817689553,-137.71958513336415,0.6600049398239627,0.07142905799590694,0.2701317605488598,8.129492378493852,0.0,0.3462320225187389,0.05209375555499124,0.05762595318477459,0.2701317605488598,8.129492378493852,0.0,Medical Devices,Healthcare,VANI
2015Q2,2015,Q2,2015-08-05,2015-06-30,-4922375.0,2661099.0,-4947493.0,-1.027607,1091713.0,0.4102489234710922,36941334.0,28100852.0,35745615.0,8840482.0,8840482.0,6805011.0,-162542680.0,1580761867.6799998,1580354428.6799998,5.8066066021388325,4.043401140345063,0.0,0.0,-0.1760620282972203,5.8066066021388325,-0.17516817639550572,594.02595231519,-80.28451040808552,56.25316512396137,0.0,0.23062211067697025,0.0,0.07203581224218919,3.1441806001075507,-0.13324843656160332,-311.44015934898607,0.4102489234710922,0.0,0.10591514099378078,7.267576472813321,0.0,1.7000610888657504,0.0068522378522687215,0.0026780073609421746,0.10591514099378078,7.267576472813321,0.0,Medical Devices,Healthcare,VANI
2015Q1,2015,Q1,2015-05-15,2015-03-31,-4956337.0,1700082.0,-4960778.0,-1.027607,404329.0,0.23782911647791108,39456999.0,30459135.0,38396354.0,8997864.0,8997864.0,6401034.0,-157620305.0,1479742346.4,1479090092.4,6.333309768149783,4.267274321994642,0.0,0.0,-0.16286667365964266,6.333309768149783,-0.16272087175161082,870.3946906090413,-74.6389090572332,48.58123339352874,0.0,0.20242870136293606,0.0,0.04308695651182189,3.449087805728115,-0.12561363321118263,-289.64929233012145,0.23782911647791108,0.6956520837738885,0.10754320977936806,2.6903089507547815,0.0,3.0757328333534937,0.634949258008953,0.10858259007788795,0.10754320977936806,2.6903089507547815,0.0,Medical Devices,Healthcare,VANI
2014Q4,2014,Q4,2014-12-31,2014-12-31,-13577118.0,1520220.0,-5565045.0,-3.376422,99204.0,0.06525634447645735,43069444.0,34618247.0,41976188.0,8451197.0,8451197.0,5721991.0,-152663968.0,989980587.36,989361176.36,8.610671007208506,4.966892618879905,0.0,0.0,-0.16075467368408342,8.610671007208506,-0.3921954222580941,651.2087640999329,-18.228842589421408,28.597074466537837,0.0,0.24834292818705936,0.0,0.03529694973540871,4.180073189632191,-0.31523782847069026,-815.9075314357204,0.06525634447645735,-1.0836130369986392,-1.664903827589442,2.1647652533862622,5.405078354258853,-0.4854484250273604,-0.7761098104326347,0.014871339519855892,-1.664903827589442,2.1647652533862622,5.405078354258853,Medical Devices,Healthcare,VANI
2014Q3,2014,Q3,2014-09-30,2014-09-30,-7644301.0,609429.0,-5649054.0,-1.620465,192797.0,0.3163567864345149,9563886.0,-19521662.0,8286902.0,3898485.0,29085548.0,5199085.0,-139086850.0,2260931028.72,2285140688.72,-4.138269608629762,2.1256724086407925,2.6335595175433917,-1.2902109974038072,-0.9971145908294929,-4.138269608629762,0.39158044023095984,3709.9170349950523,-73.94171908981606,-115.81652365049656,0.0,0.08013563925190682,0.0,0.0637219013275566,0.6210114954911973,-0.799288176375168,-384.52313148456136,0.3163567864345149,-0.01368837276513009,-0.2375408551290762,1.5858654005269928,0.0,1.5052636820353429,-0.013688499318731083,-0.015491626992943937,-0.2375408551290762,1.5858654005269928,0.0,Medical Devices,Healthcare,VANI
2014Q2,2014,Q2,2014-06-30,2014-06-30,-7541075.0,611477.0,-5562876.0,-1.598583,-381577.0,-0.6240251064226455,12112877.0,-14465567.0,11073908.0,3389430.0,26578444.0,4040836.0,-131442549.0,2260931028.72,2281173313.72,-3.0664610568350996,3.267188878365979,1.9144100943153306,-1.603049088915768,-0.6376924167705724,-3.0664610568350996,0.5213120923638873,3697.4915307035258,-74.95387026120281,-156.29743574655592,0.0,0.2457545913766359,0.0,0.05048156602267158,1.913490173864042,-0.6225667939994768,-389.0818058214333,-0.6240251064226455,-0.1712011570002104,-0.4051943037742351,0.9489306772908369,0.0,-4.396594396594397,-0.17120116270961164,-0.24826539301714243,-0.4051943037742351,0.9489306772908369,0.0,Medical Devices,Healthcare,VANI
2014Q1,2014,Q1,2014-03-31,2014-03-31,-6438753.0,656726.0,-4456485.0,-1.364909,-70707.0,-0.10766590632927583,9684567.0,-14406198.0,8776737.0,2893736.0,24090765.0,3255058.0,-123901474.0,2260931028.72,2281675491.72,-3.0538758103333037,3.0330123411396204,2.188743079582185,-1.4713825951857666,-0.6562503175237316,-3.0538758103333037,0.44694325317477934,3442.7311066106713,-87.78605999950612,-156.94154895830252,0.0,0.22347773833830303,0.0,0.06781160169577019,1.7894365622848802,-0.6648467608309179,-476.12851876132044,-0.10766590632927583,-0.0770744444908914,-0.1819986033560574,0.4533355463347164,0.0,0.9291759278086678,-0.07707459399889696,-0.027779782939743744,-0.1819986033560574,0.4533355463347164,0.0,Medical Devices,Healthcare,VANI
2013Q4,2013,Q4,2013-12-31,2013-12-31,-5978001.0,563631.0,-4336031.0,-1.267237382691,-998347.0,-1.7712776621583979,12673421.0,-9221071.0,11787816.0,2683380.0,21894492.0,2346770.0,-117462721.0,2260931028.72,2280079575.72,-1.9547146077171733,4.392898508597366,1.515858425282329,-2.0833926991777854,-0.434035355810852,-1.9547146077171733,0.6482979037901345,4011.3674171931634,-94.55213493273085,-245.19180350308548,0.0,0.6655863165116309,0.0,0.04447346931818962,3.407203974092376,-0.47169592172468666,-445.59847784750247,-1.7712776621583979,0.032217534408642265,0.0,0.0,0.0,0.044420898276726815,0.03221753440864341,0.05941173739900571,0.0,0.0,0.0,Medical Devices,Healthcare,VANI
2013Q3,2013,Q3,2013-09-30,2013-09-30,-6177009.0,235677.0,-4609914.0,-1.30942378865757,-1044756.0,-4.432999401723546,,,,,,,,2260931028.72,,,0.0,0.0,0.0,0.0,,0.0,9593.346099619393,-91.50589827212491,0.0,0.0,0.0,0.0,0.0,0.0,0.0,-591.8436764429869,-4.432999401723546,-0.1510159839495249,0.0,0.0,0.0,-0.8138754817875621,-0.15101598394952756,-0.12226379192987205,0.0,0.0,0.0,Medical Devices,Healthcare,VANI
2013Q2,2013,Q2,2013-06-30,2013-06-30,-5366571.0,313750.0,-4107692.0,-1.13762433095368,-575980.0,-1.835792828685259,,,,,,,,2260931028.72,,,0.0,0.0,0.0,0.0,,0.0,7206.154673211155,-105.32475153687523,0.0,0.0,0.0,0.0,0.0,0.0,0.0,-551.8214271694309,-1.835792828685259,0.014828069738496817,0.0,0.0,0.0,0.6014817643900522,0.014827960194913338,0.16913799896923315,0.0,0.0,0.0,Medical Devices,Healthcare,VANI
2013Q1,2013,Q1,2013-03-31,2013-03-31,-5447344.0,451875.0,-4943892.0,-1.154747,-1445304.0,-3.1984597510373445,,,,,,,,2260931028.72,,,0.0,0.0,0.0,0.0,,0.0,5003.443493709543,-103.76300031354728,0.0,0.0,0.0,0.0,0.0,0.0,0.0,-482.94166987142376,-3.1984597510373445,0.0,0.0,0.0,0.0,0.0,0.0,0.0,0.0,0.0,0.0,Medical Devices,Healthcare,VANI
