Quarters,Year,Quarter,FillingDate,Date,NetIncome,Revenue,OperatingIncome,EPSDiluted,GrossProfit,GrossProfitRatio,TotalAssets,CommonStockEquity,CurrentAssets,CurrentLiability,TotalLiability,Inventory,RetainedEarnings,MarketCap,EnterpriseValue,bookValuePerShare,currentRatio,debtToAssets,debtToEquity,roic,shareholdersEquityPerShare,roe,priceToSalesRatio,peRatio,pbRatio,payoutRatio,inventoryTurnover,dividendYield,assetTurnover,quickRatio,returnOnAssets,priceToFreeCashFlowsRatio,grossProfitMargin,epsdilutedGrowth,fiveYNetIncomeGrowthPerShare,fiveYRevenueGrowthPerShare,fiveYShareholdersEquityGrowthPerShare,grossProfitGrowth,netIncomeGrowth,operatingIncomeGrowth,threeYNetIncomeGrowthPerShare,threeYRevenueGrowthPerShare,threeYShareholdersEquityGrowthPerShare,Industry,Sector,Symbol
2023Q1,2023,Q1,2023-05-10,2023-03-31,-200000.0,66000000.0,6100000.0,-0.0076,49300000.0,0.746969697,316500000.0,-54400000.0,128400000.0,73200000.0,370900000.0,36500000.0,-482400000.0,334526875.34,601826875.3399999,-2.07988072495772,1.7540983606557377,0.9323854660347551,-5.424632352941177,0.04874151018777467,-2.07988072495772,0.003676470588235294,5.06858902030303,-418.15859417499996,-6.149391090808823,0.0,0.4575342465753425,0.0,0.20853080568720378,0.8306010928961749,-0.000631911532385466,85.77612188205127,0.746969696969697,-1.069090909090909,0.6797766771187459,0.4051077585855681,-7.2763156695674756,-0.09872029250457039,-1.064516129032258,-0.5080645161290323,0.9901629885996688,0.08000228414344589,0.21753600747079174,Gambling,Consumer Cyclical,INSE
2022Q4,2022,Q4,2023-03-16,2022-12-31,3100000.0,78600000.0,12400000.0,0.11,54700000.0,0.6959287532,309400000.0,-57700000.0,128600000.0,74700000.0,367100000.0,31000000.0,-482200000.0,327851796.09,591351796.0899999,-2.229845950879933,1.7215528781793843,0.9324499030381384,-5.0,0.026955954643310447,-2.229845950879933,-0.053726169844020795,4.171142443893129,26.439660975000002,-5.682006864644714,0.0,0.7709677419354839,0.0,0.2540400775694893,0.8768406961178046,0.01001939237233355,-23.25190043191489,0.6959287531806616,-0.6857142857142857,1.5893991810942958,0.978297494846525,-3.4921786058704885,-0.03697183098591549,-0.696078431372549,-0.2345679012345679,1.0898394427514178,0.015433608277003404,7.441470184860022e-05,Gambling,Consumer Cyclical,INSE
2022Q3,2022,Q3,2022-11-09,2022-09-30,10200000.0,74900000.0,16200000.0,0.35,56800000.0,0.7583444593,286600000.0,-50600000.0,117700000.0,66900000.0,337200000.0,25200000.0,-484900000.0,231761416.18,462261416.18,-1.9278359934295082,1.7593423019431988,0.9347522679692952,-5.294466403162056,0.07033195285665034,-1.9278359934295082,-0.2015810276679842,3.0942779196261685,5.6804268671568625,-4.580265141897233,0.0,0.7182539682539683,0.0,0.2613398464759246,0.9701046337817638,0.03558967201674808,15.874069601369863,0.7583444592790387,0.34615384615384603,1.8533621252805574,0.6550482805831446,-15.867945783503007,0.028985507246376812,0.36,0.208955223880597,2.0146949870092046,1.3809728861838795,-0.3454812982878869,Gambling,Consumer Cyclical,INSE
2022Q2,2022,Q2,2022-08-09,2022-06-30,7500000.0,71300000.0,13400000.0,0.26,55200000.0,0.7741935484,300300000.0,-57100000.0,112200000.0,63400000.0,357400000.0,25400000.0,-490200000.0,230971980.54,489571980.53999996,-2.1285309103320382,1.7697160883280758,0.967032967032967,-5.085814360770578,0.053382200621464426,-2.1285309103320382,-0.13134851138353765,3.2394387172510517,7.699066017999999,-4.045043442031523,0.0,0.6338582677165354,0.0,0.23742923742923744,0.9652996845425867,0.024975024975024976,-769.9066018,0.7741935483870968,4.078125,1.6836996147626515,0.6762723606778479,-19.863495501591196,0.18201284796573874,4.0,0.9420289855072463,1.5799039139403526,1.2093108363757021,-1.090288461947712,Gambling,Consumer Cyclical,INSE
2022Q1,2022,Q1,2022-05-10,2022-03-31,1500000.0,60600000.0,6900000.0,0.0512,46700000.0,0.7706270627,332200000.0,-70500000.0,131900000.0,82700000.0,402700000.0,28900000.0,-492600000.0,330259009.8,604259009.8,-2.6256664444223135,1.5949214026602176,0.9476219145093318,-4.465248226950354,0.025180031140521603,-2.6256664444223135,-0.02127659574468085,5.449818643564357,55.043168300000005,-4.684524961702128,0.0,0.4809688581314879,0.0,0.18242022877784467,0.8996372430471584,0.004515352197471403,-63.51134803846154,0.7706270627062707,2.0987124463519313,1.1248269784802416,0.6390680886346431,-8.565870482999264,-0.08070866141732283,2.25,1.2258064516129032,1.2364051302491996,0.4049167012866023,-3.1615991134181396,Gambling,Consumer Cyclical,INSE
2021Q4,2021,Q4,2022-03-31,2021-12-31,-1200000.0,67000000.0,3100000.0,-0.0466,50800000.0,0.7582089552,331700000.0,-78000000.0,126400000.0,81500000.0,409700000.0,16900000.0,-494100000.0,294762525.12,569462525.12,-3.4294725884454387,1.550920245398773,0.9722640940608984,-4.134615384615385,0.005340223944875108,-3.4294725884454387,0.015384615384615385,4.399440673432836,-61.408859400000004,-3.7790067323076926,0.0,0.9585798816568047,0.0,0.20198974977389206,1.192638036809816,-0.0036177268616219473,-36.84531564,0.7582089552238805,-1.048041237113402,0.970557962683212,0.36088431669353177,-3.6574274385512933,-0.1404399323181049,-1.048,-0.906060606060606,0.7672538559168574,0.9996525480968578,-2.8913610823495675,Gambling,Consumer Cyclical,INSE
2021Q3,2021,Q3,2021-11-12,2021-09-30,25000000.0,77600000.0,33000000.0,0.97,59100000.0,0.7615979381,303800000.0,-120900000.0,111000000.0,96300000.0,424700000.0,14600000.0,-492900000.0,266105057.39999998,550105057.4,-5.315682512090429,1.1526479750778815,1.0569453587886768,-2.6559139784946235,0.1533805063601783,-5.315682512090429,-0.20678246484698098,3.4291888840206184,2.661050574,-2.201034387096774,0.0,1.2671232876712328,0.0,0.2554312047399605,0.731048805815161,0.08229098090849243,19.28297517391304,0.7615979381443299,1.5000000000000002,8.974140274862187,0.0,-1.2299089841228759,0.9188311688311688,1.5707762557077625,4.4375,2.9230412672082586,0.9984778322019859,-7.894773716487126,Gambling,Consumer Cyclical,INSE
2021Q2,2021,Q2,2021-08-12,2021-06-30,-43800000.0,41500000.0,-9600000.0,-1.94,30800000.0,0.7421686747,286200000.0,-151700000.0,82900000.0,100600000.0,437900000.0,14300000.0,-517900000.0,288076139.25,593076139.25,-6.714110391216651,0.8240556660039762,1.1512928022361986,-2.172050098879367,-0.0505290480739766,-6.714110391216651,0.2887277521423863,6.9415937168674695,-1.64427020119863,-1.898985756427159,0.0,0.7482517482517482,0.0,0.14500349406009783,0.46520874751491054,-0.1530398322851153,-15.828359299450549,0.7421686746987952,-1.6216216216216215,-4.160109745357012,0.0,-1.277854934392253,0.76,-1.622754491017964,0.1111111111111111,-9.062030032757882,0.0376367297835445,-27.073824574067057,Gambling,Consumer Cyclical,INSE
2021Q1,2021,Q1,2021-05-14,2021-03-31,-16700000.0,22800000.0,-10800000.0,-0.74,17500000.0,0.7675438596,301000000.0,-112400000.0,92600000.0,91200000.0,413400000.0,17100000.0,-474100000.0,209811017.60999998,478711017.61,-4.976840643997866,1.0153508771929824,1.0302325581395348,-2.758896797153025,-0.04891702331939268,-4.976840643997866,0.148576512455516,9.202237614473683,-3.1408834971556883,-1.8666460641459073,0.0,0.30994152046783624,0.0,0.07574750830564785,0.6820175438596491,-0.05548172757475083,-30.85456141323529,0.7675438596491229,-2.510204081632653,-9.532545976811036,0.0,-1.2008691625542263,-0.6982758620689655,-2.346774193548387,-1.5595854922279793,-29.966158232078072,-0.43785489065607774,-18.80397419553813,Gambling,Consumer Cyclical,INSE
2020Q4,2020,Q4,2021-03-29,2020-12-31,12400000.0,71800000.0,19300000.0,0.49,58000000.0,0.8077994429,324100000.0,-88700000.0,109000000.0,81900000.0,412800000.0,17600000.0,-470400000.0,147440080.06,411440080.06,-3.958530134835034,1.3308913308913308,0.9598889231718606,-3.5073280721533258,0.08112542372881355,-3.958530134835034,-0.13979706877113868,2.0534830091922007,2.9725822592741937,-1.662233146110485,0.0,0.7840909090909091,0.0,0.22153656278926256,1.010989010989011,0.03825979635914841,10.921487411851851,0.807799442896936,2.4411764705882355,3.2757556844502393,0.0,-1.1592437341447723,0.25,2.6315789473684212,1.353658536585366,3.7225809872842115,1.0869151275787892,-6.974732234476704,Gambling,Consumer Cyclical,INSE
2020Q3,2020,Q3,2020-11-12,2020-09-30,-7600000.0,60100000.0,8200000.0,-0.34,46400000.0,0.772046589,320300000.0,-95000000.0,111000000.0,100700000.0,415300000.0,16900000.0,-482800000.0,66319912.96,330019912.96,-4.2400538156556715,1.102284011916584,0.960349672182329,-3.2378947368421054,-0.9203958056417072,-4.2400538156556715,0.08,1.1034927281198004,-2.1815760842105263,-0.6981043469473683,0.0,0.8106508875739645,0.0,0.1876365906962223,0.7229394240317776,-0.02372775522947237,4.4810752,0.7720465890183028,0.6880733944954128,-0.340736218647062,0.0,-1.1608438060421729,2.80327868852459,0.689795918367347,1.6456692913385826,0.2551394384867336,0.5557202960663788,-36.09910911787845,Gambling,Consumer Cyclical,INSE
2020Q2,2020,Q2,2020-08-13,2020-06-30,-24500000.0,15600000.0,-12700000.0,-1.09,12200000.0,0.7820512821,303300000.0,-91800000.0,94500000.0,93200000.0,395100000.0,19000000.0,-483100000.0,64960310.3,331760310.3,-4.098194709516343,1.0139484978540771,1.0112100230794592,-3.340958605664488,-0.055807655056139466,-4.098194709516343,0.2668845315904139,4.164122455128205,-0.6628603091836734,-0.7076286525054466,0.0,0.17894736842105263,0.0,0.051434223541048464,0.6276824034334764,-0.08077810748433893,-14.763706886363636,0.782051282051282,-0.39743589743589747,-0.5525957683764555,0.0,-1.1437561355299204,-0.6847545219638242,-0.40804597701149425,-2.175,-1.6747069747879846,-0.5607763600490272,-39.16980278350815,Gambling,Consumer Cyclical,INSE
2020Q1,2020,Q1,2020-05-15,2020-03-31,-17400000.0,52300000.0,-4000000.0,-0.78,38700000.0,0.7399617591,330500000.0,-59500000.0,114100000.0,108600000.0,390000000.0,16400000.0,-458600000.0,75658825.84,318658825.84000003,-2.658116852425105,1.050644567219153,0.8819969742813918,-4.899159663865547,-0.01683941584647098,-2.658116852425105,0.292436974789916,1.4466314692160613,-1.0870520954022989,-1.2715769048739496,0.0,0.8292682926829268,0.0,0.15824508320726172,0.7440147329650092,-0.05264750378214826,-84.06536204444444,0.739961759082218,0.4135338345864662,-10.645556780956177,0.0,-1.0903545924821822,-0.23517786561264822,0.41216216216216217,-2.0,-0.7368931949509314,0.6968080888959524,-8.659376489670883,Gambling,Consumer Cyclical,INSE
2019Q4,2019,Q4,2020-03-30,2019-12-31,-29600000.0,66400000.0,4000000.0,-1.33,50600000.0,0.7620481928,327400000.0,-49500000.0,95300000.0,78300000.0,376900000.0,18800000.0,-441200000.0,149831039.25,402731039.25,-2.2300118965503337,1.2171136653895274,0.8613317043372022,-5.696969696969697,0.03831814415907208,-2.2300118965503337,0.597979797979798,2.2564915549698794,-1.2654648585304054,-3.026889681818182,0.0,0.8404255319148937,0.0,0.2028100183262065,0.876117496807152,-0.09040928527794746,-55.4929775,0.7620481927710844,-2.5,-19.85978227734182,0.0,-1.062292424151087,1.5816326530612246,-2.4823529411764707,2.111111111111111,0.2558721282964631,0.38192264518816765,-2.7279901353213414,Gambling,Consumer Cyclical,INSE
2019Q3,2019,Q3,2019-11-12,2019-09-30,-8500000.0,26600000.0,-3600000.0,-0.38,19600000.0,0.7368421053,175400000.0,-31800000.0,58000000.0,51200000.0,207200000.0,5100000.0,-428400000.0,159574536.45000002,271874536.45000005,-1.4328225861501476,1.1328125,0.8090079817559863,-4.462264150943396,-0.033056779880736326,-1.4328225861501476,0.2672955974842767,5.999042723684211,-4.693368719117647,-5.018067183962264,0.0,1.3725490196078431,0.0,0.1516533637400228,0.9375,-0.04846066134549601,-39.8936341125,0.7368421052631579,0.2083333333333333,-1217.15257396301,0.0,-668.8891465763052,-0.0392156862745098,0.205607476635514,0.05263157894736842,-1.7784037331997633,0.0,-1.061971117436159,Gambling,Consumer Cyclical,INSE
2019Q2,2019,Q2,2019-08-12,2019-06-30,-10700000.0,26700000.0,-3800000.0,-0.48,20400000.0,0.7640449438,187700000.0,-22600000.0,62300000.0,51000000.0,210300000.0,5600000.0,-419900000.0,195084864.45,303284864.45,-1.0182952970752621,1.2215686274509805,0.7559936068193926,-6.278761061946903,-0.03209915528538723,-1.0182952970752621,0.47345132743362833,7.306549230337078,-4.558057580607476,-8.632073648230088,0.0,1.125,0.0,0.14224826851358552,1.011764705882353,-0.05700586041555674,28.72697164629657,0.7640449438202247,-1.0,0.0,0.0,0.0,-0.23486610156777435,-1.1603068847163336,-2.278688524590164,-0.28330831330893785,0.0,-1.04214085805484,Gambling,Consumer Cyclical,INSE
2019Q1,2019,Q1,2019-05-10,2019-03-31,-4953000.0,33671000.0,-1159000.0,-0.24,26662000.0,0.7918386742,187654000.0,-13224000.0,52853000.0,38564000.0,200878000.0,4436000.0,-409183000.0,139591109.16,252737109.16,-0.6309272884926477,1.3705269162949902,0.7043761390644484,-9.995387174833636,-0.009541550952739453,-0.6309272884926477,0.37454627949183306,4.145736959401265,-7.0457858449424595,-10.555891497277678,0.0,1.5800270513976555,0.0,0.17943129376405512,1.1281246758634997,-0.026394321463970926,44.89903800578964,0.7918386742300496,-0.04347826086956513,-2.540288911959015,0.0,-1.021446452959971,0.1034682559390779,-0.04736730809896384,-4.863333333333333,-2.3660012094302743,0.0,-1.0254647165014152,Gambling,Consumer Cyclical,INSE
2018Q4,2018,Q4,2019-02-11,2018-12-31,-4729000.0,30732000.0,300000.0,-0.23,24162000.0,0.7862163217,186616000.0,-18385000.0,49066000.0,42443000.0,205001000.0,5096000.0,-404230000.0,100133424.0,216028424.0,-0.8813041287792176,1.1560445774332635,0.7067078921421529,-7.173402230078868,0.002664798126073836,-0.8813041287792176,0.25722056023932555,3.2582787973447873,-5.293583421442165,-5.446473973347838,0.0,1.2892464678178963,0.0,0.16468041325502636,0.984119878425182,-0.02534080679041454,-17.457012552301254,0.7862163217493167,0.5964912280701754,-2.5460721173096297,0.0,-1.024618061760542,-0.16590720795360397,0.6034048976853404,-0.9262718112558368,0.06776565284221985,0.0,-1.0354530989038073,Gambling,Consumer Cyclical,INSE
2018Q3,2018,Q3,2018-12-10,2018-09-30,-11924000.0,35615000.0,4069000.0,-0.57,28968000.0,0.8133651551,207912000.0,-12467000.0,58552000.0,52341000.0,220379000.0,5210000.0,-399501000.0,141647072.7,250964072.7,-0.5976186333146862,1.1186641447431267,0.6337681326715149,-10.569343065693431,0.034029525991308804,-0.5976186333146862,0.9564450148391754,3.977174580934999,-2.9697893471150625,-11.361760864682763,0.0,1.2758157389635316,0.0,0.1712984339528262,0.9079688962763417,-0.057351187040671055,85.53567192028984,0.813365155131265,-1.9999999999999998,-1817.0323238194424,0.0,-279.57112446496353,-0.0003795852168811898,-1.9669071908434934,2.3379819524200163,-1.2592595340813624,0.0,-1.0226702913979857,Gambling,Consumer Cyclical,INSE
2018Q2,2018,Q2,2018-08-14,2018-06-30,-4019000.0,36926000.0,1219000.0,-0.19,28979000.0,0.7847857878,206638000.0,-4989000.0,51466000.0,75399000.0,211627000.0,6417000.0,-387577000.0,130378693.75,248781693.75,-0.23915909189725257,0.6825819971087149,0.6222427627057947,-25.772499498897574,0.009907320757806062,-0.23915909189725257,0.8055722589697334,3.530810099929589,-8.110145169818363,-26.133231860092202,0.0,1.238429172510519,0.0,0.1786989808263727,0.524741707449701,-0.01944947202353875,-43.47405593531177,0.7847857877917999,-6.949790794979079,0.0,0.0,0.0,0.058825678687566225,-7.070281124497992,-0.6437755698421975,0.7265148153007698,0.0,-1.0083892028722208,Gambling,Consumer Cyclical,INSE
2018Q1,2018,Q1,2018-05-09,2018-03-31,-498000.0,37453000.0,3422000.0,-0.0239,27369000.0,0.7307558807,212744000.0,-5241000.0,53481000.0,74425000.0,217985000.0,6107000.0,-383558000.0,114703182.0,235784182.0,-0.2513051468790116,0.7185891837420222,0.6322152446132441,-25.663041404312153,0.03157263458965724,-0.2513051468790116,0.09502003434459072,3.062589966090834,-57.5819186746988,-21.885743560389237,0.0,1.651219911576879,0.0,0.17604726807806564,0.5551494793416191,-0.0023408415748505246,-253.7681017699115,0.7307558807038155,0.8805,0.6422575539260404,0.0,-1.0085423536268587,0.08242040735614001,0.8801444043321299,2.293551491819057,0.6422575539260404,0.0,-1.0085423536268587,Gambling,Consumer Cyclical,INSE
2017Q4,2017,Q4,2018-02-05,2017-12-31,-4155000.0,31387000.0,1039000.0,-0.2,25285000.0,0.8055883009,203380000.0,-10147000.0,47945000.0,71322000.0,213527000.0,4477000.0,-383060000.0,200329953.60000002,314106953.6,-0.4963840814267527,0.6722329715936177,0.613462484020061,-12.295850990440524,0.009061334038384671,-0.4963840814267527,0.4094806346703459,6.382577296332878,-12.05354714801444,-19.742776544791568,0.0,1.3629662720571811,0.0,0.15432687579899695,0.5193348475926082,-0.02042973743730947,-28.941050794568046,0.8055883008889031,0.5652173913043478,-2.1795619604236762,0.0,-1.013865830845977,-0.10075396543139625,0.5522629310344828,1.2876522702104098,-2.1795619604236762,0.0,-1.013865830845977,Gambling,Consumer Cyclical,INSE
2017Q3,2017,Q3,2017-12-04,2017-09-30,-9280000.0,35136000.0,-3612000.0,-0.46,28118000.0,0.8002618397,219023000.0,-2329000.0,63200000.0,61220000.0,221352000.0,5011000.0,-378905000.0,270008526.5,373839526.5,-0.11428990928551287,1.0323423717739302,0.565506818918561,-53.181193645341345,-0.030061666192558595,-0.11428990928551287,3.9845427221983685,7.684668900842441,-7.273936597521552,-115.93324452554745,0.0,1.400518858511275,0.0,0.1604215082434265,0.8173636066644887,-0.04236997940855527,34.92091651577858,0.800261839708561,-0.12195121951219524,-1447.4511013495612,0.0,-54.27455800378169,0.21005293282265353,-0.11364454578183128,-0.17962116263879818,-1447.4511013495612,0.0,-54.27455800378169,Gambling,Consumer Cyclical,INSE
2017Q2,2017,Q2,2017-08-07,2017-06-30,-8333000.0,32311000.0,-3062000.0,-0.41,23237000.0,0.7191668472,213387000.0,-2079000.0,65506000.0,66900000.0,215466000.0,4567000.0,-369625000.0,264914026.0,369123026.0,-0.1020217781900306,0.9791629297458894,0.5947363241434577,-61.04329004329004,-0.024043042671510608,-0.1020217781900306,4.008177008177008,8.19888044319272,-7.947738689547582,-127.42377392977394,0.0,1.986862272826801,0.0,0.15141972097644185,0.7939910313901345,-0.03905111370420879,34.07254353697749,0.7191668472037387,0.08888888888888896,0.0,0.0,0.0,0.038432318898869375,0.08629385964912281,-1.3161875945537065,0.0,0.0,0.0,Gambling,Consumer Cyclical,INSE
2017Q1,2017,Q1,2017-05-08,2017-03-31,-9120000.0,28060000.0,-1322000.0,-0.45,22377000.0,0.7974697078,201531000.0,7072000.0,60680000.0,56313000.0,194459000.0,6702000.0,-361294000.0,216006821.2,320560821.2,0.3470408924290026,1.0775487010104239,0.5850166971830636,16.671238687782804,-0.010541640613572337,0.3470408924290026,-1.2895927601809956,7.698033542409123,-5.92123961622807,30.54395096153846,0.0,0.8479558340793792,0.0,0.13923416248616838,0.8175376911192798,-0.04525358381588937,-13.414073228590945,0.7974697077690663,0.7486033519553073,-5.7048203164185765,0.0,-0.9882034010726551,0.011252711496746204,0.5925479158289774,-4.7988505747126435,-5.7048203164185765,0.0,-0.9882034010726551,Gambling,Consumer Cyclical,INSE
2016Q4,2016,Q4,2016-12-31,2016-12-31,-22383000.0,27037000.0,348000.0,-1.79,22128000.0,0.8184339979,209554000.0,16119000.0,71501000.0,60637000.0,193435000.0,6846000.0,-352174000.0,105542865.99999999,192555866.0,1.2905235110822175,1.1791645365041146,0.5628573064699314,7.317389416216887,0.002595449961781802,1.2905235110822175,-1.3886097152428811,3.9036455967747896,-1.1788284188893354,6.547730380296544,0.0,0.7170610575518551,0.0,0.12902163642784198,0.9398057291752561,-0.10681256382603052,-6.381839762970128,0.8184339978547915,-11.785714285714285,-27.032523804796323,0.0,-0.9639509376368615,0.0,-50.4416911430108,1.66570763956905,-27.032523804796323,0.0,-0.9639509376368615,Gambling,Consumer Cyclical,INSE
2016Q3,2016,Q3,2016-11-10,2016-09-30,-435114.0,0.0,-522752.0,-0.14,0.0,0.0,80260246.0,72982255.0,242108.0,4477991.0,7277991.0,0.0,-5569449.0,31439347.560000002,31920989.560000002,23.120812491822587,0.054066209601582496,0.008721627890350598,0.009591372587761231,-0.0064455664363902015,23.120812491822587,-0.005961914988787343,0.0,-18.06385657551814,0.43078070909154564,0.0,0.0,0.0,0.0,0.048762491929974845,-0.005421289139831443,-123.00791727311142,0.0,0.631578947368421,-437.4361276970061,0.0,10776.426230281353,0.0,0.6190241869391929,0.568236893531053,-437.4361276970061,0.0,10776.426230281353,Gambling,Consumer Cyclical,INSE
2016Q2,2016,Q2,2016-08-01,2016-06-30,-1142104.0,0.0,-1210738.0,-0.38,0.0,0.0,80299328.0,73461188.0,267409.0,4038140.0,6838140.0,0.0,-5090516.0,30066569.220000003,30349773.220000003,24.164085499875334,0.06622083434452496,0.006226702171156401,0.006806315193269132,-0.0158923887186626,24.164085499875334,-0.015547039614986897,0.0,-6.581399158920729,0.40928509378312805,0.0,0.0,0.0,0.0,0.05368709356287796,-0.01422308291297282,-85.77508564223116,0.0,-4.413105413105414,0.0,0.0,0.0,0.0,-4.400299779184733,-3.305137058147928,0.0,0.0,0.0,Gambling,Consumer Cyclical,INSE
2016Q1,2016,Q1,2016-05-10,2016-03-31,-211489.0,0.0,-281231.0,-0.0702,0.0,0.0,80703227.0,74637609.0,657827.0,3265618.0,6065618.0,0.0,-3914095.0,29792952.48,29772976.48,24.776529063560606,0.20144027868538206,0.006195539120139521,0.006699035602815197,-0.0032130938317916956,24.776529063560606,-0.0028335446812075664,0.0,-35.21808756010951,0.3991680987530027,0.0,0.0,0.0,0.0,0.15922744178896614,-0.002620576745958374,-126.10079648527277,0.0,0.7075,-0.05177885915205612,0.0,-0.15779730126667232,0.0,0.7112884576268178,0.611840861253925,-0.05177885915205612,0.0,-0.15779730126667232,Gambling,Consumer Cyclical,INSE
2015Q4,2015,Q4,2016-03-15,2015-12-31,-732527.0,0.0,-724525.0,-0.24,0.0,0.0,80329807.0,74883969.0,318828.0,2645838.0,5445838.0,0.0,-3667735.0,29280839.040000003,29024600.040000003,24.85831016268583,0.12050170872139564,0.0,0.0,-0.009728437696242195,24.85831016268583,-0.009782160451457907,0.0,-9.993092077152106,0.3910161204195788,0.0,0.0,0.0,0.0,0.09684606540536496,-0.009118993650762786,-195.84666501682176,0.0,0.040000000000000036,-2.8038419503861713,0.0,-0.30561608091477094,0.0,-0.009436679303107848,-0.012100080602014632,-2.8038419503861713,0.0,-0.30561608091477094,Gambling,Consumer Cyclical,INSE
2015Q3,2015,Q3,2015-11-12,2015-09-30,-725679.0,0.0,-715863.0,-0.25,0.0,0.0,80515838.0,75612495.0,500408.0,2103343.0,4903343.0,0.0,-2939209.0,27822636.099999998,27416888.099999998,26.361312381180156,0.23791079248605673,0.0,0.0,-0.009531990441364109,26.361312381180156,-0.00959734234401338,0.0,-9.585035566689955,0.36796347085227116,0.0,0.0,0.0,0.0,0.19290624496337497,-0.009012872722010295,-95.639355200198,0.0,0.6428571428571428,-803.7027339683985,0.0,12286.937529100898,0.0,0.6152848257625078,0.6222295046670973,-803.7027339683985,0.0,12286.937529100898,Gambling,Consumer Cyclical,INSE
2015Q2,2015,Q2,2015-08-07,2015-06-30,-1886276.0,0.0,-1894968.0,-0.7,0.0,0.0,80847234.0,76333266.0,826446.0,1713968.0,4513968.0,0.0,-2218438.0,25889830.428000003,25193170.428000003,28.507963812531464,0.48218286455756465,0.0,0.0,-0.024767864770613317,28.507963812531464,-0.024711061098839922,0.0,-3.431341758576158,0.33916838338870503,0.0,0.0,0.0,0.0,0.40646033064794673,-0.023331360971483577,-151.61353479111278,0.0,-9.494752623688155,0.0,0.0,0.0,0.0,-9.6278051666338,-8.713351342207915,0.0,0.0,0.0,Gambling,Consumer Cyclical,INSE
2015Q1,2015,Q1,2015-05-07,2015-03-31,-177485.0,0.0,-195089.0,-0.0667,0.0,0.0,81053888.0,78223888.0,910897.0,30000.0,2830000.0,0.0,-327816.0,25419877.48,24552455.48,29.41872437695164,30.363233333333334,0.0,0.0,-0.0023761425457453317,29.41872437695164,-0.002268936056975332,0.0,-35.80567016931008,0.3249631043652548,0.0,0.0,0.0,0.0,28.914066666666667,-0.0021897160565573365,-99.39462625172534,0.0,-0.043818466353677574,0.0,0.0,0.0,0.0,-0.26775,-0.39349285714285714,0.0,0.0,0.0,Gambling,Consumer Cyclical,INSE
2014Q4,2014,Q4,2015-03-13,2014-12-31,-140000.0,0.0,-140000.0,-0.0639,0.0,0.0,81300000.0,78400000.0,1300000.0,100000.0,2900000.0,0.0,-100000.0,20892599.999999996,19792599.999999996,35.79908675799087,13.0,0.0,0.0,-0.0017857142857142857,35.79908675799087,-0.0017857142857142857,0.0,-37.308214285714286,0.2664872448979591,0.0,0.0,0.0,0.0,11.0,-0.0017220172201722018,-149.2328571428571,0.0,-212.00000000000003,0.0,0.0,0.0,0.0,-43.529262086513995,-43.529262086513995,0.0,0.0,0.0,Gambling,Consumer Cyclical,INSE
2014Q3,2014,Q3,2014-12-05,2014-09-30,-3144.0,0.0,-3144.0,-0.0003,0.0,0.0,256427.0,21453.0,47150.0,234974.0,234974.0,0.0,-3547.0,95500000.0,95630324.0,0.0021453,0.20066049860835666,0.6921034056476112,8.272689134386798,-0.015804792712904733,0.0021453,-0.14655292966018738,0.0,-7593.829516539441,4451.591851955437,,0.0,,0.0,0.20066049860835666,-0.012260799369801153,0.0,0.0,0.0,0.0,0.0,0.0,0.0,0.0,0.0,0.0,0.0,0.0,Gambling,Consumer Cyclical,INSE
2014Q2,2014,Q2,2014-06-30,2014-06-30,,,,,,,77619.0,24597.0,15965.0,53022.0,53022.0,0.0,-403.0,0.0,-15965.0,0.0,0.30110142959526237,0.0,0.0,,0.0,,0.0,0.0,0.0,0.0,0.0,,,0.30110142959526237,,0.0,0.0,0.0,0.0,0.0,0.0,0.0,0.0,0.0,0.0,0.0,0.0,Gambling,Consumer Cyclical,INSE
