Year,Date,FillingDate,NetIncome,Revenue,OperatingIncome,EPSDiluted,GrossProfit,GrossProfitRatio,TotalAssets,CommonStockEquity,CurrentAssets,CurrentLiability,TotalLiability,Inventory,RetainedEarnings,EnterpriseValue,bookValuePerShare,currentRatio,debtToAssets,debtToEquity,roic,shareholdersEquityPerShare,roe,priceToSalesRatio,peRatio,pbRatio,payoutRatio,inventoryTurnover,dividendYield,assetTurnover,quickRatio,returnOnAssets,priceToFreeCashFlowsRatio,grossProfitMargin,epsdilutedGrowth,fiveYNetIncomeGrowthPerShare,fiveYRevenueGrowthPerShare,fiveYShareholdersEquityGrowthPerShare,grossProfitGrowth,netIncomeGrowth,operatingIncomeGrowth,threeYNetIncomeGrowthPerShare,threeYRevenueGrowthPerShare,threeYShareholdersEquityGrowthPerShare,Industry,Sector,Price,MarketCap,AvgVolume,Symbol
2022,2022-12-31,2023-03-16,22300000.0,285400000.0,48900000.0,1.68,213400000.0,0.7477224947,309400000.0,-57700000.0,128600000.0,74700000.0,367100000.0,31000000.0,-482200000.0,598575558.5799999,-2.1817735769750515,1.7215528781793843,0.9324499030381384,-5.0,0.1769281316167344,-2.1817735769750515,-0.38648180242634317,1.1740559165381919,15.025809801793722,-5.8072020551126515,0.0,2.3225806451612905,0.0,0.9224305106658048,0.8768406961178046,0.07207498383968972,-67.01511171599999,0.7477224947442186,2.05,1.8497069002379167,0.5842002766742205,-2.6321269439507486,0.34892541087231355,1.6076294277929155,12.216216216216216,1.4989322382332253,0.5401642440395026,0.035040598447150934,Gambling,Consumer Cyclical,14.02,368268948,109862,INSE
2021,2021-12-31,2022-03-31,-36700000.0,208900000.0,3700000.0,-1.6,158200000.0,0.7573001436,331700000.0,-78000000.0,126400000.0,81500000.0,409700000.0,16900000.0,-494100000.0,571458041.12,-3.406411486559283,1.550920245398773,0.9722640940608984,-4.134615384615385,0.013741979881393324,-3.406411486559283,0.4705128205128205,1.4205746343705121,-8.086050166757493,-3.804590270769231,0.0,3.0,0.0,0.6297859511606874,1.192638036809816,-0.1106421465179379,-15.456147975,0.7573001436093825,-0.23076923076923078,0.40292235734481674,0.362123353482799,-25.760558023015108,0.018673535093367676,-0.2568493150684932,-0.5795454545454546,0.05164397213079023,0.30202747642172206,-0.506594829180381,Gambling,Consumer Cyclical,14.02,368268948,109862,INSE
2020,2020-12-31,2021-03-29,-29200000.0,199800000.0,8800000.0,-1.3,155300000.0,0.7772772773,324100000.0,-88700000.0,109000000.0,81900000.0,412800000.0,17600000.0,-470400000.0,411387611.14,-3.9599393428366816,1.3308913308913308,0.9598889231718606,-3.5073280721533258,0.0378060263653484,-3.9599393428366816,0.32919954904171367,0.7376757314314315,-5.047520929452055,-1.6616416137542278,0.0,2.528409090909091,0.0,0.6164763961740204,0.9108669108669109,-0.09009564949089788,6.408157006086957,0.7772772772772772,0.23076923076923073,-0.03164839495331014,0.0,-1.1473902999977177,0.32395566922421143,0.21081081081081082,2.6296296296296298,-0.3136455003552566,0.30943109242418937,-5.592344198919685,Gambling,Consumer Cyclical,14.02,368268948,109862,INSE
2019,2019-12-31,2020-03-30,-37000000.0,153400000.0,-5400000.0,-1.69,117300000.0,0.7646675359,327400000.0,-49500000.0,95300000.0,79600000.0,376900000.0,18800000.0,-441200000.0,400677507.0,-2.2610003835022066,1.1972361809045227,0.8613317043372022,-5.696969696969697,-0.02243013316628609,-2.2610003835022066,0.7474747474747475,0.9633475032594524,-3.993986675675676,-2.985404181818182,0.0,1.9202127659574468,0.0,0.468540012217471,0.6695979899497487,-0.11301160659743432,46.1804709375,0.7646675358539765,-0.7070707070707071,0.0,0.0,-1.0803706418956474,0.06056907261236336,-0.7964653330743834,-1.3891611415393486,0.3704077107025804,0.0461556135714083,-16.762279217149185,Gambling,Consumer Cyclical,14.02,368268948,109862,INSE
2018,2018-09-30,2018-12-10,-20596000.0,141381000.0,13876000.0,-0.99,110601000.0,0.7822904068,207912000.0,-12467000.0,58552000.0,52341000.0,220379000.0,5210000.0,-399501000.0,250240387.71,-0.6006875890196409,1.1186641447431267,0.6337681326715149,-10.569343065693431,0.11681611750871966,-0.6006875890196409,1.6520413892676666,0.9967632688267872,-6.8422697470382605,-11.303712818641213,0.0,5.907869481765835,0.0,0.6800040401708415,0.9079688962763417,-0.09906114125206818,-16.16650082711942,0.7822904067731874,0.6305970149253731,0.0,0.0,-1.0213523391948642,0.15377634049655747,0.5806491020890174,29.551440329218106,0.21466758370175545,0.0,-1.0223577980078575,Gambling,Consumer Cyclical,14.02,368268948,109862,INSE
2017,2017-09-30,2017-12-04,-49114000.0,122544000.0,-486000.0,-2.68,95860000.0,0.7822496409,219023000.0,-2329000.0,63200000.0,61220000.0,221352000.0,5011000.0,-378905000.0,346259360.0,-0.12729224419123242,1.0323423717739302,0.565506818918561,-53.181193645341345,-0.003978239092146038,-0.12729224419123242,21.088020609703737,1.9782964486225356,-4.936033717473633,-104.09118076427652,0.0,5.325084813410497,0.0,0.5595028832588358,0.8173636066644887,-0.22424128972756285,-14.148964631726392,0.7822496409452931,0.0,0.0,0.0,-1.0045247932944354,0.0,0.0,0.0,0.0,0.0,-1.0045247932944354,Gambling,Consumer Cyclical,14.02,368268948,109862,INSE
2015,2015-12-31,2016-03-15,-3521967.0,0.0,-3530445.0,-1.26,0.0,0.0,80329807.0,74883969.0,318828.0,2645838.0,5445838.0,0.0,-3667735.0,26835413.040000003,26.867028175517643,0.12050170872139564,0.0,0.0,-0.047088862292014234,26.867028175517643,-0.047032322765904674,0.0,-7.692193606584049,0.36178173248268936,0.0,0.0,0.0,0.0,0.09684606540536496,-0.04384383744380215,-31.250103284002172,0.0,0.0,0.0,0.0,-0.044971280831856315,0.0,0.0,0.0,0.0,0.0,-0.044971280831856315,Gambling,Consumer Cyclical,14.02,368268948,109862,INSE
2014,2014-12-31,2015-03-13,0.0,0.0,0.0,0.0,0.0,0.0,81295969.0,78410175.0,1140888.0,85794.0,2885794.0,0.0,-141529.0,25466741.779999997,28.132167793780656,13.297992866634031,7.995476380876892e-07,8.289740457791352e-07,,28.132167793780656,0.0,0.0,0.0,0.33911357524709,0.0,0.0,0.0,0.0,13.092733757605426,0.0,-147.21489746428966,0.0,0.0,0.0,0.0,0.0,0.0,0.0,0.0,0.0,0.0,0.0,Gambling,Consumer Cyclical,14.02,368268948,109862,INSE
TTM,,,,,,,,,,,,,,,,635568948.0,-2.07988072495772,1.7540983606557377,0.9323854660347551,-5.424632352941177,0.16633149464340272,-2.07988072495772,-0.37488626023657873,1.266399408528198,17.800871403883495,-6.740771156617647,0.0,2.0493150684931507,0.0,0.9187993680884676,0.8306010928961749,0.065086887835703,89.82169463414634,0.7427785419532325,,,,,,,,,,,Gambling,Consumer Cyclical,14.02,368268948,109862,INSE
