Quarters,Year,Quarter,FillingDate,Date,NetIncome,Revenue,OperatingIncome,EPSDiluted,GrossProfit,GrossProfitRatio,TotalAssets,CommonStockEquity,CurrentAssets,CurrentLiability,TotalLiability,Inventory,RetainedEarnings,MarketCap,EnterpriseValue,bookValuePerShare,currentRatio,debtToAssets,debtToEquity,roic,shareholdersEquityPerShare,roe,priceToSalesRatio,peRatio,pbRatio,payoutRatio,inventoryTurnover,dividendYield,assetTurnover,quickRatio,returnOnAssets,priceToFreeCashFlowsRatio,grossProfitMargin,epsdilutedGrowth,fiveYNetIncomeGrowthPerShare,fiveYRevenueGrowthPerShare,fiveYShareholdersEquityGrowthPerShare,grossProfitGrowth,netIncomeGrowth,operatingIncomeGrowth,threeYNetIncomeGrowthPerShare,threeYRevenueGrowthPerShare,threeYShareholdersEquityGrowthPerShare,Industry,Sector,Symbol
2023Q4,2023,Q4,2023-06-22,2023-05-31,315100000.0,2769000000.0,374500000.0,2.58,602500000.0,0.2175875767,10241500000.0,2201500000.0,997700000.0,1937400000.0,8040000000.0,287900000.0,-32500000.0,19180920000.0,23365620000.0,18.194214876033058,0.5149685145039744,0.45499194453937414,2.116647740177152,0.031854435695174176,18.194214876033058,0.1431296843061549,6.927020585048754,15.218121231355127,8.71265955030661,0.4649317676927959,7.52518235498437,0.00763779839548885,0.2703705511887907,0.2312377413027769,0.03076697749353122,79.03139678615575,0.2175875767425063,0.10256410256410266,0.8445314831040279,0.3253826782033265,0.02460586781378072,0.030442962202839062,0.09944173063503141,0.07030580165761646,1.6754467975206613,1.2432052919630847,-0.02832028480348507,Restaurants,Consumer Cyclical,DRI
2023Q3,2023,Q3,2023-04-04,2023-02-26,286600000.0,2786200000.0,349900000.0,2.34,584700000.0,0.2098557175,10075400000.0,2043900000.0,890900000.0,1950400000.0,8031500000.0,305900000.0,-169400000.0,17320138000.0,21664238000.0,16.836079077429982,0.4567780968006563,0.45848303789427713,2.26009100249523,0.02920828224570718,16.836079077429982,0.1402221243700768,6.216401550498888,15.108285066294487,8.47406331033808,0.5122121423586881,7.196796338672769,0.0084756830459434,0.2765349266530361,0.17068293683347005,0.028445520773368798,47.71387878787879,0.20985571746464718,0.5394736842105262,0.33973250552552614,0.33278108839211257,-0.020688326994048704,0.32075897899254574,0.530982905982906,0.5004288164665524,0.2327331938121825,0.18640739072634727,-0.1277052827215715,Restaurants,Consumer Cyclical,DRI
2023Q2,2023,Q2,2023-01-04,2022-11-27,187200000.0,2486500000.0,233200000.0,1.52,442700000.0,0.1780414237,10025300000.0,2020900000.0,892100000.0,1906400000.0,8004400000.0,296100000.0,-199700000.0,17926722000.0,22360322000.0,16.55118755118755,0.46795006294586655,0.4662503865220991,2.3129793656291753,0.0196530599591869,16.55118755118755,0.09263199564550448,7.20962075206113,23.94060096153846,8.870662576079965,0.7905982905982906,6.902397838568051,0.00825583171312636,0.24802250306723989,0.16381661770877046,0.018672757922456186,423.7995744680851,0.17804142368791473,-0.025641025641025664,1.2373052455697084,0.33778723520950465,0.03523444224825725,-0.023814773980154354,-0.03005181347150259,-0.04504504504504504,6.585154532522954,0.2101422123791313,-0.11045647237757017,Restaurants,Consumer Cyclical,DRI
2023Q1,2023,Q1,2022-10-04,2022-08-28,193000000.0,2446100000.0,244200000.0,1.56,453500000.0,0.1853971628,10014500000.0,2064100000.0,941000000.0,1825300000.0,7950400000.0,273100000.0,-151700000.0,15325630000.0,19588730000.0,16.794955248169245,0.5155316934202597,0.4633880872734535,2.2482437866382443,0.0201606048631774,16.794955248169245,0.0935032217431326,6.265332570213809,19.851852331606217,7.4248486022964,0.7694300518134715,7.296228487733431,0.009689650604901724,0.24425582904788057,0.23459157398783761,0.01927205551949673,51.290595716198126,0.18539716283062835,-0.3035714285714286,0.6522006687133763,0.2870602234475294,0.021386504624660966,-0.1576894502228826,-0.31487397941072065,-0.2779420461265523,0.13130128956623682,0.14630488776418776,-0.1332045521353882,Restaurants,Consumer Cyclical,DRI
2022Q4,2022,Q4,2022-07-22,2022-05-29,281700000.0,2602900000.0,338200000.0,2.24,538400000.0,0.20684621,10135800000.0,2198200000.0,1179400000.0,1847500000.0,7937600000.0,270600000.0,-25900000.0,15679376000.0,20118076000.0,17.670418006430868,0.6383761840324763,0.4794194834152213,2.2105813847693567,0.027593276932984617,17.670418006430868,0.12815030479483214,6.023810365361712,13.914959176428825,7.132825038668002,0.48562300319488816,7.629342202512934,0.008724837008819738,0.2568026204147675,0.26663058186738836,0.027792576806961462,67.7294859611231,0.20684620999654232,0.16062176165803124,1.2864190765107089,0.3519353768553233,0.050959818624855296,0.07293742526903149,0.136345300524405,0.12358803986710963,0.34017398899332185,0.15548843772254775,-0.09085160219358024,Restaurants,Consumer Cyclical,DRI
2022Q3,2022,Q3,2022-04-05,2022-02-27,247900000.0,2448900000.0,301000000.0,1.93,501800000.0,0.2049083262,10205400000.0,2285800000.0,1280100000.0,1815900000.0,7919600000.0,243700000.0,34000000.0,18442940000.0,22636240000.0,17.998425196850395,0.7049396993226499,0.4653026828933702,2.0774345962026426,0.02423833406716289,17.998425196850395,0.10845218304313588,7.531111927804321,18.599173053650667,8.06848368186193,0.5651472367890278,7.989741485432909,0.007596402742729738,0.23996119701334587,0.3347651302384492,0.024291061594841946,56.331521075137445,0.20490832618726776,0.304054054054054,0.4627976530107649,0.2737426072392996,0.1322002062698368,0.1193397278608075,0.28179937952430195,0.44019138755980863,0.07637619201893146,0.05833701067802744,-0.04166954839933775,Restaurants,Consumer Cyclical,DRI
2022Q2,2022,Q2,2022-01-05,2021-11-28,193400000.0,2272200000.0,209000000.0,1.48,448300000.0,0.1972977731,10403300000.0,2543000000.0,1514200000.0,1780700000.0,7860300000.0,230200000.0,261800000.0,18314100000.0,22401200000.0,19.68266253869969,0.8503397540293143,0.4646025780281257,1.9006685017695635,0.015861586551382506,19.68266253869969,0.07605190719622493,8.060073937153419,23.67386246122027,7.201769563507668,0.7373319544984488,7.923110338835795,0.007786350407609438,0.21841146559264848,0.457909810748582,0.01859025501523555,89.9955773955774,0.19729777308335533,-0.1542857142857143,1.3178476157096404,0.3180646620580461,0.30729241314013817,-0.11490621915103652,-0.16240796881766997,-0.2556980056980057,0.6043806978263897,0.10418088440029491,0.08371412191480762,Restaurants,Consumer Cyclical,DRI
2022Q1,2022,Q1,2021-10-05,2021-08-29,230900000.0,2306000000.0,280800000.0,1.75,506500000.0,0.2196444058976583,10541700000.0,2752400000.0,1658000000.0,1715000000.0,7789300000.0,210900000.0,445900000.0,19525455000.0,23495955000.0,21.123561013046814,0.9667638483965014,0.46655662748892496,1.7869132393547449,0.021070051924318448,21.123561013046814,0.08389042290364773,8.467239809193408,21.140596578605454,7.09397434965848,0.6214811606756172,8.532479848269322,0.00734938059061876,0.21875029644175037,0.5920699708454811,0.021903488052211692,210.177125941873,0.2196444058976583,-0.37050359712230213,1.0084469317629428,0.28933320536369456,0.46468260174848547,-0.06099369670003708,-0.3734056987788331,-0.13172541743970315,0.3199854450481302,0.06285314073596758,0.14939207692299372,Restaurants,Consumer Cyclical,DRI
2021Q4,2021,Q4,2021-07-23,2021-05-30,368500000.0,2279200000.0,323400000.0,2.78,539400000.0,0.23666198666198665,10656100000.0,2813100000.0,1871100000.0,1848300000.0,7843000000.0,190800000.0,522300000.0,18748807000.0,22736707000.0,21.490450725744843,1.0123356597954878,0.4882274002683909,1.8494187906579929,0.03173607032227212,21.490450725744843,0.1309942767765099,8.226047297297297,12.71967910447761,6.664820660481319,0.3128900949796472,9.118448637316561,0.00614972461981181,0.21388688169217632,0.694097278580317,0.034581131933821944,51.49356495468278,0.23666198666198665,1.8367346938775508,1.5489393465122443,0.22938613497013138,0.391594760109707,0.5986959098992294,1.8632478632478633,1.1851351351351351,0.9939804001829958,0.008431712500378958,0.21023314639241047,Restaurants,Consumer Cyclical,DRI
2021Q3,2021,Q3,2021-04-06,2021-02-28,128700000.0,1733000000.0,148000000.0,0.98,337400000.0,0.19469128678592038,10096100000.0,2575500000.0,1300400000.0,1646500000.0,7520600000.0,188200000.0,303000000.0,18142110000.0,22234210000.0,19.735632183908045,0.7897965381111448,0.5037588771902022,1.974762182100563,0.012230036382465044,19.735632183908045,0.04997087944088526,10.468615118291979,35.24108391608392,7.044111822947001,0.3745143745143745,7.415515409139213,0.002656802323434264,0.1716504392785333,0.6303674460977832,0.01274749655807688,73.80842148087876,0.19469128678592038,0.3424657534246575,0.1894139886578449,-0.08282062847692083,0.3128279984707885,0.06975269499048826,0.340625,0.22618061309030654,-0.4403343782654128,-0.22882441508056353,0.14797126355641887,Restaurants,Consumer Cyclical,DRI
2021Q2,2021,Q2,2021-01-06,2020-11-29,96000000.0,1656500000.0,120700000.0,0.73,315400000.0,0.19040144883791127,9927600000.0,2455100000.0,1109700000.0,1546100000.0,7472500000.0,203000000.0,223200000.0,14069794000.0,18444694000.0,18.841903300076748,0.7177414138800854,0.5189773963495709,2.0985703230010997,0.009353359869505938,18.841903300076748,0.03910227689299825,8.493687896166616,36.64008854166667,5.730843550160889,0.40729166666666666,6.6064039408866995,0.002779003018807525,0.16685805229864217,0.5326304896190415,0.009670010878762238,93.30102122015916,0.19040144883791127,1.6071428571428568,1.1847019698132515,0.012264710248659192,0.2130102586892307,0.04679721208098241,1.6592797783933517,1.1325088339222615,0.07513222143794948,-0.16485617829539104,0.17851285253250648,Restaurants,Consumer Cyclical,DRI
2021Q1,2021,Q1,2020-10-06,2020-08-30,36100000.0,1527400000.0,56600000.0,0.28,301300000.0,0.19726332329448737,9789500000.0,2375000000.0,971000000.0,1543900000.0,7414500000.0,190100000.0,166600000.0,11267100000.0,15805900000.0,18.26923076923077,0.6289267439601011,0.5305071760559783,2.1866947368421052,0.005489819281768711,18.26923076923077,0.0152,7.376653136048186,78.02700831024931,4.744042105263158,0.0,6.449763282482904,0.0,0.15602431176260279,0.4545631193730164,0.0036876244956330763,69.12331288343559,0.19726332329448737,1.072538860103627,-0.5905324074074074,-0.11271369294605807,-0.03984984117816926,27.695238095238096,1.0752083333333333,1.0955919608174294,-0.7078396897220427,-0.2402232878943793,0.1110446846591016,Restaurants,Consumer Cyclical,DRI
2020Q4,2020,Q4,2020-07-24,2020-05-31,-480000000.0,1270100000.0,-592100000.0,-3.86,10500000.0,0.008267065585386977,9946100000.0,2331200000.0,1101400000.0,1792800000.0,7614900000.0,206900000.0,143500000.0,9749595000.0,14627695000.0,18.724497991967873,0.6143462739848282,0.5671971928695669,2.419955387783116,-0.03748587817756644,18.724497991967873,-0.2059025394646534,7.676242028186757,-5.0779140625000005,4.182221602608099,0.0,6.0879652005799905,0.0,0.1276982938036014,0.4535363676929942,-0.04826012205789204,-32.3155286708651,0.008267065585386977,-3.0423280423280423,-5.624309202622455,-0.3140271034625645,0.013457937169720387,-0.9804832713754646,-3.0662935858803273,-3.1275601868487244,-4.892792494696071,-0.34084523766522723,0.11365192415472425,Restaurants,Consumer Cyclical,DRI
2020Q3,2020,Q3,2020-03-31,2020-02-23,232300000.0,2346500000.0,278300000.0,1.89,538000000.0,0.22927764756019603,9973300000.0,2341200000.0,686000000.0,1683100000.0,7632100000.0,229600000.0,648600000.0,14300057000.0,19224257000.0,19.30090684253916,0.4075812488859842,0.5259944050615143,2.24068853579361,0.020573446806701118,19.30090684253916,0.09922262087818214,6.09420711698274,15.389643779595351,6.108003160772253,0.4588893671975893,7.876742160278746,0.0074545157407414535,0.23527819277470846,0.22155546313350366,0.023292190147694344,40.590567697984675,0.22927764756019603,8.45,0.7834064697712994,0.392534046186438,0.07466842102975213,0.32675709001233044,8.404858299595142,0.737203495630462,0.43515846844371164,0.2778330124350163,0.21413348497521786,Restaurants,Consumer Cyclical,DRI
2020Q2,2020,Q2,2020-01-02,2019-11-24,24700000.0,2056400000.0,160200000.0,0.2,405500000.0,0.1971892627893406,9742700000.0,2273700000.0,535500000.0,1557500000.0,7469000000.0,212200000.0,584500000.0,14133652000.0,19210752000.0,18.606382978723403,0.3438202247191011,0.5372637975099305,2.30215067950917,-0.055551596438760786,18.606382978723403,0.010863350485991996,6.873007197043377,143.05315789473684,6.2161463693539165,4.3562753036437245,7.779924599434496,0.007613035894756713,0.21107085304894946,0.13746388443017657,0.0025352315066665297,314.7806681514477,0.1971892627893406,-0.854014598540146,1.7869421380384016,0.3784187480119131,0.12848972043836543,-0.10761443661971831,-0.8552168815943728,-0.20496277915632755,-0.6870199384450689,0.2612148161434083,0.23580756700164615,Restaurants,Consumer Cyclical,DRI
2020Q1,2020,Q1,2019-10-01,2019-08-25,170600000.0,2133900000.0,201500000.0,1.37,454400000.0,0.21294343689957354,9719500000.0,2381300000.0,670300000.0,1548600000.0,7338200000.0,199000000.0,789900000.0,14895480000.0,19738180000.0,19.37591537835639,0.4328425674803048,0.5343381861206852,2.1809515810691638,0.015355662547444256,19.37591537835639,0.07164154033511107,6.980402080697314,21.82807737397421,6.255188342501994,0.6336459554513482,8.43969849246231,0.007257235080709047,0.21954833067544627,0.25952473201601445,0.01755234322753228,113.44615384615385,0.21294343689957354,-0.17964071856287414,-0.6353149444854801,0.43838509774080475,0.20376710043644652,-0.0980547836443033,-0.1798076923076923,-0.12315056570931245,0.5732871220164831,0.26494738294908343,0.34350293163643636,Restaurants,Consumer Cyclical,DRI
2019Q4,2019,Q4,2019-07-19,2019-05-26,208000000.0,2229100000.0,229800000.0,1.67,503800000.0,0.2260104975102059,5892800000.0,2392600000.0,892600000.0,1474100000.0,3500200000.0,207300000.0,806600000.0,14788003000.0,15258403000.0,19.436230706742485,0.6055220134319246,0.15742940537605213,0.38773718966814347,0.06628845817896023,19.436230706742485,0.08693471537239823,6.634068906733659,17.77404206730769,6.180725152553707,0.4442307692307692,8.322720694645442,0.006248308172509838,0.3782751832745045,0.370124143545214,0.03529731197393429,63.169598462195644,0.2260104975102059,-0.06703910614525145,1.5765226823438812,0.4474581975215444,0.1885756549767416,-0.026661514683153014,-0.06976744186046512,-0.1344632768361582,0.529913714244482,0.2785479496139328,0.2585755949448002,Restaurants,Consumer Cyclical,DRI
2019Q3,2019,Q3,2019-04-02,2019-02-24,223600000.0,2246500000.0,265500000.0,1.79,517600000.0,0.23040284887602938,5697800000.0,2315700000.0,687200000.0,1442900000.0,3382100000.0,209500000.0,728400000.0,13697397000.0,14321897000.0,18.78102189781022,0.47626308129461503,0.16276457580118642,0.40048365505030875,0.07280941389214005,18.78102189781022,0.09655827611521355,6.097216559091921,15.314620974955279,5.91501360279829,0.41323792486583183,8.252505966587112,0.006745807250822911,0.3942749833268981,0.26114075819530114,0.03924321668012215,38.00609600443951,0.23040284887602938,0.9456521739130435,1.170535139335251,0.07127236266068847,0.1622511076884016,0.33850530126713213,0.9342560553633218,0.7927076299797434,1.1871256268618042,0.25837352815613046,0.24932665736658538,Restaurants,Consumer Cyclical,DRI
2019Q2,2019,Q2,2019-01-02,2018-11-25,115600000.0,1973400000.0,148100000.0,0.92,386700000.0,0.19595621769534813,5549200000.0,2250300000.0,561200000.0,1385300000.0,3298900000.0,209400000.0,662500000.0,13663692000.0,14496092000.0,18.16222760290557,0.40511080632354,0.17517840409428387,0.43198684619828465,0.03936962236260442,18.16222760290557,0.051370928320668356,6.923934326543022,29.549506920415226,6.071942407678976,0.8044982698961938,7.577363896848137,0.006806359511031132,0.3556188279391624,0.15895473904569407,0.02083183161536798,151.4821729490022,0.19595621769534813,-0.30303030303030304,5.154099510031713,0.014738922479771382,0.15189730232103124,-0.1229303696983443,-0.30445246690734057,-0.2168164992067689,1.766635279347144,0.26820917159015245,0.16925387271695821,Restaurants,Consumer Cyclical,DRI
2019Q1,2019,Q1,2018-10-02,2018-08-26,166200000.0,2061400000.0,189100000.0,1.32,440900000.0,0.21388376831279712,5496900000.0,2275200000.0,544600000.0,1324300000.0,3221700000.0,194600000.0,693500000.0,14098344000.0,14873344000.0,18.378029079159937,0.41123612474514837,0.16860412232349142,0.4073488045007032,0.056674432882857305,18.378029079159937,0.07304852320675105,6.839208305035413,21.206895306859206,6.196529535864978,0.5595667870036101,8.327338129496402,0.00659651942100434,0.3750113700449344,0.1665785698104659,0.03023522348960323,149.03112050739958,0.21388376831279712,-0.050359712230215715,1.48991342529307,0.004385786665259544,0.15511435486682293,-0.09205107084019769,-0.04756446991404011,-0.17782608695652175,0.9795481062645844,0.2574651928220461,-0.03413188206551884,Restaurants,Consumer Cyclical,DRI
2018Q4,2018,Q4,2018-07-20,2018-05-27,174500000.0,2134100000.0,230000000.0,1.39,485600000.0,0.2275432266529216,5469600000.0,2194800000.0,553600000.0,1384500000.0,3274800000.0,205300000.0,657600000.0,10861968000.0,11641568000.0,17.75728155339806,0.39985554351751534,0.16939081468480327,0.42213413522872245,0.05961597276562904,17.75728155339806,0.0795061053398943,5.089718382456304,15.561558739255013,4.948955713504647,0.4504297994269341,8.029712615684364,0.007236257738929079,0.3901747842621033,0.1665583243048032,0.031903612695626735,69.49435700575816,0.2275432266529216,-0.1965317919075145,0.3768086870469926,-0.02512056913106465,0.11915277767956686,0.008934136713068773,-0.19880624426078972,-0.01456726649528706,0.6933703058298528,0.16100659602853018,-0.03889236760481036,Restaurants,Consumer Cyclical,DRI
2018Q3,2018,Q3,2018-04-03,2018-02-25,217800000.0,2128400000.0,233400000.0,1.73,481300000.0,0.22613230595752679,5454700000.0,2124900000.0,569600000.0,1467500000.0,3329800000.0,208000000.0,586400000.0,11905152000.0,12735352000.0,17.191747572815533,0.38814310051107326,0.17911159183823125,0.4597863428867241,0.14173154162465496,17.191747572815533,0.10249894112664125,5.593474910731065,13.665234159779613,5.6026881265000705,0.3576675849403122,7.91875,0.006543385586341107,0.39019561112435147,0.1345144804088586,0.03992886868205401,36.49648068669528,0.22613230595752679,1.5820895522388059,0.6952691574202499,-0.014013652939492076,0.13976975909606137,0.3197148341102276,1.5714285714285714,0.8107059736229635,0.6409726152640518,0.23959793444157332,-0.04276890357815021,Restaurants,Consumer Cyclical,DRI
2018Q2,2018,Q2,2018-01-03,2017-11-26,84700000.0,1881500000.0,128900000.0,0.67,364700000.0,0.19383470635131544,5317600000.0,1976100000.0,485200000.0,1418000000.0,3341500000.0,199100000.0,447300000.0,9922608000.0,10897008000.0,15.987864077669903,0.34217207334273625,0.20481044080036107,0.5511360761095087,0.0328560058974605,15.987864077669903,0.042862203329791,5.2737751793781555,29.28750885478158,5.02130863822681,0.9197166469893743,7.618282270215972,0.007850758590886589,0.3538250338498571,0.12792665726375177,0.015928238302993832,339.8153424657534,0.19383470635131544,-0.27956989247311825,1.6268878101402373,0.0003351826167359765,0.1050965403047566,-0.11865635572740454,-0.28823529411764703,-0.26131805157593124,3.667976458284,0.24689686775399539,-0.0303252231211368,Restaurants,Consumer Cyclical,DRI
2018Q1,2018,Q1,2017-10-03,2017-08-27,119000000.0,1936100000.0,174500000.0,0.93,413800000.0,0.2137286297195393,5223500000.0,2058700000.0,483000000.0,1258300000.0,3164800000.0,176300000.0,515000000.0,10621968000.0,11411768000.0,16.44329073482428,0.3838512278470953,0.1793050636546377,0.45494729683781027,0.044305252732938866,16.44329073482428,0.057803468208092484,5.486270337275967,22.315058823529412,5.159551173070384,0.6647058823529411,8.63471355643789,0.007446830945075338,0.370651861778501,0.1624413891758722,0.022781659806643057,143.1532075471698,0.2137286297195393,-0.05102040816326524,0.0988843842631573,-0.026466597811498488,0.13246534576934965,-0.05568233683249658,-0.03877221324717286,0.02526439482961222,-0.7502914256109144,0.2810805881413151,0.021571988882828068,Restaurants,Consumer Cyclical,DRI
2017Q4,2017,Q4,2017-07-21,2017-05-28,123800000.0,1934600000.0,170200000.0,0.98,438200000.0,0.2265067714256177,5504200000.0,2101700000.0,799800000.0,1289200000.0,3402500000.0,178900000.0,560100000.0,10993750000.0,11697250000.0,16.8136,0.6203847347192057,0.17016096798808183,0.44563924442118286,0.044263883264239585,16.8136,0.05890469619831565,5.6826992659981395,22.200626009693057,5.230884522053575,0.567043618739903,8.364449413079933,0.006385446276293348,0.3514770538861233,0.2396835246664598,0.022491915264706952,87.95,0.2265067714256177,-0.2575757575757576,-0.15829100529100537,-0.03714897119341557,0.1729357220412595,-0.0006841505131128849,-0.2524154589371981,-0.25838779956427016,0.5102168786127166,0.2371310344827587,0.02819502063146197,Restaurants,Consumer Cyclical,DRI
2017Q3,2017,Q3,2017-04-04,2017-02-26,165600000.0,1878700000.0,229500000.0,1.32,438500000.0,0.23340607867142174,4679800000.0,1972800000.0,884900000.0,1232100000.0,2707000000.0,168000000.0,520000000.0,9249173000.0,9298473000.0,15.89685737308622,0.7182046911776642,0.0941706910551733,0.2233880778588808,0.07181419908112237,15.89685737308622,0.08394160583941605,4.923177196997924,13.963123490338164,4.688348033252231,0.4190821256038647,8.572619047619048,0.007503373544856389,0.4014487798623873,0.3530557584611639,0.035386127612291124,28.77776291225887,0.23340607867142174,1.0625,0.04085429719206812,-0.10277328710970493,0.14552594930756982,0.3660436137071651,1.0830188679245283,0.9699570815450643,0.5971534703465682,-0.10989301647244143,-0.0162335046961302,Restaurants,Consumer Cyclical,DRI
2017Q2,2017,Q2,2017-01-04,2016-11-27,79500000.0,1642500000.0,116500000.0,0.64,321000000.0,0.1954337899543379,4461900000.0,1853400000.0,683400000.0,1151300000.0,2608500000.0,183600000.0,424400000.0,9100783000.0,9424483000.0,15.056051990251827,0.5935898549465821,0.09872475851094825,0.23767130678752563,0.03782909814041548,15.056051990251827,0.04289414049854322,5.540811567732115,28.618814465408807,4.910317794323946,0.8679245283018868,7.197712418300654,0.007581765217344484,0.3681167215760102,0.16207765135064708,0.01781752168358771,252.79952777777777,0.1954337899543379,-0.264367816091954,0.5670368370176403,-0.05074079322657718,0.14464296302573845,-0.13640032284100082,-0.27858439201451907,-0.277743335399876,3.259778942963346,-0.1499238594944042,-0.04510470574646043,Restaurants,Consumer Cyclical,DRI
2017Q1,2017,Q1,2016-10-05,2016-08-28,110200000.0,1714400000.0,161300000.0,0.87,371700000.0,0.2168105459636024,4370300000.0,1801300000.0,610800000.0,1132100000.0,2569000000.0,161800000.0,429300000.0,7648876000.0,7974376000.0,14.421937550040033,0.5395283102199452,0.10072535066242592,0.24437905956808972,0.05280606524398204,14.421937550040033,0.061178038083606286,4.461546896873542,17.352259528130674,4.246308776994393,0.6397459165154264,8.298516687268233,0.00921704051680273,0.3922842825435325,0.15104672732090804,0.025215660252156602,77.10560483870968,0.2168105459636024,-0.20183486238532117,0.10743454050294643,-0.05429299155081013,0.013847130875509076,-0.08874724197107134,-0.21060171919770773,-0.12857914640734738,0.6364134042276556,-0.17204134398554286,-0.09353788606555048,Restaurants,Consumer Cyclical,DRI
2016Q4,2016,Q4,2016-07-25,2016-05-29,139600000.0,1790200000.0,185100000.0,1.09,407900000.0,0.22785163668863814,4582600000.0,1952000000.0,820300000.0,1187100000.0,2630600000.0,175400000.0,547500000.0,8529472000.000001,8694672000.0,15.443037974683545,0.6910117092073119,0.09601536245799328,0.22540983606557377,0.06194164890188884,15.443037974683545,0.07151639344262295,4.76453580605519,15.274842406876793,4.3696065573770495,0.45415472779369626,7.880843785632839,0.007433050955557389,0.3906515951643172,0.28540139836576534,0.03046305590712696,53.813703470031555,0.22785163668863814,0.329268292682927,0.115675489067894,-0.011637267109975948,0.10785971215966551,-0.05578703703703704,0.31947069943289225,-0.16320072332730562,0.07704780834815354,-0.2003331532802424,-0.0267024379150648,Restaurants,Consumer Cyclical,DRI
2016Q3,2016,Q3,2016-04-06,2016-02-28,105800000.0,1847500000.0,221200000.0,0.82,432000000.0,0.23382949932341002,4501900000.0,1918200000.0,729900000.0,1201100000.0,2583700000.0,178900000.0,507500000.0,8151088000.0,8382988000.0,15.032915360501567,0.60769294813088,0.09944690019769431,0.23339589198206653,0.0732524779804193,15.032915360501567,0.05515587529976019,4.411955615696888,19.260604914933836,4.249342091544156,0.6068052930056711,7.91224147568474,0.00787624915839456,0.41038228303605145,0.22446091083173758,0.023501188387125435,22.999683972911964,0.23382949932341002,1.4848484848484846,-0.2520069330414157,-0.0009541718416388293,0.06602009626847613,0.3296398891966759,1.4490740740740742,1.7074663402692778,-0.2023098130317957,-0.17097067212241332,-0.003355403726168933,Restaurants,Consumer Cyclical,DRI
2016Q2,2016,Q2,2016-01-06,2015-11-29,43200000.0,1608800000.0,81700000.0,0.33,324900000.0,0.20195176529090006,5182300000.0,1989800000.0,1383500000.0,1815400000.0,3192500000.0,170000000.0,577900000.0,7195377000.0,7536677000.0,15.533177205308354,0.7620909992288201,0.2313451556258804,0.6025228666197607,0.03160713009618494,15.533177205308354,0.02171072469594934,4.472511810044754,41.639913194444446,3.6161307669112475,1.6342592592592593,7.552352941176471,0.009811855584495432,0.31044130984311985,0.5072711248209761,0.0083360669972792,-910.8072151898734,0.20195176529090006,-0.5074626865671642,-0.37713091177718755,0.0011064269085773184,0.13774363007049364,-0.13659314376827,-0.5,-0.39120715350223545,0.2927400468384075,-0.17469833835173415,0.0736681464225158,Restaurants,Consumer Cyclical,DRI
2016Q1,2016,Q1,2015-10-02,2015-08-30,86400000.0,1687000000.0,134200000.0,0.67,376300000.0,0.2230586840545347,6026500000.0,2424100000.0,1204600000.0,1142600000.0,3602400000.0,162600000.0,1042300000.0,7744646000.0,8507146000.0,19.02747252747253,1.0542622089970244,0.241035426864681,0.5992327049214141,0.02508034676967616,19.02747252747253,0.035642093973020914,4.590780082987552,22.40927662037037,3.194854172682645,0.8101851851851852,8.060885608856088,0.009038502211721491,0.2799303078071849,0.6571853667075092,0.014336679664813739,173.25829977628635,0.2230586840545347,-0.1829268292682926,-0.1689159646719328,0.01583422389311579,0.4099698953740871,-0.1277236903106166,-0.1794871794871795,-0.10830564784053157,-0.2159320823580751,-0.16637053726693996,0.31044044665012416,Restaurants,Consumer Cyclical,DRI
2015Q4,2015,Q4,2015-07-24,2015-05-31,105300000.0,1878300000.0,150500000.0,0.82,431400000.0,0.22967577064366715,5994700000.0,2333500000.0,1056400000.0,1196700000.0,3661200000.0,163900000.0,1026000000.0,7428966000.0,8360366000.0,18.475851148060173,0.882760925879502,0.2447662101523012,0.6287979430040711,0.03696756580474425,18.475851148060173,0.04512534818941504,3.955154128733429,17.637621082621084,3.1836151703449755,0.6609686609686609,8.827943868212325,0.009368733145366393,0.3133267719819174,0.5129940670176318,0.01756551620598195,3.026425225078421,0.22967577064366715,-0.21904761904761913,0.038555424964452696,0.14901260393357726,0.4047109637384713,0.11013896037056099,-0.21300448430493274,-0.13901601830663615,-0.291440447913132,-0.07479166558855439,0.2888962391562063,Restaurants,Consumer Cyclical,DRI
2015Q3,2015,Q3,2015-03-30,2015-02-22,133800000.0,1730900000.0,174800000.0,1.05,388600000.0,0.22450748165694148,6002900000.0,2237800000.0,981900000.0,1350800000.0,3765100000.0,172800000.0,989000000.0,6971370000.0,8061970000.0,17.959871589085072,0.7269025762511104,0.25434373386196674,0.6822772365716329,0.03999754999787308,17.959871589085072,0.05979086602913576,4.02759835923508,13.025728699551571,3.115278398427027,0.5112107623318386,7.767939814814815,0.009811557843006467,0.28834396708257676,0.3702990820254664,0.022289226873677723,23.053472222222222,0.22450748165694148,5.038461538461538,0.11381528859588196,0.032607952705862524,0.35687716257704233,0.3432423090217767,5.079268292682927,8.297872340425531,-0.16239461707078745,-0.1766765656397643,0.2941865469813034,Restaurants,Consumer Cyclical,DRI
2015Q2,2015,Q2,2014-12-31,2014-11-23,-32800000.0,1559000000.0,18800000.0,-0.26,289300000.0,0.18556767158434895,5787900000.0,2105500000.0,719400000.0,1306000000.0,3682400000.0,193500000.0,997300000.0,6433526000.0,7830226000.0,16.48786217697729,0.5508422664624809,0.2685257174450146,0.7381619567798623,0.002858139928615606,16.48786217697729,-0.015578247447162194,4.126700449005773,-49.03602134146342,3.055581097126573,-2.076219512195122,6.561757105943152,0.010585175221177313,0.26935503377736314,0.17166921898928025,-0.005666994937714888,-41.240551282051285,0.18556767158434895,-0.7333333333333335,-1.5920800591145032,0.03390836407967966,0.3355552695803284,-0.07630906768837803,-1.0651828298887123,-0.7476510067114094,-1.6232367819712459,-0.13145422777372656,0.2534969611180005,Restaurants,Consumer Cyclical,DRI
2015Q1,2015,Q1,2014-10-03,2014-08-24,503200000.0,1595800000.0,74500000.0,-0.15,313200000.0,0.19626519613986715,6124100000.0,2127900000.0,1003900000.0,1601800000.0,3996200000.0,201600000.0,1426100000.0,5618500000.0,6839700000.0,16.09606656580938,0.6267324260207267,0.2669616760013716,0.7683161802716293,0.008626381939967318,16.09606656580938,0.23647727806757837,3.5208046121067804,2.791385135135135,2.6403966351802244,0.14467408585055644,6.362103174603175,0.01295719498086678,0.26057706438497086,0.3120864027968535,0.08216717558498392,-127.69318181818181,0.19626519613986715,-1.2307692307692308,4.598529173478277,-0.03445087744094706,0.3314196282667946,23.21276595744681,4.817341040462428,185.25,3.777581298447687,-0.16832452779625792,0.13153665029438086,Restaurants,Consumer Cyclical,DRI
2014Q4,2014,Q4,2014-07-18,2014-05-25,86500000.0,1650100000.0,400000.0,0.65,-14100000.0,-0.09044259140474663,7100700000.0,2156900000.0,1976400000.0,1618500000.0,4943800000.0,196800000.0,995800000.0,5841851000.0,8499551000.0,16.35253980288097,1.2211306765523633,0.3881307476727647,1.2777597477861746,2.4696735569680465e-05,16.35253980288097,0.04010385275163429,3.5403011938670383,16.883962427745665,2.708447772265752,0.8393063583815029,-0.7205284552845529,0.01242756790613112,0.23238553945385665,0.11251158480074143,0.012181897559395553,-28.877167572911517,-0.008544936670504818,-0.20731707317073164,-0.24662993028717245,-0.10523577179113623,0.43873840233317624,-1.0298602287166454,-0.211485870556062,-0.9974093264248705,-0.3375229168102557,-0.12697365093159826,0.1731059697449471,Restaurants,Consumer Cyclical,DRI
2014Q3,2014,Q3,2014-03-31,2014-02-23,109700000.0,2233100000.0,154400000.0,0.82,472200000.0,0.2114549281268192,7224800000.0,2121700000.0,909200000.0,1641500000.0,5103100000.0,461000000.0,982000000.0,5987280000.0,8590380000.0,16.15917745620716,0.5538836430094426,0.37787897242830254,1.2867511900834236,0.028419388602915444,16.15917745620716,0.051703822406560775,2.681151762124401,13.644667274384686,2.82192581420559,0.6599817684594348,3.8197396963123644,0.01209230234764367,0.3090881408481896,0.11940298507462686,0.015183811316576238,25.00952380952381,0.2114549281268192,4.466666666666667,0.05777077171044484,0.28675110206342985,0.4873962206071924,0.24328593996840442,4.540404040404041,2.0274509803921568,-0.2462896472797462,0.1735323969778293,0.14588604368425098,Restaurants,Consumer Cyclical,DRI
2014Q2,2014,Q2,2014-01-02,2013-11-24,19800000.0,2049900000.0,51000000.0,0.15,379800000.0,0.18527733060149276,7157300000.0,2059200000.0,834300000.0,1646500000.0,5098100000.0,418000000.0,944700000.0,6247904000.0,9035804000.0,15.767228177641654,0.5067112055876101,0.40133849356600954,1.3949592074592074,0.011191810316880737,15.767228177641654,0.009615384615384616,3.0479067271574225,78.88767676767677,3.0341414141414145,3.6161616161616164,3.9954545454545456,0.011459843173006497,0.2864068852779679,0.10179167931976921,0.002766406326408003,-74.64640382317802,0.18527733060149276,-0.7169811320754716,-0.6520889285631835,0.2884861391401678,0.5572851707424891,-0.16929133858267717,-0.717948717948718,-0.5799011532125206,-0.7199831443929412,0.25117143357493893,0.15488693561348418,Restaurants,Consumer Cyclical,DRI
2014Q1,2014,Q1,2013-09-30,2013-08-25,70200000.0,2158500000.0,121400000.0,0.53,457200000.0,0.2118137595552467,7064000000.0,2071500000.0,809700000.0,1563100000.0,4992500000.0,373300000.0,996800000.0,5461890000.0,8110090000.0,15.910138248847927,0.5180090845115476,0.39030294450736125,1.3309678976587014,0.019707245654014553,15.910138248847927,0.03388848660391021,2.5304100069492703,19.451175213675214,2.6366835626357714,1.0213675213675213,4.557460487543531,0.013127324058155693,0.30556342015855037,0.12104152005629838,0.00993771234428086,127.91311475409836,0.2118137595552467,-0.4752475247524752,-0.08715346576334349,0.29883293930879223,0.5642305959752879,-0.10123845095341065,-0.47257700976709244,-0.37098445595854923,-0.33926585094549494,0.2717983420136876,0.17896982532630598,Restaurants,Consumer Cyclical,DRI
2013Q4,2013,Q4,2013-07-19,2013-05-26,133100000.0,2298900000.0,193000000.0,1.01,508700000.0,0.22127974248553656,6936900000.0,2059500000.0,764900000.0,1416400000.0,4877400000.0,356900000.0,998900000.0,6129156000.0,8754156000.0,15.866718027734978,0.5400310646709969,0.39112571898110104,1.3174071376547705,0.033365325366813796,15.866718027734978,0.06462733673221656,2.6661255383009266,11.512314049586777,2.9760407865986886,0.4883546205860255,5.015970860184925,0.010605049047536072,0.33140163473597717,0.12256424738774357,0.01918724502299298,66.26114594594594,0.22127974248553656,-0.00980392156862746,0.4424428090972661,0.38925759173757507,0.6124576123565744,0.0055346906503261515,-0.009672619047619048,-0.05899561189663579,0.27734443727640595,0.3683858432603932,0.2063397022142749,Restaurants,Consumer Cyclical,DRI
2013Q3,2013,Q3,2013-04-01,2013-02-24,134400000.0,2258200000.0,205100000.0,1.02,505900000.0,0.22402798689221504,6957800000.0,1950300000.0,853400000.0,1535400000.0,5007500000.0,432600000.0,930900000.0,5230185000.0,7898585000.0,15.08352668213457,0.5558160739872346,0.3984449107476501,1.4214736194431625,0.03335124981937629,15.08352668213457,0.06891247500384556,2.3160858205650516,9.72876674107143,2.681733579449316,0.48139880952380953,4.050624133148405,0.012370499322681703,0.32455661272241226,0.11202292562198776,0.019316450602201846,20.19376447876448,0.22402798689221504,2.923076923076923,0.15823665893271452,0.35368190170682345,0.6126463190463705,0.2928699207768975,3.0,1.6986842105263158,0.0781417092667487,0.2982113688269732,0.13956788524858754,Restaurants,Consumer Cyclical,DRI
2013Q2,2013,Q2,2013-01-02,2012-11-25,33600000.0,1960000000.0,76000000.0,0.26,391300000.0,0.19964285714285715,6832700000.0,1863400000.0,800600000.0,1543600000.0,4969300000.0,425300000.0,861800000.0,6129592000.0,9001192000.0,14.467391304347826,0.5186576833376523,0.4292592972031554,1.5740045078888054,0.012252746235492981,14.467391304347826,0.018031555221637866,3.127342857142857,45.607083333333335,3.28946656649136,1.9196428571428572,3.688455208088408,0.010522723208983566,0.2868558549328962,0.08298782067893237,0.004917528941706792,-31.97491914449661,0.19964285714285715,-0.6941176470588235,-0.14842578710644674,0.41975661315203106,0.5780992204773324,-0.1931958762886598,-0.6967509025270758,-0.563719862227325,-0.3986588795154662,0.28874513574870403,0.1718924191750279,Restaurants,Consumer Cyclical,DRI
2013Q1,2013,Q1,2012-09-28,2012-08-26,110800000.0,2034800000.0,174200000.0,0.85,485000000.0,0.23835266365244742,6020400000.0,1860000000.0,726800000.0,1860900000.0,4160400000.0,404000000.0,3219100000.0,5973303000.0,8025303000.0,14.519906323185012,0.39056370573378474,0.34939538901069694,1.1309139784946236,0.032898926579835674,14.519906323185012,0.05956989247311828,2.9355725378415567,13.477669223826716,3.211453225806452,0.5776173285198556,3.836138613861386,0.01071434012304415,0.33798418709720285,0.05937986995539792,0.018404092751312204,57.49088546679499,0.23835266365244742,-0.26086956521739124,0.14999863627551366,0.5240427317350825,0.7178411984744555,-0.023358840112766815,-0.2671957671957672,-0.23529411764705882,0.2722000226824383,0.27057400909576307,0.20104425514418015,Restaurants,Consumer Cyclical,DRI
2012Q4,2012,Q4,2012-07-20,2012-05-27,151200000.0,2065500000.0,227800000.0,1.15,496600000.0,0.24042604696199468,5944200000.0,1842000000.0,757600000.0,1774100000.0,4102200000.0,404100000.0,3172800000.0,6094755000.0,8144955000.0,14.334630350194553,0.42703342539879374,0.3567679418592914,1.1513029315960912,0.042806166567669106,14.334630350194553,0.08208469055374593,2.950740740740741,10.077306547619047,3.3087703583061887,0.36574074074074076,3.882454837911408,0.009073375385885077,0.3474815786817402,0.07998421734964208,0.0254365600080751,110.2125678119349,0.24042604696199468,-0.08000000000000007,4.110032143461344,0.9824060704336071,0.9108474811268938,-0.06724267468069121,-0.07861060329067641,-0.07209775967413443,0.3517168074404479,0.14964886793983873,0.2611975519816254,Restaurants,Consumer Cyclical,DRI
2012Q3,2012,Q3,2012-04-02,2012-02-26,164100000.0,2159700000.0,245500000.0,1.25,532400000.0,0.2465157197758948,5927400000.0,1776300000.0,805300000.0,1898300000.0,4151100000.0,453600000.0,3077200000.0,5620480000.0,7677180000.0,13.87734375,0.4242216720223358,0.36191247427202483,1.2076788830715532,0.04651821685359031,13.87734375,0.09238304340483026,2.6024355234523315,8.562583790371724,3.164150199853628,0.3351614868982328,3.5875220458553794,0.009785641084035528,0.36435874076323516,0.07585734604646262,0.027684988359145662,17.288465087665333,0.2465157197758948,2.125,0.7218258047462406,0.5627082624440987,0.6076793043169841,0.43542733890536534,2.0558659217877095,1.5127942681678608,0.6231111918604652,0.27654039447718043,0.27736134476870017,Restaurants,Consumer Cyclical,DRI
2012Q2,2012,Q2,2012-01-03,2011-11-27,53700000.0,1831500000.0,97700000.0,0.4,370900000.0,0.20251160251160252,5864600000.0,1713900000.0,798000000.0,1864800000.0,4150700000.0,396600000.0,2968500000.0,5363148000.0,7626348000.0,13.153491941673062,0.42792792792792794,0.39446850595096,1.349787035416302,0.017857786599657918,13.153491941673062,0.031332049711185014,2.928281736281736,24.968100558659216,3.129207071591108,1.0409683426443204,3.6828038325769037,0.010422982919732964,0.312297513896941,0.06756756756756757,0.009156634723595812,-22.54370744010088,0.20251160251160252,-0.48717948717948717,-0.028868866548561932,0.47429570683344174,0.4942989494299403,-0.1485307621671258,-0.49624765478424016,-0.4208654416123296,-0.05425053124409469,0.15385904760222996,0.29913372937005944,Restaurants,Consumer Cyclical,DRI
2012Q1,2012,Q1,2011-09-30,2011-08-28,106600000.0,1942000000.0,168700000.0,0.78,435600000.0,0.2243048403707518,5594200000.0,1903300000.0,732000000.0,1452200000.0,3690900000.0,343000000.0,2970700000.0,5701218000.0,7419018000.0,14.224962630792227,0.5040628012670431,0.3203317721926281,0.941522618609783,0.03267634815263385,14.224962630792227,0.05600798612935428,2.935745623069001,13.370586303939962,2.995438449009615,0.5412757973733584,4.391836734693878,0.01012064439563616,0.34714525758821635,0.09544139925630078,0.019055450287798075,-241.57703389830507,0.2243048403707518,-0.21205754000323257,0.3038128113780596,0.44456705959333404,0.6299279335516329,-0.08525829483410331,-0.22472727272727272,-0.20611764705882352,0.3488781954996733,0.1371174848126249,0.3985498696280377,Restaurants,Consumer Cyclical,DRI
2011Q4,2011,Q4,2011-07-22,2011-05-29,137500000.0,1990400000.0,212500000.0,0.98992,476200000.0,0.2392483922829582,5466600000.0,1936200000.0,663800000.0,1286800000.0,3530400000.0,300100000.0,2921900000.0,6322728000.0,7901028000.0,13.939524838012959,0.5158532794529065,0.3016134343101745,0.8515649209792376,0.04320058886808744,13.939524838012959,0.07101539097200703,3.1766117363344053,11.49586909090909,3.2655345522156805,0.31636363636363635,5.045651449516828,0.006879941696052716,0.3641020012439176,0.10561081753186198,0.025152745765192257,76.26933655006032,0.2392483922829582,-0.08340740740740744,0.6494032892162899,0.4574226215977681,0.743343164566175,-0.044542536115569825,-0.09060846560846561,-0.047512326311071267,0.39250156647586076,0.12402380289857269,0.41660631381978275,Restaurants,Consumer Cyclical,DRI
2011Q3,2011,Q3,2011-04-04,2011-02-27,151200000.0,1976800000.0,223100000.0,1.08,498400000.0,0.2521246458923513,5414800000.0,1923500000.0,698700000.0,1331400000.0,3491300000.0,326900000.0,2828200000.0,5746532000.0,7259832000.0,14.101906158357771,0.524785939612438,0.29604048164290464,0.8333766571354302,0.04744377132974351,14.101906158357771,0.0786067065245646,2.906987049777418,9.501541005291006,2.987539381336106,0.289021164021164,4.522483940042827,0.007604586557596825,0.36507350225308416,0.12167643082469581,0.027923469010859125,21.808470588235295,0.2521246458923513,1.0377358490566038,0.5724810306381694,0.4687509146313181,0.6856122033901072,0.2955549779048609,1.0295302013422818,0.760852407261247,0.23519061583577697,0.12331383155945866,0.5076969423038616,Restaurants,Consumer Cyclical,DRI
2011Q2,2011,Q2,2011-01-05,2010-11-28,74500000.0,1726200000.0,126700000.0,0.53,384700000.0,0.22285946008573745,5252300000.0,1878600000.0,563000000.0,1255400000.0,3373700000.0,273900000.0,2721000000.0,6058528000.0,7714328000.0,13.652616279069768,0.44846264138919867,0.32532414370847057,0.9095603108697966,0.025536649721400767,13.652616279069768,0.03965719152560417,3.5097485806974857,20.330630872483223,3.2250228893857127,0.5892617449664429,4.897772909821103,0.007245984503166446,0.32865601736382155,0.08674526047474908,0.014184262132779926,-60.46435129740519,0.22285946008573745,-0.3375,0.47114977247681156,0.4163086648819507,0.6277077402185526,-0.12825742125538184,-0.34129089301503096,-0.3102885138813283,0.7674084469393212,0.1704324939644898,0.4892237760238955,Restaurants,Consumer Cyclical,DRI
2011Q1,2011,Q1,2010-10-05,2010-08-29,113100000.0,1806700000.0,183700000.0,0.8,441300000.0,0.2442574860242431,5109900000.0,1870400000.0,503700000.0,1148100000.0,3239500000.0,210000000.0,2690600000.0,5126814000.0,6597414000.0,13.494949494949495,0.4387248497517638,0.3029609190003718,0.8276839178785287,0.037636922748866194,13.494949494949495,0.060468349016253205,2.8376675707090273,11.332480106100798,2.7410254491017967,0.3925729442970822,6.501904761904762,0.008660349292952698,0.35356856298557704,0.10844003135615364,0.022133505548053777,51.94340425531915,0.2442574860242431,-0.0034629661924811335,0.4628651980430637,0.4180857889587941,0.6400970351186542,0.007074395253308992,-0.02162629757785467,-0.024429102496016993,0.08494086964341924,0.2506833238690138,0.5965791856893443,Restaurants,Consumer Cyclical,DRI
2010Q4,2010,Q4,2010-07-23,2010-05-30,115600000.0,1863800000.0,188300000.0,0.80278,438200000.0,0.23511106341882176,5247400000.0,1894000000.0,678500000.0,1254600000.0,3353400000.0,220800000.0,2621900000.0,5522400000.0,6964900000.0,13.152777777777779,0.5408098198629046,0.3223120021343904,0.8929778247096093,0.03814244404588604,13.152777777777779,0.061034846884899685,2.962978860392746,11.942906574394463,2.9157338965153112,0.305363321799308,6.456521739130435,0.006392148341300883,0.35518542516293783,0.24071417184760083,0.02202995769333384,153.4,0.23511106341882176,-0.14597872340425522,0.5484170546142949,0.5039118815332512,0.6737770606723075,-0.012618296529968454,-0.13924050632911392,-0.040265035677879715,3.1218347423510466,0.5962737156006388,0.7533031318207198,Restaurants,Consumer Cyclical,DRI
2010Q3,2010,Q3,2010-04-02,2010-02-28,134300000.0,1874000000.0,196200000.0,0.94,443800000.0,0.2368196371398079,5242400000.0,1843800000.0,698800000.0,1250400000.0,3398600000.0,218100000.0,2541600000.0,5123454000.0,6555954000.0,13.236180904522612,0.5588611644273832,0.32290553944758127,0.9181039158260115,0.041947756298073104,13.236180904522612,0.07283870267924937,2.733966915688367,9.537330603127327,2.7787471526195904,0.25912137006701413,6.557542411737735,0.006792292855561892,0.35746986113230583,0.25295905310300704,0.025618037540057988,15.432090361445782,0.2368196371398079,1.186046511627907,0.637200824994484,0.5380375928909469,0.6168496563163968,0.27199770707939236,1.2271973466003316,0.8650190114068441,0.2948381812391712,0.24598530368386848,0.5334010954651652,Restaurants,Consumer Cyclical,DRI
2010Q2,2010,Q2,2010-01-06,2009-11-29,60300000.0,1641300000.0,105200000.0,0.43,348900000.0,0.212575397550722,5042700000.0,1716000000.0,525400000.0,1148900000.0,3326700000.0,251300000.0,2442100000.0,3905900000.0,5644800000.0,12.345323741007194,0.4573069892941074,0.3561187459099292,1.0465034965034965,0.02234669215163654,12.345323741007194,0.03513986013986014,2.379759946383964,16.193615257048094,2.2761655011655013,0.5837479270315091,5.142857142857143,0.009012007475869837,0.3254803974061515,0.09095656715118809,0.011957879707299661,285.1021897810219,0.212575397550722,-0.35820895522388063,0.5828242118347206,0.50603670595446,0.528157991306618,-0.12402711523976902,-0.3605514316012725,-0.3168831168831169,0.022234465030874964,0.23849786660865838,0.402487216197975,Restaurants,Consumer Cyclical,DRI
2010Q1,2010,Q1,2009-10-08,2009-08-30,94300000.0,1734000000.0,154000000.0,0.67,398300000.0,0.22970011534025375,5022800000.0,1676800000.0,536500000.0,1174100000.0,3346000000.0,230500000.0,2417000000.0,4083328000.0,5809428000.0,12.089401586157173,0.45694574567754026,0.359460858485307,1.0767533396946565,0.03170927033631138,12.089401586157173,0.05623807251908397,2.354860438292964,10.825365853658537,2.435190839694657,0.3679745493107105,5.794793926247288,0.008497970283063226,0.3452257704865812,0.10382420577463589,0.018774388787130683,49.91843520782396,0.22970011534025375,-0.2303170731707317,0.48561275223385264,0.5409168355931823,0.4974266175866022,-0.14729180047099122,-0.23333333333333334,-0.20536635706914344,0.11262646157585288,0.24427744104109944,0.385230587709711,Restaurants,Consumer Cyclical,DRI
2009Q4,2009,Q4,2009-07-24,2009-05-31,123000000.0,1975600000.0,193800000.0,0.8704883227176221,467100000.0,0.23643450091111562,5025200000.0,1606000000.0,554800000.0,1096100000.0,3419200000.0,247000000.0,2357400000.0,4747680000.0,6525980000.0,11.365888181174805,0.506158197244777,0.3663933773780148,1.146450809464508,0.04058799393332278,11.365888181174805,0.07658779576587796,2.403158534116218,9.649756097560976,2.9562141967621423,0.22439024390243903,6.107287449392713,0.005813365685977151,0.39313858154899306,0.09123255177447313,0.02447663774576136,37.14929577464789,0.23643450091111562,0.11601067015079754,1.7046783279017637,0.7168766442971601,0.5227262957352279,0.15361817732773525,0.14418604651162792,0.11379310344827587,0.4504052177970044,0.4220152195067311,0.42147194399627,Restaurants,Consumer Cyclical,DRI
2009Q3,2009,Q3,2009-03-26,2009-02-22,107500000.0,1798900000.0,174000000.0,0.78,404900000.0,0.22508199455222636,5056300000.0,1478600000.0,609100000.0,1375200000.0,3577700000.0,310000000.0,2262600000.0,3331728000.0,5239228000.0,10.864070536370315,0.4429173938336242,0.39847319185966024,1.362640335452455,0.03565350060874466,10.864070536370315,0.07270390910320573,1.8520918338984935,7.748204651162792,2.253299066684702,0.25302325581395346,4.496774193548387,0.008163931749530574,0.35577398492969164,0.11452879581151833,0.02126060558115618,15.91843287147635,0.22508199455222636,0.8139534883720931,0.664913248554603,0.7475002163407206,0.3875167867125514,0.23595848595848595,0.8006700167504187,0.5775158658204895,0.12046509881503821,0.339518403090285,0.29859110314270415,Restaurants,Consumer Cyclical,DRI
2009Q2,2009,Q2,2009-01-02,2008-11-23,59700000.0,1668900000.0,110300000.0,0.43,327600000.0,0.1962969620708251,4966400000.0,1387100000.0,564600000.0,1379700000.0,3579300000.0,324100000.0,2182300000.0,1918000000.0,4021700000.0,10.124817518248175,0.40921939552076536,0.4339159149484536,1.5536010381371206,0.02171670894702965,10.124817518248175,0.04303943479201211,1.149259991611241,8.031825795644892,1.3827409703698363,0.46063651591289784,4.138537488429497,0.014337851929092805,0.33603817654639173,0.06552149017902442,0.012020779639175258,-16.548748921484037,0.1962969620708251,-0.2586206896551724,1.2992315365462144,0.7581577900458965,0.30296870903528433,-0.1403831015481501,-0.2728380024360536,-0.22214386459802538,0.18405755733706103,0.3752922043907112,0.2071125054630075,Restaurants,Consumer Cyclical,DRI
2009Q1,2009,Q1,2008-09-24,2008-08-24,82100000.0,1774200000.0,141800000.0,0.58,381100000.0,0.21480103708713785,4818000000.0,1413800000.0,497300000.0,1207400000.0,3404200000.0,275800000.0,2150200000.0,4008760000.0,5893460000.0,10.171223021582733,0.4118767599801226,0.4006226650062267,1.3652567548450982,0.03000812796323432,10.171223021582733,0.0580704484368369,2.259474692819299,12.206942752740561,2.835450558777762,0.3398294762484775,5.051124002900653,0.006959758129695966,0.36824408468244085,0.06874275302302468,0.017040265670402656,154.7783783783784,0.21480103708713785,-0.18412131272067417,0.4181945984746447,0.6688528196787821,0.3362510093707259,-0.06363636363636363,-0.19351669941060903,-0.18223760092272204,0.0588471945272792,0.38856899963651687,0.23615080793534102,Restaurants,Consumer Cyclical,DRI
2008Q4,2008,Q4,2008-07-17,2008-05-25,101800000.0,1825600000.0,173400000.0,0.71089,407000000.0,0.2229404031551271,4730600000.0,1409100000.0,467900000.0,1136200000.0,3321500000.0,216700000.0,2096000000.0,4062584000.0,5891984000.0,9.84008379888268,0.41181130082731915,0.3958483067686974,1.328933361720247,0.03653968832142911,9.84008379888268,0.07224469519551487,2.22534180543383,9.97687622789784,2.88310552835143,0.2455795677799607,6.5463774803876325,0.006153718913873534,0.38591299200947027,0.09919028340080972,0.02151946898913457,49.183825665859565,0.2229404031551271,-0.19217045454545453,1.0171656752316776,0.8009142391388702,0.4264198031303168,-0.015004840271055178,-0.19206349206349208,-0.05606967882416984,0.37118913749745497,0.4813176047699706,0.25221506938937627,Restaurants,Consumer Cyclical,DRI
2008Q3,2008,Q3,2008-03-28,2008-02-24,126000000.0,1811400000.0,183700000.0,0.88,413200000.0,0.22811085348349344,4725600000.0,1313200000.0,540000000.0,1242500000.0,3412400000.0,285900000.0,2019200000.0,4040712000.0,5937512000.0,9.353276353276353,0.4346076458752515,0.4113340104960217,1.4802010356381359,0.040806069231495296,9.353276353276353,0.09594882729211088,2.23071215634316,8.017285714285714,3.076996649406031,0.1992063492063492,4.89052116124519,0.0062117765383922436,0.38331640426612495,0.07283702213279677,0.026663280853224988,20.849907120743033,0.22811085348349344,1.9333333333333336,1.479401607035699,0.8641895091361521,0.2890071970621383,0.32224,1.896551724137931,1.245721271393643,0.5239843103386232,0.47501262021506896,0.1425381510205784,Restaurants,Consumer Cyclical,DRI
2008Q2,2008,Q2,2008-01-04,2007-11-25,43500000.0,1522000000.0,81800000.0,0.3,312500000.0,0.20532194480946123,4754400000.0,1301800000.0,631300000.0,1302800000.0,3452600000.0,294900000.0,1918300000.0,4985620000.0,7034420000.0,9.167605633802816,0.48457169174086584,0.43708985360928826,1.5963281610078353,0.01776233690111729,9.167605633802816,0.03341527116300507,3.2757030223390275,28.65298850574713,3.8297895222000307,0.5839080459770115,4.1013903017972195,0.0050946522197841,0.3201245162375904,0.07537611298741173,0.00914941948510853,-115.40787037037038,0.20532194480946123,-0.5833333333333334,0.3969040240697077,0.7094784517942809,0.3184494475129248,-0.12021396396396396,-0.5892351274787535,-0.4938118811881188,0.11771501610009079,0.36706352418305344,0.1348061909391756,Restaurants,Consumer Cyclical,DRI
2008Q1,2008,Q1,2007-09-28,2007-08-26,105900000.0,1467500000.0,161600000.0,0.72,355200000.0,0.2420442930153322,2931800000.0,1190100000.0,552600000.0,995100000.0,1741700000.0,226500000.0,1900200000.0,5249024000.0,5872224000.0,8.452414772727273,0.555321073258969,0.22869909270755168,0.563398033778674,0.060951973345329445,8.452414772727273,0.08898411898159818,3.5768477001703576,12.391463644948065,4.410573901352827,0.23984891406987724,4.910816777041942,0.004838994830277019,0.5005457398185416,0.07898703647874586,0.036121154239716215,73.10618384401114,0.2420442930153322,2.903050166516889,0.7954208747183038,0.5227046821589267,0.2424484966592429,0.1551219512195122,2.9184782608695654,-0.03349282296650718,0.6434772333385851,0.28464172343371696,0.04693940170344171,Restaurants,Consumer Cyclical,DRI
2007Q4,2007,Q4,2007-07-19,2007-05-27,-55200000.0,1183000000.0,167200000.0,-0.37834,307500000.0,0.2599323753169907,2880800000.0,1094500000.0,545400000.0,1074400000.0,1786300000.0,209600000.0,1820400000.0,5910409000.0,6583209000.0,7.501713502398903,0.507632166790767,0.2440294362677034,0.6423024211968935,0.06343338268503149,7.501713502398903,-0.050433988122430336,4.996119188503804,-26.76815670289855,5.400099588853357,-0.5833333333333334,4.177003816793893,0.0054480155265058654,0.41064981949458484,0.07129560685033508,-0.019161344071091362,56.23605137963844,0.2599323753169907,-1.5254722222222221,-1.9449586734198738,0.29667902375319655,0.2107469219036941,-0.14890672571270414,-1.518796992481203,0.017650639074863056,-2.1755374175894535,-0.0043385560876266415,0.005029807709590794,Restaurants,Consumer Cyclical,DRI
2007Q3,2007,Q3,2007-03-29,2007-02-25,106400000.0,1542900000.0,164300000.0,0.72,361300000.0,0.23416942121978093,3159300000.0,1233500000.0,488000000.0,1177800000.0,1925800000.0,282400000.0,1907800000.0,5367324000.0,6077124000.0,8.631910426871938,0.4143318050602819,0.24169911056246637,0.6190514795297932,0.06352287740300358,8.631910426871938,0.08625861370085124,3.478724479875559,12.611193609022557,4.351296311309283,0.0003007518796992481,4.18413597733711,5.962002666505692e-06,0.48836767638400913,0.08278145695364239,0.03367834646915456,28.697049734272913,0.23416942121978093,0.7560975609756098,0.9682594164668146,0.6661190944789576,0.39289815654861054,0.22493676980139277,0.7255359865070871,0.7065519963438448,0.5694615098442006,0.4274926863364814,0.10243398904563883,Restaurants,Consumer Cyclical,DRI
2007Q2,2007,Q2,2007-01-04,2006-11-26,61662000.0,1385299000.0,96276000.0,0.41,294954000.0,0.2129172113745841,3130450000.0,1278996000.0,466678000.0,1093528000.0,1851454000.0,284091000.0,1801415000.0,,,,,,,,,,,,,,,,,,,,,,,,,,,,,,,Restaurants,Consumer Cyclical,DRI
2007Q1,2007,Q1,2006-08-27,2006-08-27,88543000.0,1455874000.0,145495000.0,0.59,344550000.0,0.23666196387874225,3060175000.0,1264594000.0,426300000.0,1036530000.0,1795581000.0,208653000.0,1773285000.0,,,,,,,,,,,,,,,,,,,,,,,,,,,,,,,Restaurants,Consumer Cyclical,DRI
