Quarters,Year,Quarter,FillingDate,Date,NetIncome,Revenue,OperatingIncome,EPSDiluted,GrossProfit,GrossProfitRatio,TotalAssets,CommonStockEquity,CurrentAssets,CurrentLiability,TotalLiability,Inventory,RetainedEarnings,MarketCap,EnterpriseValue,bookValuePerShare,currentRatio,debtToAssets,debtToEquity,roic,shareholdersEquityPerShare,roe,priceToSalesRatio,peRatio,pbRatio,payoutRatio,inventoryTurnover,dividendYield,assetTurnover,quickRatio,returnOnAssets,priceToFreeCashFlowsRatio,grossProfitMargin,epsdilutedGrowth,fiveYNetIncomeGrowthPerShare,fiveYRevenueGrowthPerShare,fiveYShareholdersEquityGrowthPerShare,grossProfitGrowth,netIncomeGrowth,operatingIncomeGrowth,threeYNetIncomeGrowthPerShare,threeYRevenueGrowthPerShare,threeYShareholdersEquityGrowthPerShare,Industry,Sector,Symbol
2023Q1,2023,Q1,2023-05-12,2023-03-31,754000.0,10275000.0,1321000.0,0.0749,1952000.0,0.1899756691,39238000.0,29553000.0,13583000.0,2767000.0,9685000.0,0.0,-169360000.0,48585810.0,47250810.0,3.083898570385057,4.908926635345139,0.19684999235435038,0.2613609447433425,0.024322634100194595,3.083898570385057,0.02551348424863804,4.7285459854014595,16.10935344827586,1.6440229418333165,0.0,0.0,0.0,0.2618634996686885,4.744127213588724,0.019216066058412765,-18.196932584269664,0.1899756690997567,-0.8216666666666667,1.3752310922883986,-0.579840408804388,1.7106383927479567,-0.04454233969652472,-0.4226646248085758,-0.17178683385579938,53.47366864934433,0.2318269153592851,1.8876143978930162,Real Estate—Diversified,Real Estate,CHCI
2022Q4,2022,Q4,2023-03-29,2022-12-31,1306000.0,9302000.0,1595000.0,0.42,2043000.0,0.2196301871,42473000.0,28854000.0,15781000.0,6492000.0,13619000.0,0.0,-170114000.0,38139500.0,34335500.0,3.215288611544462,2.430837954405422,0.1864243166246792,0.2744160255077286,0.031657643952884264,3.215288611544462,0.045262355306023426,4.100139754891421,7.300823124042879,1.3218098010674428,0.0,0.0,0.0,0.21900972382454736,2.3901725200246458,0.030748946389470958,5.887542451373881,0.21963018705654697,0.16666666666666666,1.1541605943368742,-0.6698970614882862,1.7711682757794454,-0.5426460711887172,-0.6362116991643454,-0.5883870967741935,-0.32285530291643566,-0.21488643597013452,2.0790899555091933,Real Estate—Diversified,Real Estate,CHCI
2022Q3,2022,Q3,2022-11-10,2022-09-30,3590000.0,12813000.0,3875000.0,0.36,4467000.0,0.3486302974,39553000.0,27343000.0,13373000.0,5817000.0,12210000.0,0.0,-171420000.0,37572080.0,39300080.0,2.8891589180050716,2.298951349492866,0.17912674133441206,0.2591156786014702,0.09180137338238964,2.8891589180050716,0.13129502980653185,2.93234059158667,2.616440111420613,1.3741023296638994,0.0,0.0,0.0,0.3239450863398478,2.240673886883273,0.0907642909513817,16.414189602446484,0.3486302973542496,0.2,1.847593949606176,-0.6693486626961946,1.858402799343881,1.730440097799511,4.099431818181818,2.46911369740376,5.692392486087904,1.0550878620792008,2.1824359553818504,Real Estate—Diversified,Real Estate,CHCI
2022Q2,2022,Q2,2022-08-15,2022-06-30,704000.0,8467000.0,1117000.0,0.3,1636000.0,0.1932207393,39225000.0,23621000.0,12676000.0,9034000.0,15604000.0,0.0,-175010000.0,38867480.0,43189480.0,2.7469473194557508,1.4031436794332521,0.3250223072020395,0.539731594767368,0.01715214641948852,2.7469473194557508,0.029803987976800304,4.5904665170662575,13.802372159090908,1.6454629355234747,0.0,0.0,0.0,0.2158572339069471,1.3489041399158734,0.017947737412364564,38.2553937007874,0.19322073934097084,0.3636363636363636,-0.2894023792803261,-0.6856048231799877,1.9213176281629423,-0.08908685968819599,-0.6504468718967229,-0.18168498168498168,3.146741026509655,0.3271361179510256,1.598495439507978,Real Estate—Diversified,Real Estate,CHCI
2022Q1,2022,Q1,2022-05-16,2022-03-31,2014000.0,8731000.0,1365000.0,0.22,1796000.0,0.205703814,42297000.0,26888000.0,15282000.0,3165000.0,15409000.0,0.0,-177760000.0,49748100.0,51099100.0,3.223980815347722,4.828436018957346,0.305246234957562,0.48017703064564116,0.03737581434276533,3.223980815347722,0.07490330258851532,5.697869659832779,6.175285501489573,1.8501971139541802,0.0,0.0,0.0,0.20642125919095916,4.697314375987362,0.047615670142090456,-21.470910660336642,0.20570381399610582,1.576112412177986,2.247744061319723,-0.6591616500333041,2.0310693452317454,0.291157440690151,1.5987096774193548,3.1598101265822787,12.474264067007264,-0.645140200570658,2.3929217976757635,Real Estate—Diversified,Real Estate,CHCI
2021Q4,2021,Q4,2022-03-31,2021-12-31,775000.0,7765000.0,-632000.0,0.0854,1391000.0,0.1791371539,43602000.0,25296000.0,20076000.0,6061000.0,18306000.0,0.0,-179507000.0,39934900.0,36972900.0,3.0721399076997815,3.312324698894572,0.294963533782854,0.5084203036053131,-0.012704342659724945,3.0721399076997815,0.030637254901960783,5.142936252414681,12.882225806451611,1.5787041429475015,0.0,0.0,0.0,0.17808816109352782,2.8982016168949016,0.01777441401770561,8.39144778314772,0.17913715389568577,-0.733125,1.0729368621957038,-0.6414663678112359,2.0400165783737085,-0.5990198904583454,-0.7345890410958904,-1.2014663691424927,1.4198950680993454,-0.8059586318296814,2.303188480018087,Real Estate—Diversified,Real Estate,CHCI
2021Q3,2021,Q3,2021-11-15,2021-09-30,2920000.0,10164000.0,3137000.0,0.32,3469000.0,0.3413026367571822,43003000.0,25869000.0,20914000.0,4729000.0,17134000.0,0.0,-178744000.0,39276180.0,43243180.0,3.1417294146222976,4.422499471347008,0.3027928284073204,0.503343770536163,0.06707058270346065,3.1417294146222976,0.11287641578723569,3.8642443919716647,3.362686643835616,1.5182720630870925,0.0,0.0,0.0,0.23635560309745832,2.891097483611757,0.067902239378648,19.5793519441675,0.3413026367571822,-0.7419354838709676,2.127619426237617,-0.6866676055232573,2.8135008734872895,3.2201946472019465,-0.7394020526550648,5.376016260162602,1.6884696285112735,-0.6907198170625478,2.4335600632611554,Real Estate—Diversified,Real Estate,CHCI
2021Q2,2021,Q2,2021-08-16,2021-06-30,11205000.0,6324000.0,492000.0,1.24,822000.0,0.12998102466793168,40366000.0,22784000.0,17634000.0,5023000.0,17582000.0,0.0,-181664000.0,49125700.0,52119700.0,2.7734631771150333,3.5106510053752737,0.3269831045929743,0.5793100421348315,0.28685835673550386,2.7734631771150333,0.4917924859550562,7.768137254901961,1.096066488174922,2.1561490519662923,0.0,0.0,0.0,0.15666650151117276,2.6416484172805097,0.2775850963682307,17.63938958707361,0.12998102466793168,40.333333333333336,3.371404376935087,-0.7439362824629278,2.9026714106748237,-0.2864583333333333,44.364372469635626,0.64,6.1169231834565805,-0.7976419052645467,2.7524706812532207,Real Estate—Diversified,Real Estate,CHCI
2021Q1,2021,Q1,2021-05-14,2021-03-31,247000.0,8317000.0,300000.0,0.03,1152000.0,0.1385114825057112,27720000.0,11458000.0,13343000.0,3551000.0,16262000.0,0.0,-192869000.0,47199480.0,53930480.0,1.4031349497918197,3.757533089270628,0.482972582972583,1.1684412637458543,0.009112157528114386,1.4031349497918197,0.021556990748821784,5.675060719009259,47.772753036437244,4.119347181008902,0.0,0.0,0.0,0.30003607503607505,3.6654463531399606,0.00891053391053391,-24.443024339720353,0.1385114825057112,-0.5064358452138493,1.0579682720441785,-0.6532974167439195,2.565144454460558,-0.20441988950276244,-0.4969450101832994,-0.4991652754590985,1.144250237719465,-0.6008912352468526,1.323331504837412,Real Estate—Diversified,Real Estate,CHCI
2020Q4,2020,Q4,2021-03-31,2020-12-31,491000.0,7966000.0,599000.0,0.06078237187422629,1448000.0,0.18177253326638212,28579000.0,11215000.0,12354000.0,4503000.0,17364000.0,0.0,-193116000.0,25607260.0,32010260.0,1.3883386976974499,2.743504330446369,0.4701004233878022,1.19794917521177,0.018057199859686044,1.3883386976974499,0.04378065091395453,3.2145694200351493,13.038319755600815,2.2833045028979044,0.0,0.0,0.0,0.2787361349242451,2.6897623806351323,0.017180447181496902,34.55770580296896,0.18177253326638212,0.21564743748452575,1.1164202647376484,-0.8756747952360883,4.594883273661735,-0.11383108935128519,0.1607565011820331,0.25313807531380755,1.0643863650452634,-0.6859523314443207,1.332984963109405,Real Estate—Diversified,Real Estate,CHCI
2020Q3,2020,Q3,2020-11-16,2020-09-30,423000.0,7330000.0,478000.0,0.05,1634000.0,0.22291950886766712,18368000.0,10530000.0,9382000.0,2338000.0,7838000.0,0.0,-193607000.0,19871880.0,20902880.0,1.3035404803169102,4.012831479897348,0.3006315331010453,0.5244064577397911,0.029714862865898597,1.3035404803169102,0.040170940170940174,2.7110341064120056,11.744609929078015,1.887168091168091,0.0,0.0,0.0,0.39906358885017423,3.910179640718563,0.02302918118466899,10.11291603053435,0.22291950886766712,-0.6428571428571429,1.1576213041089525,-0.7574942326638194,2.1747604109112877,-0.23964634713820382,-0.6415254237288136,-0.6320246343341032,1.1170050615767788,-0.7783874684726557,1.3872970747260704,Real Estate—Diversified,Real Estate,CHCI
2020Q2,2020,Q2,2020-08-14,2020-06-30,1180000.0,6464000.0,1299000.0,0.14,2149000.0,0.33245668316831684,18145000.0,9921000.0,8413000.0,2125000.0,8224000.0,0.0,-194030000.0,22476240.0,25519240.0,1.2315044687189671,3.959058823529412,0.34092036373656653,0.6235258542485637,0.07962552564788154,1.2315044687189671,0.11893962302187279,3.477141089108911,4.761915254237288,2.2655216208043547,0.0,0.0,0.0,0.356241388812345,3.795294117647059,0.06503168917057041,8.990496,0.33245668316831684,94.39559706470982,1.5753577894097752,-0.7973060572174341,2.4782958216933055,1.2549842602308499,99.33333333333333,5.801047120418848,0.2713396406036299,-0.7438017527497631,1.4130427868624074,Real Estate—Diversified,Real Estate,CHCI
2020Q1,2020,Q1,2020-05-28,2020-03-31,-12000.0,6966000.0,191000.0,-0.001499,953000.0,0.13680734998564456,22790000.0,8547000.0,12434000.0,7535000.0,14243000.0,0.0,-195210000.0,12484680.0,17895680.0,1.0679745095589155,1.650165892501659,0.5524791575252304,1.4731484731484732,0.009811349831126635,1.0679745095589155,-0.001404001404001404,1.7922308354866494,-260.0975,1.4607090207090208,0.0,0.0,0.0,0.30566037735849055,1.5960185799601858,-0.0005265467310223783,-6.512613458528952,0.13680734998564456,-1.0069747075581394,0.9951689134602096,-0.7436665378136587,2.1377306202144744,-0.5668181818181818,-1.0069767441860464,-0.8778772378516624,0.9922525189066466,-0.7166121868693475,1.3415515914527365,Real Estate—Diversified,Real Estate,CHCI
2019Q4,2019,Q4,2020-04-15,2019-12-31,1720000.0,10566000.0,1564000.0,0.21491940522304137,2200000.0,0.2082150293393905,19933000.0,8357000.0,9315000.0,10303000.0,11576000.0,0.0,-195198000.0,15657869.5,19202869.5,1.0442334124703236,0.9041056003105892,0.3539858526062309,0.8443221251645328,0.10095364787391384,1.0442334124703236,0.20581548402536795,1.4819107987885671,2.275853125,1.873623249970085,0.0,0.0,0.0,0.5300757537751467,0.8775114044453072,0.08628906837906988,10.63713960597826,0.2082150293393905,3.686492565288017,1.1899871284084587,-0.5925125242296634,2.488820075507818,2.2934131736526946,3.6749611197511665,6.274418604651163,1.1665451023784486,-0.4980538899754966,1.3535060554823588,Real Estate—Diversified,Real Estate,CHCI
2019Q3,2019,Q3,2019-11-14,2019-09-30,-643000.0,5240000.0,215000.0,-0.08,668000.0,0.12748091603053435,16071000.0,7221000.0,5206000.0,2396000.0,8850000.0,0.0,-195146000.0,14682288.600000001,19538288.6,0.9078451093789288,2.172787979966611,0.4015929313670587,0.8937820246503254,0.01557632398753894,0.9078451093789288,-0.08904583852651987,2.801963473282443,-5.70851034214619,2.0332763606148734,0.0,0.0,0.0,0.326053139194823,2.1030884808013357,-0.040009955821044114,36.61418603491272,0.12748091603053435,-1.6666666666666667,-0.5359547176137003,-0.891642837314723,1.4163845322055564,0.33867735470941884,-1.541501976284585,2.9545454545454546,0.7429509834512115,-0.8327765403569954,1.5240355490791944,Real Estate—Diversified,Real Estate,CHCI
2019Q2,2019,Q2,2019-08-20,2019-06-30,-253000.0,4922000.0,-110000.0,-0.03,499000.0,0.10138155221454694,27986000.0,7013000.0,5085000.0,2571000.0,20973000.0,0.0,-194503000.0,17978140.0,22900140.0,1.05712993668978,1.9778296382730456,0.23315229043092975,0.9304149436760303,-0.00804093567251462,1.05712993668978,-0.03607585911877941,3.652608695652174,-17.7649604743083,2.5635448452873235,0.0,0.0,0.0,0.17587365111126993,1.8728121353558926,-0.009040234402915744,5.215590368436321,0.10138155221454694,-2.5,0.9309523018258216,-0.8105731191908147,1.8084894080199327,-0.39515151515151514,-4.666666666666667,-1.2956989247311828,0.9336949849442994,-0.7532086719815854,1.7252199793041296,Real Estate—Diversified,Real Estate,CHCI
2019Q1,2019,Q1,2019-05-15,2019-03-31,69000.0,11358000.0,372000.0,0.02,825000.0,0.07263602746962493,30921000.0,-8911000.0,28405000.0,4314000.0,23826000.0,17598000.0,-194250000.0,9240000.0,19204000.0,-2.3145454545454545,6.584376448771442,0.5083600142298115,-1.7639995511165976,0.05298678920160827,-2.3145454545454545,-0.007743238693749299,0.8135235076597993,33.47826086956522,-1.0369206598586018,0.0,0.5985339243095806,0.0,0.36732317842243134,1.9654612888270746,0.0022314931599883574,3.2228810603418205,0.07263602746962493,1.089223638470452,1.0339453803574512,0.10925142746114831,-3.466026558927357,3.507598784194529,1.0799536500579374,1.40567066521265,1.0343471841383673,0.004247794241612408,-1.581788717696888,Real Estate—Diversified,Real Estate,CHCI
2018Q4,2018,Q4,2019-03-29,2018-12-31,-863000.0,18711000.0,-917000.0,-0.22415584415584416,-329000.0,-0.017583239805462027,35100000.0,-9076000.0,32703000.0,9540000.0,28470000.0,20253000.0,-194319000.0,6468000.0,19618000.0,-2.3574025974025976,3.427987421383648,0.5393162393162393,-2.0857205817540767,-0.09268304122120395,-2.3574025974025976,0.09508594094314676,0.345679012345679,-1.87369640787949,-0.7126487439400616,0.0,0.9401076383745618,0.0,0.5330769230769231,1.0544025157232704,-0.024586894586894587,0.9840255591054313,-0.017583239805462027,0.5689310689310689,0.4349002577524516,-0.3226544067318541,-2.6780353930247425,-1.01840490797546,0.5523858921161826,-0.336734693877551,0.5706603425559947,-0.3872843133513946,-5.104120832145911,Real Estate—Diversified,Real Estate,CHCI
2018Q3,2018,Q3,2018-11-08,2018-09-30,-1928000.0,14939000.0,-686000.0,-0.52,-163000.0,-0.01091103822210322,39108000.0,-8203000.0,36431000.0,4306000.0,31481000.0,27035000.0,-193456000.0,9058060.0,28577060.0,-2.1915575741383915,8.460520204366,0.587808121100542,-2.802389369742777,-0.03649462965270238,-2.1915575741383915,0.23503596245276118,0.6063364348349957,-1.1745409751037343,-1.1042374740948435,0.0,0.5586092102829665,0.0,0.381993454024752,1.746400371574547,-0.049299376086734174,3.3350736377025036,-0.01091103822210322,-0.9259259259259258,-1.065057049387996,0.2353451091431404,-2.2486445638525248,0.6895238095238095,-0.9241516966067864,0.488822652757079,-0.5504779713454728,0.06665419547043372,-0.9750480443113274,Real Estate—Diversified,Real Estate,CHCI
2018Q2,2018,Q2,2018-08-14,2018-06-30,-1002000.0,14300000.0,-1342000.0,-0.27,-525000.0,-0.03671328671328671,45918000.0,-5949000.0,42484000.0,8442000.0,34600000.0,34915000.0,-191528000.0,9848580.0,30281580.0,-1.5826017557861134,5.032456763800047,0.5696676684524588,-4.397041519583123,-0.04170157442732668,-1.5826017557861134,0.16843166918809885,0.6887118881118881,-2.457230538922156,-1.6555017650025214,0.0,0.42460260632965774,0.0,0.3114247136199312,0.750059227671168,-0.021821507905396578,1.4113757523645745,-0.03671328671328671,-0.28571428571428586,0.06054209753393762,-0.08004348067871378,-1.8056007567360568,-1.8959044368600682,-0.38589211618257263,-1.110062893081761,-0.04705825029829393,-0.039001760308846826,-0.8997523942537909,Real Estate—Diversified,Real Estate,CHCI
2018Q1,2018,Q1,2018-04-20,2018-03-31,-723000.0,8799000.0,-636000.0,-0.21,586000.0,0.06659847709967041,53298000.0,-14963000.0,49819000.0,11723000.0,51179000.0,43010000.0,-190526000.0,5344400.0,43813400.0,-4.3396171693735495,4.24968011601126,0.740290442418102,-2.6369043640981085,-0.02621708440091092,-4.3396171693735495,0.04831918732874423,0.6073872030912604,-1.8479944674965423,-0.35717436342979353,0.0,0.19095559172285514,0.0,0.16509062253743104,0.4774375159941994,-0.013565236969492288,-56.25684210526316,0.06659847709967041,0.7775483870967742,-1.8503471577726216,-0.35258244862496335,-2.9553933489706066,4.095652173913043,0.7778801843317973,0.7311918850380389,0.3244034422647767,-0.2484797095079035,-3.623064773000914,Real Estate—Diversified,Real Estate,CHCI
2017Q4,2017,Q4,2018-04-20,2017-12-31,-3255000.0,10827000.0,-2366000.0,-0.9440255220417634,115000.0,0.010621594162741294,51158000.0,-14376000.0,48294000.0,9155000.0,48548000.0,44711000.0,-189803000.0,5861600.0,43448600.0,-4.169373549883991,5.275150191152376,0.770026193361742,-2.7401919866444073,-0.09493498831938224,-4.169373549883991,0.22641903171953257,0.5413872725593424,-0.4501996927803379,-0.4077351140790206,0.0,0.2395831003556172,0.0,0.21163845341882012,0.2667394866193337,-0.06362641229133273,2.855138821237214,0.010621594162741294,-1.0978344934261408,-0.380488777331613,2.487389650456127,-3.2455163005398995,-0.7638603696098563,-1.1556291390728477,-0.9832355406538139,0.16548857981958304,-0.03083581793613786,-4.944501458417942,Real Estate—Diversified,Real Estate,CHCI
2017Q3,2017,Q3,2017-11-16,2017-09-30,-1510000.0,13815000.0,-1193000.0,-0.45,487000.0,0.03525153818313428,56013000.0,-11356000.0,52933000.0,36400000.0,52903000.0,48501000.0,-186545000.0,5634580.0,47594580.0,-3.3657379964433907,1.4542032967032967,0.786353168014568,-3.878654455794294,-0.037397357741614526,-3.3657379964433907,0.13296935540683338,0.4078595729279768,-0.9328774834437086,-0.4961764705882353,0.0,0.27479845776375744,0.0,0.2466391730491136,0.0939010989010989,-0.026958027600735544,5.320661000944287,0.03525153818313428,-5.090909090909092,0.7063093328562358,2.4684618009125874,-2.4245241038812924,-0.514456630109671,-4.901808785529716,-1.119005328596803,-7.503248966383705,-0.3265308054712311,-9.95848548396784,Real Estate—Diversified,Real Estate,CHCI
2017Q2,2017,Q2,2017-08-14,2017-06-30,387000.0,10520000.0,-563000.0,0.11,1003000.0,0.09534220532319392,55823000.0,-10015000.0,54604000.0,35826000.0,51433000.0,49724000.0,-185038000.0,6617230.0,46488230.0,-2.981542125632629,1.5241444760788254,0.7611557959980653,-4.242636045931103,-0.017336412625096227,-2.981542125632629,-0.038642036944583125,0.629014258555133,4.274696382428941,-0.6607319021467798,0.0,0.19139650872817954,0.0,0.18845278827723339,0.09398202422821414,0.006932626336814574,4.819541150764748,0.09534220532319392,0.375,1.107952823324606,1.1538797620246815,-1.7813126054091701,0.06362672322375397,1.598145285935085,0.17690058479532164,1.2085955850885681,-0.2003845040644663,-8.921097670949562,Real Estate—Diversified,Real Estate,CHCI
2017Q1,2017,Q1,2017-04-17,2017-03-31,-647000.0,10268000.0,-684000.0,0.08,943000.0,0.09183872224386443,56396000.0,-10453000.0,54803000.0,33600000.0,50522000.0,49438000.0,-185425000.0,7209848.1,47075848.1,-3.1268321866586897,1.6310416666666667,0.7725370593659124,-4.167990050703147,-0.02065529216367205,-3.1268321866586897,0.06189610638094327,0.7021667413322945,-2.7858763910355484,-0.6897396058547786,0.0,0.18862008980945832,0.0,0.18206965032981062,0.11446428571428571,-0.011472444854244982,13.733044,0.09183872224386443,1.0619935095039408,-1.1419646073463645,1.2621633287861647,-1.6507248532680474,2.4416058394160585,0.8500231803430691,0.7925386715195633,0.6334272123823812,0.1548839474901715,-4.331475388597861,Real Estate—Diversified,Real Estate,CHCI
2016Q4,2016,Q4,2017-04-17,2016-12-31,-4314000.0,8793000.0,-3297000.0,-1.2904576727490278,274000.0,0.031161150915500965,59821000.0,-9875000.0,57454000.0,34648000.0,51444000.0,49842000.0,-184778000.0,6017400.0,43960400.0,-2.953933592581514,1.6582198106672823,0.7305795623610438,-4.425721518987341,-0.09740094829770844,-2.953933592581514,0.43686075949367087,0.6843398157625383,-0.3487134909596662,-0.6093569620253164,0.0,0.17092010753982584,0.0,0.1469885157386202,0.18396444239205725,-0.07211514351147591,-1.0737687366167024,0.031161150915500965,-2.795463743379493,-0.36843238537987366,0.20501019192618358,-1.8822951817036582,-0.7347531461761858,-3.124282982791587,-2.860655737704918,-2.253260252919594,-0.6334149607122795,-3.102655321775734,Real Estate—Diversified,Real Estate,CHCI
2016Q3,2016,Q3,2016-11-14,2016-09-30,-1046000.0,13103000.0,-854000.0,-0.34,1033000.0,0.07883690757841716,56575000.0,-5762000.0,53723000.0,37003000.0,53948000.0,48189000.0,-180464000.0,6153100.0,45461100.0,-1.7324113048707155,1.451855254979326,0.7383473265576668,-7.249566122874002,-0.023715634545959454,-1.7324113048707155,0.18153418951752864,0.4695947492940548,-1.4706261950286807,-1.0678757375911143,0.0,0.25047209944178134,0.0,0.23160406539991163,0.08047996108423641,-0.018488731771984093,-0.8943459302325582,0.07883690757841716,0.4333333333333333,-1.1358192403658023,1.063163094625752,-1.403779620809345,0.6140625,0.45206914614981664,0.4077669902912621,-0.2608234893490984,0.21936884944412183,-1.987045005666312,Real Estate—Diversified,Real Estate,CHCI
2016Q2,2016,Q2,2016-08-15,2016-06-30,-1909000.0,9978000.0,-1442000.0,-0.6,640000.0,0.06414111044297455,47339000.0,-4838000.0,42156000.0,30244000.0,47293000.0,34914000.0,-179418000.0,5907820.0,41404820.0,-1.4576679722808075,1.3938632456024336,0.8211833794545723,-8.03513848697809,-0.043315639695210954,-1.4576679722808075,0.39458453906572966,0.5920845860893966,-0.7736799371398639,-1.2211285655229434,0.0,0.26745718050065875,0.0,0.21077758296541962,0.14809549001454833,-0.040326158135997804,5.843541048466864,0.06414111044297455,-0.09090909090909079,0.07909650069283614,0.3666362164013711,-1.9052401477707999,-0.3402061855670103,-0.10730858468677494,-0.13453973249409915,-1.0271253472269661,-0.27299091694877514,-1.7420050036252057,Real Estate—Diversified,Real Estate,CHCI
2016Q1,2016,Q1,2016-04-04,2016-03-31,-1724000.0,9706000.0,-1271000.0,-0.55,970000.0,0.09993818256748403,48424000.0,-2962000.0,43314000.0,27189000.0,45633000.0,35370000.0,-177509000.0,5914160.0,40882160.0,-0.8964891041162227,1.5930707271322961,0.817383941847018,-13.362930452397029,-0.03539578779124155,-0.8964891041162227,0.5820391627278866,0.6093303111477436,-0.8576218097447796,-1.9966779203241054,0.0,0.24698897370653095,0.0,0.20043779943829507,0.19872007061679356,-0.035602180736824716,-15.361454545454546,0.09993818256748403,-0.05344927536231885,-0.35592961436248743,0.7062001923952149,-1.4190697946775428,-0.782608695652174,0.0005797101449275362,-0.5652709359605911,-3.116033052689393,-0.2547213903567977,-1.4039501096974722,Real Estate—Diversified,Real Estate,CHCI
2015Q4,2015,Q4,2016-04-04,2015-12-31,-1725000.0,26207000.0,-812000.0,-0.5220944309927361,4462000.0,0.1702598542374175,58478000.0,-1276000.0,53569000.0,32461000.0,53037000.0,38223000.0,-175785000.0,4824170.399999999,37775170.4,-0.38619854721549635,1.650257231755029,0.776343240192893,-35.57915360501568,4.887941679632198e-05,-0.38619854721549635,1.3518808777429467,0.18407945968634332,-0.6991551304347825,-3.7806978056426335,0.0,0.5688983073018863,0.0,0.4481514415677691,0.393703213086473,-0.029498272854748795,0.48645461329030953,0.1702598542374175,-0.5821043363416245,0.0940494987814592,6.839390335434195,-1.154269059989455,2.1072423398328692,-0.5811182401466545,0.2,0.23651904968209012,7.809208005333296,-1.2079965065834302,Real Estate—Diversified,Real Estate,CHCI
2015Q3,2015,Q3,2015-11-16,2015-09-30,-1091000.0,12288000.0,-1015000.0,-0.33,1436000.0,0.11686197916666667,59552000.0,-3644000.0,53913000.0,37350000.0,57033000.0,49145000.0,-174060000.0,11625360.0,56790360.0,-1.1096224116930573,1.443453815261044,0.7879836109618484,-12.87760702524698,-0.02430620758273057,-1.1096224116930573,0.29939626783754114,0.94607421875,-2.663923006416132,-3.1902744237102083,0.0,0.22081595279275612,0.0,0.2063406770553466,0.06104417670682731,-0.018320123589468027,-6.419304251794588,0.11686197916666667,-0.17857142857142852,0.7429462750871593,0.7757714006262084,-1.3716149274412823,-0.1941638608305275,-0.3502475247524752,-0.27033792240300375,0.7819882611177454,2.1696343086989778,-1.4696396075196512,Real Estate—Diversified,Real Estate,CHCI
2015Q2,2015,Q2,2015-08-14,2015-06-30,-808000.0,12564000.0,-799000.0,-0.28,1782000.0,0.14183381088825214,62009000.0,-2644000.0,56316000.0,38764000.0,58508000.0,47058000.0,-172969000.0,12374852.847000001,55264852.847,-0.833056855500239,1.452791249613043,0.7908851940847297,-18.54841149773071,-0.02174394534326623,-0.833056855500239,0.30559757942511345,0.9849453077841452,-3.828852984839109,-4.68035281656581,0.0,0.22912150962641847,0.0,0.20261574932671064,0.18331441543700341,-0.013030366559692948,-6.6531466919354845,0.14183381088825214,0.0,0.6375972016036865,0.6156882872680158,-1.2048726385705897,0.14084507042253522,0.14316012725344646,0.14086021505376345,0.7614619874210049,1.7224307359319064,-1.2183024068750188,Real Estate—Diversified,Real Estate,CHCI
2015Q1,2015,Q1,2015-04-15,2015-03-31,-943000.0,10317000.0,-930000.0,-0.28,1562000.0,0.15140060094988853,58858000.0,-2852000.0,52983000.0,38584000.0,58299000.0,44674000.0,-172161000.0,19566536.080000002,62694536.08,-0.9386883771815783,1.3731857764876634,0.8250025485065752,-17.025946704067323,-0.018417464181643087,-0.9386883771815783,0.33064516129032256,1.8965334961713678,-5.187310731707318,-6.860636774193549,0.0,0.1959752876393428,0.0,0.17528628223860818,0.16633837860252954,-0.016021611335757246,-5.083537563003378,0.15140060094988853,0.7524821181262729,0.10049656691311128,-0.039470428044628844,-1.1951303370366022,-0.3304757822546078,0.7256328193191737,0.6352941176470588,-1.227664750420519,1.5009201421507883,-1.1953503802065664,Real Estate—Diversified,Real Estate,CHCI
2014Q4,2014,Q4,2015-04-15,2014-12-31,-3437000.0,9844000.0,-2550000.0,-1.13123139985031,2333000.0,0.23699715562779358,56367000.0,-2131000.0,50276000.0,36917000.0,54512000.0,40889000.0,-171218000.0,21906013.22,44851013.22,-0.7013832159095172,1.3618658070807488,0.5400855110259549,-14.285781323322384,-0.09368064431779426,-0.7013832159095172,1.6128578132332239,2.2253162555871597,-1.5933963645621183,-10.279687104645706,0.0,0.18369243561838147,0.0,0.17464119076764772,0.20608391797816725,-0.06097539340394202,-3.568917109807755,0.23699715562779358,-15.160448569290141,-3.1566309299476623,1.1177812751390959,-1.43870646183797,-0.28567054500918554,-20.61635220125786,-3.4951076320939336,-0.19958501204931497,0.48434053643927627,-1.209492533440461,Real Estate—Diversified,Real Estate,CHCI
2014Q3,2014,Q3,2014-11-13,2014-09-30,-159000.0,18367000.0,1022000.0,-0.07,3266000.0,0.17781891435727118,54418000.0,1135000.0,49663000.0,41532000.0,43798000.0,41573000.0,-167781000.0,24319017.8,51394017.8,0.375703906923412,1.1957767504574786,0.5880774743650998,28.195594713656387,0.02709581777092607,0.375703906923412,-0.14008810572687225,1.324060423585779,-38.23744937106919,21.42644740088106,0.0,0.3632405647896471,0.0,0.3375169980521151,0.12669748627564287,-0.0029218273365430557,6.121071683866096,0.17781891435727118,0.8750002232138872,-1.05812469302054,0.21212975756376878,-0.6329224064612511,0.44769503546099293,0.9044471153846154,2.6378205128205128,-1.022729968379975,2.1840005952644215,-0.9124332768739085,Real Estate—Diversified,Real Estate,CHCI
2014Q2,2014,Q2,2014-08-13,2014-06-30,-1664000.0,11800000.0,-624000.0,-0.560001,2256000.0,0.1911864406779661,55506000.0,1134000.0,52456000.0,40404000.0,42759000.0,43387000.0,-167622000.0,25095882.63,52216882.629999995,0.37640517128924744,1.2982872982872984,0.5753432061398768,28.16137566137566,-0.02062710233326752,0.37640517128924744,-1.4673721340388006,2.1267697144067794,-3.77041505859375,22.130407962962963,0.0,0.2199737248484569,0.0,0.21258962994991532,0.1512969012969013,-0.02997874103700501,-35.05011540502793,0.1911864406779661,0.0,0.9500747886683583,2.3126634915541318,1.2209773847033647,0.405607476635514,-0.05383153894870171,0.24271844660194175,0.11567623539920555,0.7804968614961297,-0.766245071333754,Real Estate—Diversified,Real Estate,CHCI
2014Q1,2014,Q1,2014-05-15,2014-03-31,-1579000.0,7954000.0,-824000.0,-0.560001,1605000.0,0.20178526527533316,54110000.0,2807000.0,51725000.0,35195000.0,37790000.0,41075000.0,-165958000.0,33705312.97,56849312.97,0.9385728009159026,1.4696689870720272,0.5637959711698393,10.868186676166726,-0.027114504045636454,0.9385728009159026,-0.562522265764161,4.23752991828011,-5.3364966703609875,12.007592793017457,0.0,0.1545709068776628,0.0,0.14699685825170947,0.22406591845432589,-0.02918129735723526,-12.988559911368014,0.20178526527533316,-0.3333357142857143,0.4996253180659354,0.20757351775573232,-0.9164328302092093,-0.6578554679172884,-0.342687074829932,-1.6261398176291793,-0.3719794461796592,0.544688370308654,-0.5612579013355617,Real Estate—Diversified,Real Estate,CHCI
2013Q4,2013,Q4,2014-03-31,2013-12-31,-1176000.0,21272000.0,1316000.0,-0.42,4691000.0,0.2205246333207973,56879000.0,4165000.0,54542000.0,30207000.0,37820000.0,39843000.0,-164379000.0,41505954.0,54891954.0,1.4048586860574268,1.8056079716621976,0.4444698394838165,6.069867947178872,0.03988048662801586,1.4048586860574268,-0.2823529411764706,1.9512012974802557,-8.823544642857142,9.96541512605042,0.0,0.41615842180558693,0.0,0.3739868844388966,0.40523719667626706,-0.020675468978005943,25.448163090128755,0.2205246333207973,-1.0,0.7919423454819392,2.453549787014776,-0.8845870735308188,0.7615471273000376,-0.591339648173207,2.2413793103448274,0.3116958852124116,6.09138360095668,-0.4388217395463995,Real Estate—Diversified,Real Estate,CHCI
2013Q3,2013,Q3,2013-11-12,2013-09-30,-739000.0,9572000.0,406000.0,-0.21,2663000.0,0.27820727120768907,51149000.0,5200000.0,9776000.0,27635000.0,35338000.0,0.0,-163203000.0,37537548.37,54996548.37,1.755149253504645,0.3537542970870273,0.42321453009834015,4.162884615384615,0.008457904094700527,1.755149253504645,-0.14211538461538462,3.9215992864605096,-12.698764671853857,7.218759301923077,0.0,0.0,0.0,0.1871395335197169,0.2196128098425909,-0.014447985297855286,-4.2574059623454685,0.27820727120768907,0.2500000000000001,0.7172148946575173,-0.3830402443569129,-0.8756322491462183,0.14982728842832468,0.11813842482100238,24.88235294117647,0.8069999383078665,0.5332832911672448,-0.4121967476354725,Real Estate—Diversified,Real Estate,CHCI
2013Q2,2013,Q2,2013-08-13,2013-06-30,-838000.0,12213000.0,-17000.0,-0.28,2316000.0,0.18963399656104152,47683000.0,5802000.0,16661000.0,24098000.0,31892000.0,0.0,-162464000.0,56439951.75,64650951.75,1.9644988445618223,0.6913851771931281,0.4115093429524149,3.3819372630127544,-0.0006686595342983009,1.9644988445618223,-0.14443295415374008,4.621301215917465,-16.83769443615752,9.727671794208893,0.0,0.0,0.0,0.2561290187278485,0.5430326168146734,-0.017574397584044627,-43.515768504240555,0.18963399656104152,-2.3333333333333335,0.959653813890872,-0.1859149590824188,-0.8757732585045211,-0.08818897637795275,-2.1590594744121714,-1.016361886429259,0.5960895757053284,0.687768462252639,-0.5168732372863357,Real Estate—Diversified,Real Estate,CHCI
2013Q1,2013,Q1,2013-05-15,2013-03-31,723000.0,11557000.0,1039000.0,0.21,2540000.0,0.21978021978021978,42069000.0,6507000.0,14322000.0,19398000.0,27429000.0,0.0,-161626000.0,41253197.79,49147197.79,2.2193064999725443,0.7383235385091247,0.409541467588961,2.647763946519133,0.043773171553758004,2.2193064999725443,0.1111111111111111,3.5695420775287703,14.264591213692945,6.339818317196865,0.0,0.0,0.0,0.27471534859397656,0.5678420455717085,0.017186051486843042,10.17843518134715,0.21978021978021978,1.3070919551122193,-0.9109146593973283,-0.4311264115418119,-0.9026148034904548,3.50354609929078,1.3605985037406483,1.4990393852065322,1.7146509722644523,0.11497975519664493,-0.5386605013397376,Real Estate—Diversified,Real Estate,CHCI
2012Q4,2012,Q4,2013-03-27,2012-12-31,-2005000.0,2640000.0,-2082000.0,-0.6838342604034042,564000.0,0.21363636363636362,38699000.0,5444000.0,36134000.0,24183000.0,32320000.0,27781000.0,-162349000.0,23807815.639999997,42856815.64,1.85675496939458,1.494190133564901,0.5836843329284994,4.1491550330639235,-0.07405551243270614,1.85675496939458,-0.36829537105069804,9.018111984848483,-2.9685555660847878,4.373221094783247,0.0,0.07472733162953098,0.0,0.0682188170236957,0.21295951701608568,-0.05181012429261738,-2.1730390324936106,0.21363636363636362,0.5559523556440809,0.9582444150589527,-0.9599621291569632,-0.9056664380082041,1.2926829268292683,0.5540480427046264,0.5357859531772575,-2.303692699070248,-0.4114572895397868,0.16137709692250285,Real Estate—Diversified,Real Estate,CHCI
2012Q3,2012,Q3,2012-11-14,2012-09-30,-4496000.0,3483000.0,-4485000.0,-1.540002,246000.0,0.07062876830318691,29092000.0,6971000.0,8940000.0,13417000.0,22094000.0,0.0,-160344000.0,28501105.5,37470105.5,2.362710456968064,0.6663188492211374,0.46098583803107385,1.9238272844642088,-0.2023656115219181,2.362710456968064,-0.6449576818247024,8.182918604651162,-1.5848034641903914,4.08852467364797,0.0,0.0,0.0,0.11972363536367386,0.4278154580010434,-0.1545442045923278,-6.795685622317596,0.07062876830318691,-0.46666717460269097,0.9172094475154393,-0.9476057824659566,-0.9325550345018477,0.23618090452261306,-0.44333868378812197,-0.45192618970540627,-2.6828888049286803,-0.7646414755739741,1.3084616709867625,Real Estate—Diversified,Real Estate,CHCI
2012Q2,2012,Q2,2012-07-27,2012-06-30,-3115000.0,4244000.0,-3089000.0,-1.050001,199000.0,0.04688972667295005,31029000.0,11138000.0,11191000.0,10949000.0,19891000.0,0.0,-155848000.0,26764579.87,31578579.87,3.8160681204819524,1.0221024751118823,0.38109510457958684,1.0616807326270425,-0.08203975680053047,3.8160681204819524,-0.2796731908780751,6.306451430254477,-2.148040117977528,2.4029969357155685,0.0,0.0,0.0,0.13677527474298237,0.73769293999452,-0.10038995778143027,581.838692826087,0.04688972667295005,-1.7894738425008705,0.4743114266411867,-0.9707496896559198,-0.9284344674214047,0.7008547008547008,-1.7884079979751961,-0.3039257070493879,0.9035302797308082,0.22980730278863198,21.51669647642804,Real Estate—Diversified,Real Estate,CHCI
2012Q1,2012,Q1,2012-05-11,2012-03-31,3951000.0,3935000.0,-2369000.0,1.330001,117000.0,0.029733163913595935,34981000.0,13926000.0,12613000.0,11984000.0,21055000.0,0.0,-152733000.0,36719421.13,41322421.13,4.805152547893665,1.0524866488651536,0.35779423115405506,0.8987505385609651,-0.054674284694706754,4.805152547893665,0.2837139164153382,9.331492027954257,2.3234257865097443,2.6367529175642686,0.0,0.0,0.0,0.11248963723164003,0.7937249666221629,0.11294702838683857,-33.53371792694064,0.029733163913595935,2.4103650816461766,2.853968007544709,-0.9340422914957421,-0.91239698627449,-0.8600478468899522,2.4456641053787047,0.16082182075805881,2.2920385259287417,-0.38350725903657296,-0.5721663802225823,Real Estate—Diversified,Real Estate,CHCI
2011Q4,2011,Q4,2012-03-30,2011-12-31,-2733000.0,6326000.0,-2823000.0,-0.9430189511269128,836000.0,0.13215301928548845,46379000.0,9703000.0,32161000.0,24485000.0,33835000.0,21212000.0,-156684000.0,22254809.381,41422809.381,3.3480105681611545,1.3134980600367572,0.5348756980529982,2.5566319694939708,-0.08029605653247576,3.3480105681611545,-0.28166546428939504,3.5179907336389507,-2.0357491201061104,2.2936008843656603,0.0,0.25881576466151235,0.0,0.13639793872226655,0.3212987543393915,-0.058927531857090494,2.114270319304579,0.13215301928548845,-1.4082329587277036,0.9241214751276174,-0.959822218332498,-0.938660695300624,2.24031007751938,-1.4178260204861641,-0.13327980730630268,0.5053714710417441,0.050629855944375066,-0.7249519105685839,Real Estate—Diversified,Real Estate,CHCI
2011Q3,2011,Q3,2011-11-14,2011-09-30,6541000.0,5394000.0,-2491000.0,2.310002,258000.0,0.047830923248053395,48996000.0,12120000.0,9630000.0,24758000.0,34156000.0,0.0,-153951000.0,18389799.54,42471799.54,4.290487225180487,0.38896518297116084,0.6239284839578741,2.522277227722772,-0.057641310577861,4.290487225180487,0.5396864686468646,3.409306551724138,0.7028665165876777,1.517310193069307,0.0,0.0,0.0,0.11009061964241978,0.262056708942564,0.13350069393419872,-26.88567184210526,0.047830923248053395,4.66666402116822,1.9085458024916528,-0.8778045879045586,-0.9363551370630774,-0.5213358070500927,4.902744630071599,-0.35013550135501353,3.625122201343389,-0.6353649843042091,-0.6959812704263738,Real Estate—Diversified,Real Estate,CHCI
2011Q2,2011,Q2,2011-08-12,2011-06-30,-1676000.0,5903000.0,-1845000.0,-0.630001,539000.0,0.09130950364221582,42504000.0,4321000.0,3698000.0,19987000.0,35583000.0,0.0,-160492000.0,21601571.250000004,45642571.25,1.6102555502762328,0.18502026317106118,0.5799454169019387,5.704697986577181,-0.06368437402920162,1.6102555502762328,-0.3878731775052071,3.659422539386753,-3.2221914155727926,4.999206491552882,0.0,0.0,0.0,0.13888104648974214,0.03046980537349277,-0.039431582909843776,14.938845954356848,0.09130950364221582,-0.8000028571428573,0.81167947678806,-0.90680832778645,-0.9780439381613272,-0.08798646362098139,-0.6351219512195122,-0.586414445399828,0.911188548433922,-0.566931410114637,-0.8981741320237614,Real Estate—Diversified,Real Estate,CHCI
2011Q1,2011,Q1,2011-05-13,2011-03-31,-1025000.0,4586000.0,-1163000.0,-0.35,591000.0,0.12887047535979065,39726000.0,5698000.0,3842000.0,21061000.0,31546000.0,0.0,-158816000.0,24424918.56,45228918.56,2.1392357919902927,0.1824224870613931,0.5416603735588783,3.7764127764127764,-0.04273221634332745,2.1392357919902927,-0.1798876798876799,5.32597439162669,-5.9572972097560974,4.286577493857494,0.0,0.0,0.0,0.11544076926949605,0.0339015241441527,-0.025801741932235816,17.828407708029196,0.12887047535979065,0.39267179153094467,-1.6198377136208082,-0.9060302404157671,-0.9707784423022533,0.956953642384106,0.3322475570032573,0.23183619550858653,-1.1390245653082631,-0.7515125605081097,-0.9061283792996575,Real Estate—Diversified,Real Estate,CHCI
2010Q4,2010,Q4,2011-03-31,2010-12-31,-1535000.0,2695000.0,-1514000.0,-0.5762946543883993,302000.0,0.11205936920222634,40928000.0,6668000.0,5676000.0,24737000.0,34260000.0,0.0,-157791000.0,21441722.400000002,49342722.400000006,2.5034089612129296,0.22945385454986458,0.6933150899139953,4.255548890221956,-0.04351466218246518,2.5034089612129296,-0.23020395920815837,7.956112207792208,-3.4921371986970686,3.2156152369526096,0.0,0.0,0.0,0.06584734167318218,0.01920200509358451,-0.037504886630179826,17.27777792103143,0.11205936920222634,0.5426236531650377,-1.1250568792047833,-0.9738326466784065,-0.9655351942410996,1.5326278659611994,0.5522170361726955,0.5793275909974993,0.9648108879800921,-0.9550090099796714,-0.872812789880186,Real Estate—Diversified,Real Estate,CHCI
2010Q3,2010,Q3,2010-11-12,2010-09-30,-3428000.0,5589000.0,-3599000.0,-1.260001,-567000.0,-0.10144927536231885,41724000.0,7920000.0,39805000.0,24303000.0,33804000.0,0.0,-156255000.0,25436755.75,54656755.75,2.985946822247566,1.6378636382339629,0.7185073339085418,3.7852272727272727,-0.09496292778173566,2.985946822247566,-0.43282828282828284,4.551217704419395,-1.855072618873979,3.21171158459596,0.0,0.0,0.0,0.13395168248490077,0.031230712257745957,-0.08215894928578277,7.6455532762248275,-0.10144927536231885,-0.7999988571444897,-1.2248890188297117,-0.9463220481884278,-0.9558774475794933,-2.6578947368421053,-0.8600108518719479,-0.9102972399150743,0.9297838912223443,-0.9064797927172505,-0.9147643843485448,Real Estate—Diversified,Real Estate,CHCI
2010Q2,2010,Q2,2010-08-13,2010-06-30,-1843000.0,6428000.0,-1884000.0,-0.700001,342000.0,0.053204729309271934,47995000.0,10668000.0,3879000.0,27882000.0,37327000.0,0.0,-152828000.0,25710966.400000002,59076966.400000006,4.066218218853104,0.13912201420271142,0.7107615376601729,3.1976940382452193,-0.04207141421585047,4.066218218853104,-0.1727596550431196,3.9998392034847545,-3.4876514378730334,2.4101018372703416,0.0,0.0,0.0,0.13393061777268467,0.026791478373143964,-0.03839983331597041,6.270967414634147,0.053204729309271934,-1.0000028571428572,-1.3872431968319336,-0.8962438446776231,-0.9441416021048603,-0.4052173913043478,-1.0661434977578474,-0.09027777777777778,0.6539852670029103,-0.9507132999949381,-0.9237432186152229,Real Estate—Diversified,Real Estate,CHCI
2010Q1,2010,Q1,2010-05-14,2010-03-31,-892000.0,9139000.0,-1728000.0,-0.35,575000.0,0.06291716818032607,53774000.0,12436000.0,4313000.0,31915000.0,41338000.0,0.0,-150985000.0,19724618.2,56567618.2,4.810571187633939,0.13514021619927932,0.7044110536690594,3.0459150852364103,-0.03434363509887708,4.810571187633939,-0.07172724348665166,2.1582906444906444,-5.528200168161435,1.5860902380186555,0.0,0.0,0.0,0.1699520214229925,0.032461225129249566,-0.016587942128166028,2.9352110416666664,0.06291716818032607,-1.6672558997050146,-1.150388556046237,-0.7957137784866571,-0.8800326504129519,-0.3991640543364681,-1.6578171091445428,0.12105798575788403,0.5307598079122381,-0.8282666494144407,-0.912298198740315,Real Estate—Diversified,Real Estate,CHCI
2009Q4,2009,Q4,2010-03-31,2009-12-31,1356000.0,3955000.0,-1966000.0,0.5245363887449036,957000.0,0.24197218710493046,77331000.0,4133000.0,4334000.0,56109000.0,73198000.0,0.0,-151029000.0,14748223.7,81282223.7,1.598752872184872,0.07724251011424192,0.8744100037501131,16.360754899588677,-0.08742190420599057,1.598752872184872,0.3280909750786354,3.729007256637168,2.719067791297935,3.5684064118074037,0.0,0.0,0.0,0.051143784510739546,0.019337361207649395,0.01753501183225356,6.191529680940386,0.24197218710493046,-0.3755526615505177,-0.8563720634702489,-0.9272507690425882,-0.9740614383509838,0.03571428571428571,-0.4050021939447126,-1.987841945288754,1.042205988938279,-0.9718396273055332,-0.9707090561485856,Real Estate—Diversified,Real Estate,CHCI
2009Q3,2009,Q3,2009-11-13,2009-09-30,2279000.0,12624000.0,-658000.0,0.840001,924000.0,0.07319391634980989,94526000.0,2576000.0,4319000.0,8533000.0,91950000.0,0.0,-152384000.0,18498876.9,101043876.9,1.0234999725848222,0.5061525840853158,0.8824767788756532,32.38237577639752,-0.007651785610456665,1.0234999725848222,0.8847049689440993,1.4653736454372623,2.0292756581834137,7.181241032608695,0.0,0.0,0.0,0.13355055751856632,0.10394937302238369,0.024109768740875528,2.12508637564618,0.07319391634980989,1.0759493819671608,-0.8340303007435343,-0.8039723347811132,0.0,0.8895705521472392,1.0821468478535126,0.9748768660990417,1.3552916374990003,-0.679019294409165,-0.9848174549760221,Real Estate—Diversified,Real Estate,CHCI
2009Q2,2009,Q2,2009-08-14,2009-06-30,-27743000.0,2965000.0,-26191000.0,-11.060011,489000.0,0.16492411467116358,105329000.0,425000.0,4921000.0,9501000.0,104904000.0,0.0,-154663000.0,3528349.377,2485349.377,0.16947726432591315,0.5179454794232186,0.0,0.0,-61.625882352941176,0.16947726432591315,-65.27764705882353,1.189999789881956,-0.031794951672493965,8.301998534117647,0.0,0.0,0.0,0.02814989224240238,0.10977791811388275,-0.26339374721111947,-66.57262975471698,0.16492411467116358,-9.533333777777354,-4.720503228675583,-0.9616196177103862,0.0,-0.6451378809869376,-9.4848828420257,-7.739072405739073,-2.3357157555550696,-0.9499111574970275,-0.9976891535662457,Real Estate—Diversified,Real Estate,CHCI
2009Q1,2009,Q1,2009-05-13,2009-03-31,-2646000.0,5523000.0,-2997000.0,-1.050001,1378000.0,0.24950208220170197,154735000.0,28165000.0,7251000.0,7188000.0,126570000.0,0.0,-126921000.0,3879428.917,120115428.917,11.231357999386692,1.0087646076794659,0.7715255113581284,4.238665009763891,-0.018003127425266788,11.231357999386692,-0.09394638736019882,0.7024133472750317,-0.36653712367724867,0.13773935441150365,0.0,0.0,0.0,0.0356932820628817,0.44838619922092376,-0.01710020357385207,4.324892884057971,0.24950208220170197,0.4492576746055219,-1.5058135098359031,-0.8756510301344558,0.0,0.21731448763250882,0.4465592972181552,0.6279329608938548,-2.699535635511634,-0.8797969708210954,-0.8465817667075488,Real Estate—Diversified,Real Estate,CHCI
2008Q4,2008,Q4,2009-03-31,2008-12-31,-4781000.0,5210000.0,-8055000.0,-1.906519531158096,1132000.0,0.21727447216890594,160859000.0,30525000.0,29086000.0,111845000.0,130111000.0,19250000.0,-124277000.0,2984176.09,118886176.09,12.172455278937644,0.26005632795386474,0.7576759770979553,3.9927600327600326,-0.047406905818608625,12.172455278937644,-0.15662571662571662,0.5727785201535508,-0.1560435102489019,0.09776170647010647,0.0,0.21184415584415583,0.0,0.03238861363057087,0.05344002861102418,-0.02972168172125899,-9.50374550955414,0.21727447216890594,-1.0950741055868027,-1.5220409338408678,-0.9012069883722617,-0.8025110777495407,-0.4619771863117871,-1.1712079927338783,-0.7274286939738366,-1.4137178453661492,-0.9462689836055365,-0.8324199867870467,Real Estate—Diversified,Real Estate,CHCI
2008Q3,2008,Q3,2008-11-14,2008-09-30,-2202000.0,13073000.0,-4663000.0,-0.910001,2104000.0,0.16094240036716898,180403000.0,35231000.0,29692000.0,112936000.0,144948000.0,19250000.0,-119496000.0,4193995.6799999997,134293995.68,14.11257533770278,0.2629099667068074,0.7561071600804865,3.871703897136045,-0.027229948428073733,14.11257533770278,-0.06250177400584712,0.32081356077411455,-0.4761575476839237,0.1190427657460759,0.0,0.5698181818181818,0.0,0.07246553549552945,0.058493305943189064,-0.012206005443368459,0.8676035746793546,0.16094240036716898,0.86999998714287,-1.1616743496938955,-0.7953390579374193,0.0,0.20711417096959264,0.8674930797929955,0.7262212306247064,-1.1534861408469566,-0.8665982572380669,-0.7914621786005426,Real Estate—Diversified,Real Estate,CHCI
2008Q2,2008,Q2,2008-08-14,2008-06-30,-16618000.0,12003000.0,-17032000.0,-7.000007,1743000.0,0.14521369657585603,224311000.0,37368000.0,33707000.0,154483000.0,186715000.0,19250000.0,-117294000.0,5954752.44,153203752.44,15.813816098793184,0.2181922930031136,0.7007592137701674,4.206486833654464,-0.0875429182343387,15.813816098793184,-0.444712053093556,0.496105343664084,-0.08958286857624262,0.15935432562620425,0.0,0.532987012987013,0.0,0.05351052779400029,0.06510101435109365,-0.07408464141303815,4.463832413793104,0.14521369657585603,-3.5641023105102816,-3.3650554813774405,-0.8351121256497714,0.0,-0.2761627906976744,-3.5402017731580555,-4.734680134680135,-4.876737283532843,-0.7848918013278874,-0.7827626594678674,Real Estate—Diversified,Real Estate,CHCI
2008Q1,2008,Q1,2008-05-13,2008-03-31,6542000.0,16376000.0,-2970000.0,2.730003,2408000.0,0.14704445530043966,248725000.0,53860000.0,243175000.0,181199000.0,194637000.0,19250000.0,-100677000.0,14227824.52,162813824.52,22.788951293588205,1.3420327926754563,0.6543572218313398,3.021815818789454,-0.013710961844747594,22.788951293588205,0.12146305235796509,0.8688217220322423,0.5437108116783858,0.2641630991459339,0.0,0.7256103896103896,0.0,0.06583978289275304,0.08267705671664854,0.026302140918685296,2.0195634520936836,0.14704445530043966,1.1666966379961246,0.32692568532601896,-0.6087895434950812,0.0,7.6,1.169017723350385,0.7304900181488203,0.20643112625274154,-0.5996034868302978,-0.4316828542963975,Real Estate—Diversified,Real Estate,CHCI
2007Q4,2007,Q4,2008-03-24,2007-12-31,-38706000.0,53151000.0,-11020000.0,-16.37707294410741,280000.0,0.005268010009219017,258976000.0,46519000.0,31519000.0,163176000.0,212226000.0,19250000.0,-107219000.0,10919028.120000001,175311028.12,19.682867159792607,0.1931595332646958,0.6611191770666007,3.680517637954384,-0.1890019669399123,19.682867159792607,-0.8320471205313957,0.2054341050967997,-0.07052542319020307,0.23472190115866634,0.0,2.7465454545454544,0.0,0.2052352341529717,0.044638917487865866,-0.14945786482145063,0.3738752994350283,0.005268010009219017,0.1104260221740462,-5.484350835959457,0.06938827340309552,-0.6806602995771571,-0.9575435936315391,0.08858434586041254,0.8432030960985744,-5.484350835959457,0.06938827340309552,-0.6806602995771571,Real Estate—Diversified,Real Estate,CHCI
2007Q3,2007,Q3,2007-11-09,2007-09-30,-42468000.0,51986000.0,-70282000.0,-18.410018,6595000.0,0.12686107798253377,331496000.0,80828000.0,35628000.0,201021000.0,250308000.0,19496000.0,-68513000.0,30363844.28,223108844.28,35.03168011899711,0.17723521423134897,0.60802845283201,2.4936779333894195,-0.15193940845490558,35.03168011899711,-0.5254119859454645,0.5840773338975879,-0.17874543350287275,0.37565997278170926,0.0,2.3282211735740663,0.0,0.15682240509689407,0.04778107759885783,-0.1281101431088158,1.3117264679453948,0.12686107798253377,-8.068965449295124,-4.373676590552687,-0.11942988741804006,0.0,-0.1483729338842975,-8.097686375321336,-7.89758197240157,-4.373676590552687,-0.11942988741804006,0.0,Real Estate—Diversified,Real Estate,CHCI
2007Q2,2007,Q2,2007-08-09,2007-06-30,-4668000.0,114300000.0,-7899000.0,-2.030002,7744000.0,0.06775153105861767,422684000.0,122604000.0,62465000.0,236193000.0,299717000.0,35458000.0,-26045000.0,44744047.18,257948047.18,53.32270973168592,0.2644659240536341,0.5444729395955371,1.8771002577403673,-0.013764889616286826,53.32270973168592,-0.0380737985710091,0.3914614801399825,-2.3963178652527852,0.3649476948549803,0.0,3.005132833211123,0.0,0.2704147779428604,0.0842954702298544,-0.011043711141183485,0.6929648465982128,0.06775153105861767,-1.6363628099184284,-1.6827538659204933,0.613674312113381,0.0,0.24261874197689345,-1.7968843618933492,-1.7389042995839112,-1.6827538659204933,0.613674312113381,0.0,Real Estate—Diversified,Real Estate,CHCI
2007Q1,2007,Q1,2007-05-10,2007-03-31,-1669000.0,46723000.0,-2884000.0,-0.770001,6232000.0,0.13338184619994436,496913000.0,124497000.0,75121000.0,305523000.0,372047000.0,38458000.0,-21378000.0,64346335.2,340122335.2,54.85145251908612,0.24587674250383768,0.5905581057448688,2.3571331036089225,-0.004535878835646305,54.85145251908612,-0.013405945524791763,1.3771875778524496,-9.638456440982624,0.5168504879635654,0.0,1.0528628633834314,0.0,0.0940265197328305,0.0625517555143148,-0.0033587368412579264,-116.99333672727273,0.13338184619994436,0.9380430902682927,-1.3525036780482111,0.1622635019747414,0.0,-0.2600332462597958,0.9408323879750425,0.937041564792176,-1.3525036780482111,0.1622635019747414,0.0,Real Estate—Diversified,Real Estate,CHCI
