Quarters,Year,Quarter,FillingDate,Date,NetIncome,Revenue,OperatingIncome,EPSDiluted,GrossProfit,GrossProfitRatio,TotalAssets,CommonStockEquity,CurrentAssets,CurrentLiability,TotalLiability,Inventory,RetainedEarnings,MarketCap,EnterpriseValue,bookValuePerShare,currentRatio,debtToAssets,debtToEquity,roic,shareholdersEquityPerShare,roe,priceToSalesRatio,peRatio,pbRatio,payoutRatio,inventoryTurnover,dividendYield,assetTurnover,quickRatio,returnOnAssets,priceToFreeCashFlowsRatio,grossProfitMargin,epsdilutedGrowth,fiveYNetIncomeGrowthPerShare,fiveYRevenueGrowthPerShare,fiveYShareholdersEquityGrowthPerShare,grossProfitGrowth,netIncomeGrowth,operatingIncomeGrowth,threeYNetIncomeGrowthPerShare,threeYRevenueGrowthPerShare,threeYShareholdersEquityGrowthPerShare,Industry,Sector,Symbol
2023Q1,2023,Q1,2023-04-27,2023-03-31,1516000000.0,8193000000.0,1933000000.0,3.05,3762000000.0,0.4591724643,80308000000.0,39970000000.0,12904000000.0,17785000000.0,38972000000.0,2054000000.0,6092000000.0,174811434480.0,188626434480.0,81.27006589849476,0.7255552431824571,0.23381232255815113,0.46977733299974983,0.025614453203205215,81.27006589849476,0.037928446334751065,21.336681860124497,28.8277431530343,4.373566036527396,0.4109498680738786,2.1572541382667967,0.003563840099208595,0.10201972406235991,0.5560865898228845,0.018877322309109927,162.01245086190917,0.45917246429879166,0.1423220973782771,0.9182163161082149,0.5970070895175409,2.669200538015207,0.08352534562211981,0.14156626506024098,0.14582098399525786,1.8576653752663381,0.3131498605962599,-0.035825485611289586,Specialty Chemicals,Basic Materials,LIN
2022Q4,2022,Q4,2023-02-28,2022-12-31,1328000000.0,7899000000.0,1687000000.0,2.67,3472000000.0,0.43954931,79658000000.0,40028000000.0,13047000000.0,16479000000.0,38271000000.0,1978000000.0,20541000000.0,161019409360.0,173497409360.0,81.08546101302132,0.791734935372292,0.2248863893143187,0.4475367242929949,0.022188612840574957,81.08546101302132,0.03317677625662037,20.38478406886948,30.312388810240968,4.022669365444189,0.44126506024096385,2.238119312436805,0.0036393128153255575,0.09916141504933591,0.614054250864737,0.016671269677872906,138.9296025539258,0.43954931003924547,0.05118110236220468,22.394233061739726,0.555010564482237,2.866663552620938,-0.011389521640091117,0.04320502749410841,0.04587724736515809,1.8258095663165772,0.2131222612457249,-0.11309286512129794,Specialty Chemicals,Basic Materials,LIN
2022Q3,2022,Q3,2022-10-27,2022-09-30,1273000000.0,8797000000.0,1613000000.0,2.54,3512000000.0,0.3992270092,74323000000.0,37628000000.0,11203000000.0,15061000000.0,35384000000.0,1855000000.0,19845000000.0,134036373739.99998,145618373740.0,75.68193794676439,0.743841710377797,0.20636949531100737,0.4076219836292123,0.023228184209764167,75.68193794676439,0.03383118953970447,15.23660040240991,26.322932784760404,3.562144513128521,0.45640219952867245,2.849056603773585,0.004334644274449021,0.11836174535473541,0.561649292875639,0.017127941552413116,71.5242122411953,0.39922700920768445,2.4324324324324325,0.750532142871441,0.7346429256215378,2.465533522665562,-0.0014216661927779358,2.422043010752688,1.7385398981324278,0.88025710467217,0.36430894244235146,-0.16553524702102185,Specialty Chemicals,Basic Materials,LIN
2022Q2,2022,Q2,2022-07-28,2022-06-30,372000000.0,8457000000.0,589000000.0,0.74,3517000000.0,0.4158685113,77885000000.0,39674000000.0,11272000000.0,15295000000.0,36845000000.0,1786000000.0,19159000000.0,144062306020.0,156450306020.0,79.18424697725105,0.7369728669499837,0.20598318032997368,0.40437062055754397,0.005891115711858985,79.18424697725105,0.00937641780511166,17.034682040912852,96.8160658736559,3.631151535514442,1.5725806451612903,2.765957446808511,0.004060742994901006,0.10858316749053092,0.5580908793723439,0.004776272709764396,110.22364653404743,0.4158685112924205,-0.6754385964912281,-0.476818491084575,0.703930844056129,2.901122992547228,0.030471725754468208,-0.6809605488850772,-0.602027027027027,-0.22829056178489548,0.27122961381604094,-0.1503384972663494,Specialty Chemicals,Basic Materials,LIN
2022Q1,2022,Q1,2022-05-02,2022-03-31,1166000000.0,8211000000.0,1480000000.0,2.28,3413000000.0,0.4156619169,82767000000.0,42963000000.0,12257000000.0,14506000000.0,38377000000.0,1766000000.0,19387000000.0,161999563360.0,173991563360.0,84.7142474051172,0.8449607059147939,0.1988232024840818,0.3830272560109862,0.01892023592405351,84.7142474051172,0.027139631776179503,19.729577805383023,34.73404017152659,3.7706762414170334,0.5077186963979416,2.7168742921857305,0.003654330837203807,0.09920620537170612,0.6486281538673653,0.014087740282963017,119.91085370836417,0.4156619169406893,0.15736040609137047,0.6874488194896192,0.6944679022407184,3.3745125813687116,0.012459210916641946,0.14763779527559054,-0.006044325050369375,1.4260939185465566,0.2719965747050959,-0.09689894423348686,Specialty Chemicals,Basic Materials,LIN
2021Q4,2021,Q4,2022-02-28,2021-12-31,1016000000.0,8298000000.0,1489000000.0,1.97,3371000000.0,0.4062424681,81605000000.0,44035000000.0,10159000000.0,13643000000.0,36164000000.0,1733000000.0,18710000000.0,177106794620.0,189499794620.0,86.13472499872857,0.7446309462728139,0.1864591630414803,0.3455433178153741,0.018527634861479715,86.13472499872857,0.02307255592142614,21.343310993010363,43.57942781003937,4.021955140683547,0.53248031496063,2.8430467397576455,0.0030546541207567366,0.10168494577538141,0.5608737081287107,0.012450217511181912,73.979446374269,0.40624246806459385,0.04787234042553196,0.3985841001231618,0.7540133396316019,3.9014964402781778,0.021515151515151515,0.03779366700715015,0.15247678018575853,-0.6912316136124081,0.2912574680604379,-0.22759374822492573,Specialty Chemicals,Basic Materials,LIN
2021Q3,2021,Q3,2021-10-29,2021-09-30,979000000.0,7668000000.0,1292000000.0,1.88,3300000000.0,0.4303599374021909,84191000000.0,44323000000.0,12007000000.0,14758000000.0,38454000000.0,1694000000.0,18240000000.0,151140281220.0,163167281220.0,86.03584454809975,0.8135926277273343,0.19867919373804802,0.37738871466281615,0.01605138074664034,86.03584454809975,0.022087855063962276,19.710521807511736,38.59557743105209,3.409974081628049,0.557711950970378,2.5785123966942147,0.0036125379388783963,0.09107861885474694,0.6256267786963003,0.01162832131700538,83.27288221487603,0.4303599374021909,0.17499999999999988,0.6024468094042582,0.5665814067431971,3.6890437465835455,-0.02654867256637168,0.16409036860879905,0.13134851138353765,0.187585129120634,0.4180230870147189,2.97726645754103,Specialty Chemicals,Basic Materials,LIN
2021Q2,2021,Q2,2021-07-30,2021-06-30,841000000.0,7584000000.0,1142000000.0,1.6,3390000000.0,0.44699367088607594,84345000000.0,45777000000.0,10446000000.0,14676000000.0,37117000000.0,1692000000.0,17820000000.0,150028445000.0,162383445000.0,88.21081029000867,0.7117743254292723,0.18367419526942913,0.3384232256373288,0.013331814448929162,88.21081029000867,0.018371671363348406,19.782231671940927,44.59822978596909,3.2773760840596813,0.652794292508918,2.478723404255319,0.0036593060735915775,0.08991641472523564,0.5213954756064323,0.009970952635010967,138.53042012927054,0.44699367088607594,-0.13978494623655913,0.16040840129034412,0.5667109372782791,3.90311379795254,0.06302916274694262,-0.14183673469387756,-0.0585325638911789,-0.028317102643157677,0.37405714596158746,3.2122674355227083,Specialty Chemicals,Basic Materials,LIN
2021Q1,2021,Q1,2021-05-06,2021-03-31,980000000.0,7243000000.0,1213000000.0,1.86,3189000000.0,0.44028717382300153,84993000000.0,46210000000.0,11132000000.0,15027000000.0,37360000000.0,1695000000.0,17563000000.0,146361664260.0,158015664260.0,88.44713173665302,0.7407998935249883,0.18530937841939923,0.34083531703094566,0.015352770318807314,88.44713173665302,0.021207530837481066,20.20732628192738,37.33715925,3.1673158247132656,0.5642857142857143,2.391740412979351,0.0037783117785381215,0.08521878272328309,0.5571304984361483,0.011530361323873731,108.65750873051225,0.44028717382300153,0.2827586206896553,0.5039103869469806,0.5771162443879118,4.164766032009234,0.0009416195856873823,0.2727272727272727,0.17881438289601556,0.16728196795723618,0.32902666936202857,2.9932324376279347,Specialty Chemicals,Basic Materials,LIN
2020Q4,2020,Q4,2021-03-01,2020-12-31,770000000.0,7272000000.0,1029000000.0,1.45,3186000000.0,0.4381188118811881,88229000000.0,47317000000.0,10924000000.0,13740000000.0,38647000000.0,1729000000.0,17178000000.0,138195711420.0,151664711420.0,90.2235137536658,0.7950509461426492,0.19520792483197136,0.36399179998731956,0.011868432098316718,90.2235137536658,0.016273221041063466,19.00381070132013,44.86873747402598,2.920635530993089,0.6558441558441559,2.3632157316367843,0.003654237854496223,0.08242187942739916,0.607278020378457,0.008727289213297216,98.2201218336887,0.4381188118811881,0.0984848484848484,-0.00742275730624897,0.5244126622839628,4.864590064195901,0.05496688741721854,0.1,0.06191950464396285,11.768059512141795,0.3475302903434055,3.3024232440963766,Specialty Chemicals,Basic Materials,LIN
2020Q3,2020,Q3,2020-11-05,2020-09-30,700000000.0,6855000000.0,969000000.0,1.32,3020000000.0,0.44055433989788473,87209000000.0,46175000000.0,12265000000.0,14792000000.0,38617000000.0,1733000000.0,16927000000.0,125183512220.0,137787512220.0,87.83626976910521,0.8291644131963224,0.20414177435815112,0.3855549539794261,0.011016566651576604,87.83626976910521,0.015159718462371413,18.261635626549964,44.70839722142857,2.7110668591229024,0.7228571428571429,2.212925562608194,0.004042065852176647,0.07860427249481132,0.6356138453217955,0.008026694492540908,114.11441405651777,0.44055433989788473,0.5172413793103449,-0.0514583704749889,0.3867691740389184,4.884267893014699,0.09499637418419145,0.5283842794759825,0.6395939086294417,-0.08961394485478556,0.27840607947617396,3.0220896246717177,Specialty Chemicals,Basic Materials,LIN
2020Q2,2020,Q2,2020-07-31,2020-06-30,458000000.0,6377000000.0,591000000.0,0.87,2758000000.0,0.43249176728869376,85856000000.0,45537000000.0,12073000000.0,15095000000.0,37919000000.0,1715000000.0,16782000000.0,111465926100.0,124004926100.0,86.65296569047212,0.7998012586949321,0.2035967200894521,0.38386367130026133,0.006889649595247145,86.65296569047212,0.010057755232009136,17.47936742982594,60.843846124454146,2.44781004677515,1.1048034934497817,2.110204081632653,0.004539503843946441,0.0742755311218785,0.6068896985756873,0.005334513604174432,113.62479724770643,0.43249176728869376,-0.18691588785046734,-0.18523142762738581,0.27615222064220635,4.026343329562621,-0.04765193370165746,-0.2006980802792321,-0.1937244201909959,-0.3858688341506018,0.22500613612340972,3.2690798957098615,Specialty Chemicals,Basic Materials,LIN
2020Q1,2020,Q1,2020-05-07,2020-03-31,573000000.0,6739000000.0,733000000.0,1.07,2896000000.0,0.42973734975515654,84369000000.0,44776000000.0,11513000000.0,15490000000.0,37126000000.0,1689000000.0,16850000000.0,91900195000.0,104761195000.0,84.28978850371318,0.7432537120723047,0.20001422323365217,0.37687600500268,0.009287691857653248,84.28978850371318,0.012797034125424335,13.637067072265914,40.09607111692845,2.0524431615150975,0.8917975567190227,2.275310834813499,0.005560379931729198,0.07987530965164931,0.5428663653970304,0.006791594068911567,168.93418198529412,0.42973734975515654,0.12631578947368433,-0.25027214915154594,0.3304576138649938,3.8568757109065643,0.0010369858278603526,0.12133072407045009,0.11908396946564885,-0.20831121322083415,0.3277018595642927,3.352594180847648,Specialty Chemicals,Basic Materials,LIN
2019Q4,2019,Q4,2020-03-02,2019-12-31,511000000.0,7080000000.0,655000000.0,0.95,2893000000.0,0.40861581920903955,86612000000.0,49074000000.0,10352000000.0,12160000000.0,34977000000.0,1697000000.0,16842000000.0,114277907200.0,126509907200.0,91.42497317276738,0.8513157894736842,0.17240105297187458,0.304275176264417,0.00764978323667653,91.42497317276738,0.0104128459061825,16.140947344632767,55.908956555772996,2.328685397562864,0.9178082191780822,2.4672952268709487,0.004104030354521579,0.08174386920980926,0.6303453947368421,0.005899875305962222,98.43058329026701,0.40861581920903955,-0.2962962962962964,-0.0837308416743193,0.2822454912105172,3.725986604518723,-0.015651582170806397,-0.3047619047619048,-0.345,-0.33003997360446996,0.4253641495816863,4.202538007353734,Specialty Chemicals,Basic Materials,LIN
2019Q3,2019,Q3,2019-11-12,2019-09-30,735000000.0,7000000000.0,1000000000.0,1.35,2939000000.0,0.4198571428571429,84394000000.0,48953000000.0,9812000000.0,10883000000.0,33086000000.0,1653000000.0,16810000000.0,104560951160.0,116733951160.0,90.69518835467335,0.9015896352108793,0.1693603810697443,0.2919739341817662,0.010915752779037308,90.69518835467335,0.015014401568851756,14.937278737142858,35.56494937414966,2.1359457267174635,0.6408163265306123,2.456745311554749,0.004504549688719568,0.08294428513875395,0.6179362308187081,0.008709149939569163,114.90214413186813,0.4198571428571429,0.40625000000000017,-0.16591652736756707,0.2051914953522067,3.0443243561637536,0.005129958960328317,0.40804597701149425,0.4947683109118087,0.14826711378913415,0.36497142707944635,3.942982869912338,Specialty Chemicals,Basic Materials,LIN
2019Q2,2019,Q2,2019-08-09,2019-06-30,522000000.0,7204000000.0,669000000.0,0.96,2924000000.0,0.4058856191004997,87189000000.0,50564000000.0,10681000000.0,10521000000.0,34295000000.0,1708000000.0,16555000000.0,110139883000.0,121410883000.0,93.19505087907166,1.0152076798783385,0.16007753271628303,0.2760264219602879,0.007803104862654612,93.19505087907166,0.010323550352029112,15.288712243198223,52.748986111111115,2.1782272565461596,0.9080459770114943,2.5058548009367683,0.00430361815437919,0.08262510179036346,0.7198935462408517,0.005986993772150157,749.2509047619047,0.4058856191004997,0.02127659574468087,-0.39648073280125,0.24948803129393377,2.950372475729945,0.033946251768033946,0.009671179883945842,0.09852216748768473,-0.31109027579907056,0.4234466625004528,4.1801580595822045,Specialty Chemicals,Basic Materials,LIN
2019Q1,2019,Q1,2019-05-10,2019-03-31,517000000.0,6944000000.0,609000000.0,0.94,2828000000.0,0.40725806451612906,91641000000.0,51175000000.0,15088000000.0,11140000000.0,34994000000.0,1667000000.0,16569000000.0,96333925320.0,104688925320.0,93.80372978660225,1.3543985637342908,0.1543632217020766,0.2764240351734245,0.007037292941920584,93.80372978660225,0.010102589154860772,13.872973116359447,46.58313603481625,1.8824411396189547,0.9226305609284333,2.469106178764247,0.0049515266653519146,0.07577394397704085,0.9412926391382406,0.005641579642299844,334.49279625,0.40725806451612906,-0.8539549466547138,-0.37768528233292603,0.23748040705063672,3.1813012552377953,0.5319609967497292,-0.8263935527199463,-0.8118046971569839,-0.2401971876603488,0.44800280266368525,4.477558262941917,Specialty Chemicals,Basic Materials,LIN
2018Q4,2018,Q4,2019-03-18,2018-12-31,2978000000.0,5816000000.0,3236000000.0,6.43637,1846000000.0,0.3174002751031637,93386000000.0,51596000000.0,17272000000.0,12956000000.0,36290000000.0,1651000000.0,16529000000.0,72197055320.0,83027055320.0,111.51479522696965,1.3331275084902747,0.1637932880731587,0.29645708969687573,0.042972568953563765,111.51479522696965,0.05771765253120397,12.413523954607978,6.060867639355272,1.3992762097837042,0.1524513096037609,2.404603270745003,0.006288345113076005,0.062279142483884095,0.7175054029021303,0.031889148266335425,137.2567591634981,0.3174002751031637,3.073651898734177,3.001644681660501,0.23069397420360194,3.972473234831635,0.40916030534351144,5.459869848156182,3.8370702541106128,3.3512316422963595,0.3819330302414696,6.2485379131263885,Specialty Chemicals,Basic Materials,LIN
2018Q3,2018,Q3,2018-11-09,2018-09-30,461000000.0,3024000000.0,669000000.0,1.58,1310000000.0,0.4332010582010582,19979000000.0,6232000000.0,3305000000.0,3860000000.0,13229000000.0,622000000.0,13913000000.0,48650263469.534996,56362263469.534996,21.63190358668902,0.8562176165803109,0.41603683868061464,1.3337612323491657,0.03448030396940176,21.63190358668902,0.07397304236200257,16.088050089131944,26.383006219921363,7.806524946972881,0.5162689804772235,2.7556270096463025,0.004892059837436165,0.15135892687321686,0.6352331606217616,0.023074227939336302,99.08403965282076,0.4332010582010582,-0.04242424242424233,0.06123786416191996,0.028145259944011583,0.02803444671787601,-0.02092675635276532,-0.03958333333333333,-0.02902757619738752,0.1398812119870581,0.11629459316209736,0.44914983382769835,Specialty Chemicals,Basic Materials,LIN
2018Q2,2018,Q2,2018-06-30,2018-06-30,480000000.0,3061000000.0,689000000.0,1.65,1338000000.0,0.4371120548840248,19836000000.0,6027000000.0,3164000000.0,3279000000.0,13294000000.0,606000000.0,13690000000.0,45516042723.182,53495042723.182,20.9414078380003,0.9649283318084781,0.42639645089735834,1.4033515845362534,0.03587826952427325,20.9414078380003,0.07964161274265803,14.869664398295328,23.706272251657293,7.55202301695404,0.49375,2.8432343234323434,0.005206955302361828,0.15431538616656584,0.7185117413845684,0.024198427102238355,103.68119071339864,0.4371120548840248,0.03773584905660367,0.10812877738193814,0.04334776146519017,0.04448450955564654,0.012102874432677761,0.03896103896103896,0.055130168453292494,0.5591779929191283,0.11849761199494699,0.21471555831304762,Specialty Chemicals,Basic Materials,LIN
2018Q1,2018,Q1,2018-03-31,2018-03-31,462000000.0,2999000000.0,653000000.0,1.59,1322000000.0,0.44081360453484497,20592000000.0,6368000000.0,3329000000.0,3534000000.0,13695000000.0,619000000.0,13447000000.0,41486828062.512,49783828062.512,22.149257053814903,0.94199207696661,0.4293900543900544,1.3885050251256281,0.03242983900326558,22.149257053814903,0.07255025125628141,13.833553872128043,22.44958228490909,6.514891341474875,0.512987012987013,2.7092084006462036,0.005712656548311922,0.14563908313908314,0.6918505942275043,0.022435897435897436,114.28878254135537,0.44081360453484497,13.454545454545455,0.21898491277746168,0.07130316789811436,0.06493082171984374,0.02242846094354215,13.0,0.026729559748427674,0.1169080891717359,0.09397775479121302,0.27626596897393435,Specialty Chemicals,Basic Materials,LIN
2017Q4,2017,Q4,2018-03-23,2017-12-31,33000000.0,2953000000.0,636000000.0,0.11,1293000000.0,0.43785980358956994,20436000000.0,6018000000.0,3285000000.0,3307000000.0,13914000000.0,614000000.0,13224000000.0,44389445671.168,52772445671.168,20.970394736842106,0.9933474448140308,0.44039929536112743,1.4955134596211366,0.0026334784812846435,20.970394736842106,0.005483549351944167,15.031982956711142,336.2836793270303,7.376112607372549,6.848484848484849,2.7035830618892507,0.005091300343648859,0.14449990213348993,0.7320834593286967,0.0016147974163241339,89.31478002247083,0.43785980358956994,-0.9241379310344827,-0.9175369863782984,0.09145579697405322,0.026688255645917265,0.01811023622047244,-0.9212410501193318,0.01597444089456869,-0.8893230589742188,0.0003279625867820155,0.08401240031543389,Specialty Chemicals,Basic Materials,LIN
2017Q3,2017,Q3,2017-10-30,2017-09-30,419000000.0,2922000000.0,626000000.0,1.45,1270000000.0,0.4346338124572211,20375000000.0,6256000000.0,3243000000.0,2922000000.0,13633000000.0,587000000.0,13417000000.0,40030900012.335,48660900012.335,21.83846655984808,1.1098562628336757,0.45334969325153374,1.476502557544757,0.029216172067782473,21.83846655984808,0.06697570332480818,13.699828888547227,23.884785210223747,6.398801152866848,0.5369928400954654,2.8143100511073254,0.005620658039930883,0.14341104294478527,0.8268309377138946,0.020564417177914112,84.45337555344936,0.4346338124572211,0.028368794326241162,0.015063174207086295,0.0972895914365371,0.08344934944698654,0.02750809061488673,0.03201970443349754,0.03642384105960265,-0.10410592476510569,-0.05210835603221636,-0.026168379915931964,Specialty Chemicals,Basic Materials,LIN
2017Q2,2017,Q2,2017-06-30,2017-06-30,406000000.0,2834000000.0,604000000.0,1.41,1236000000.0,0.4361326746647848,19965000000.0,5807000000.0,3119000000.0,3043000000.0,13695000000.0,568000000.0,13223000000.0,37921230358.270004,46753230358.270004,20.2978083819777,1.0249753532697996,0.4691710493363386,1.6130532116411227,0.028763632790140846,20.2978083819777,0.06991561908042018,13.380815228747355,23.35051130435345,6.530261814752885,0.5541871921182266,2.813380281690141,0.005933351789334313,0.14194840971700476,0.7643772592836017,0.020335587277736038,100.85433605922873,0.4361326746647848,0.044444444444444314,-0.011287138764506027,0.05327176548679822,0.08044709853025914,0.044801352493660185,0.043701799485861184,0.037800687285223365,-0.10978980199923606,-0.06781064910564545,-0.13961199877608782,Specialty Chemicals,Basic Materials,LIN
2017Q1,2017,Q1,2017-03-31,2017-03-31,389000000.0,2728000000.0,582000000.0,1.35,1183000000.0,0.4336510263929619,19665000000.0,5529000000.0,3014000000.0,2249000000.0,13690000000.0,561000000.0,13041000000.0,33861366828.982,42710366828.981995,19.36541404999492,1.3401511783014672,0.47637935418255783,1.6943389401338398,0.028308246508961042,19.36541404999492,0.07035630312895641,12.41252449742742,21.761803874667095,6.124320280155906,0.5784061696658098,2.7540106951871657,0.006644740631303227,0.13872362064581745,1.0,0.0197813374014747,88.41087944903916,0.4336510263929619,-0.04255319148936158,-0.027479440875643857,0.006211412195437002,-0.024957922924186665,0.014579759862778732,-0.04187192118226601,-0.028380634390651086,-0.10528015160142558,-0.07105302086184749,-0.1367866687214764,Specialty Chemicals,Basic Materials,LIN
2016Q4,2016,Q4,2016-12-31,2016-12-31,406000000.0,2644000000.0,599000000.0,1.41,1166000000.0,0.4409984871406959,19332000000.0,5021000000.0,2880000000.0,2478000000.0,13880000000.0,550000000.0,12879000000.0,33483527371.440002,42474527371.44,17.573148537029258,1.162227602905569,0.49218911649079244,1.8950408285202152,0.03004293477034582,17.573148537029258,0.0808603863772157,12.6639664793646,20.6179355735468,6.6686969471101385,0.5270935960591133,2.6872727272727275,0.006391202385162465,0.1367680529691703,0.8736884584342212,0.02100144837575005,105.62626931053629,0.4409984871406959,0.19491525423728814,0.02037262588081575,-0.00182580182444994,-0.0342645481274049,-0.014370245139475908,0.1976401179941003,0.2052313883299799,-0.11654839266083873,-0.09399618054150549,-0.21640881307052337,Specialty Chemicals,Basic Materials,LIN
2016Q3,2016,Q3,2016-09-30,2016-09-30,339000000.0,2716000000.0,497000000.0,1.18,1183000000.0,0.43556701030927836,19886000000.0,5245000000.0,3262000000.0,2434000000.0,14237000000.0,538000000.0,12686000000.0,34540222711.715996,43755222711.715996,18.348270819777653,1.3401807723911257,0.494921049984914,1.8764537654909437,0.024235060729998023,18.348270819777653,0.0646329837940896,12.717313222281295,25.472140642858406,6.585361813482554,0.6312684365781711,2.849442379182156,0.006195675163594458,0.13657849743538167,0.9556285949055053,0.017047168862516345,83.83549201872815,0.43556701030927836,-0.15107913669064746,-0.1662904957407822,-0.01052789645703247,-0.03811430738396981,-0.011695906432748537,-0.15037593984962405,-0.15476190476190477,-0.21350880507104927,-0.06935336451088704,-0.12801689574620617,Specialty Chemicals,Basic Materials,LIN
2016Q2,2016,Q2,2016-06-30,2016-06-30,399000000.0,2665000000.0,588000000.0,1.39,1197000000.0,0.449155722326454,19811000000.0,5140000000.0,3263000000.0,2458000000.0,14252000000.0,559000000.0,12559000000.0,32110047494.298,41499047494.298004,17.99077360326494,1.3275020341741253,0.5025490888900106,1.936964980544747,0.028497030767792017,17.99077360326494,0.07762645914396887,12.048798309305067,20.1190773773797,6.247090952198055,0.5363408521303258,2.626118067978533,0.0066645806125949026,0.1345212255817475,0.9389747762408462,0.02014032608146989,90.45083801210704,0.449155722326454,0.1209677419354838,-0.0020050426874239037,-0.008758742091270475,-0.14625627183218876,0.061170212765957445,0.12078651685393259,0.061371841155234655,-0.07209411802460317,-0.08494961434635664,-0.10268285260962567,Specialty Chemicals,Basic Materials,LIN
2016Q1,2016,Q1,2016-03-31,2016-03-31,356000000.0,2509000000.0,554000000.0,1.24,1128000000.0,0.44958150657632523,19025000000.0,4888000000.0,2870000000.0,1799000000.0,13601000000.0,553000000.0,12371000000.0,32667348193.712997,41850348193.713,17.125099411762644,1.595330739299611,0.4942969776609724,1.9238952536824878,0.02822005761227841,17.125099411762644,0.07283142389525368,13.02006703615504,22.940553506820926,6.683172707388094,0.601123595505618,2.4972875226039783,0.006550883736598657,0.1318791064388962,1.0594774874930517,0.01871222076215506,145.83637586479017,0.44958150657632523,-0.15646258503401358,-0.04710766765942432,-0.010781515343069982,-0.15535343013234734,-0.03507271171941831,-0.15639810426540285,-0.11217948717948718,-0.053867091917878515,-0.09721906284644057,-0.17662943979146575,Specialty Chemicals,Basic Materials,LIN
2015Q4,2015,Q4,2015-12-31,2015-12-31,422000000.0,2595000000.0,624000000.0,1.47,1169000000.0,0.4504816955684008,18319000000.0,4389000000.0,2626000000.0,1893000000.0,13413000000.0,531000000.0,12229000000.0,29213491770.576,38297491770.576004,15.38445360477833,1.387216059165346,0.503903051476609,2.1032125768967873,0.03298363534523215,15.38445360477833,0.0961494645705172,11.257607618719076,17.306570954132702,6.6560701231660975,0.4834123222748815,2.6854990583804144,0.006983074861508681,0.14165620394126316,0.9234020073956682,0.02303619193187401,72.31062319449505,0.4504816955684008,0.050000000000000044,2.4158225651619585,0.06505875027072987,-0.18422287944151353,-0.024207011686143573,0.05236907730673317,0.050505050505050504,0.060766477594232385,-0.03518923492156832,-0.24679348988096572,Specialty Chemicals,Basic Materials,LIN
2015Q3,2015,Q3,2015-09-30,2015-09-30,401000000.0,2686000000.0,594000000.0,1.4,1198000000.0,0.4460163812360387,18456000000.0,4264000000.0,2726000000.0,2122000000.0,13643000000.0,526000000.0,11966000000.0,29096411145.651,38477411145.651,14.927306398367238,1.2846371347785108,0.5156588643259644,2.231941838649156,0.0310741280124472,14.927306398367238,0.09404315196998124,10.83261770128481,18.13990719803678,6.823736197385319,0.5062344139650873,2.828897338403042,0.006976805454934676,0.1455353272648461,0.8605089538171536,0.021727351538794973,107.36683079576015,0.4460163812360387,0.32075471698113195,0.1436292939947206,0.13788045935547463,-0.23475566145696303,-0.019639934533551555,0.30194805194805197,0.2375,-0.02576826348431525,0.011546630037096783,-0.2594269216666405,Specialty Chemicals,Basic Materials,LIN
2015Q2,2015,Q2,2015-06-30,2015-06-30,308000000.0,2738000000.0,480000000.0,1.06,1222000000.0,0.44631117604090575,19067000000.0,4964000000.0,2820000000.0,2246000000.0,13548000000.0,548000000.0,11768000000.0,34423108313.817,43634108313.817,17.239762588603835,1.2555654496883348,0.4902187024702365,1.8829572925060436,0.023554671867158764,17.239762588603835,0.062046736502820304,12.572355118267714,27.940834670306007,6.934550425829372,0.6655844155844156,2.7664233576642334,0.0059553018318719226,0.14359888813132637,0.8441674087266251,0.01615356374888551,96.96650229244226,0.44631117604090575,-0.2587412587412587,-0.11535612856155918,0.15456893513614678,-0.029785877474145232,-0.004074979625101874,-0.25961538461538464,-0.22953451043338685,-0.2547584642438066,0.011058363458833086,-0.08233188935087132,Specialty Chemicals,Basic Materials,LIN
2015Q1,2015,Q1,2015-03-31,2015-03-31,416000000.0,2757000000.0,623000000.0,1.43,1227000000.0,0.44504896626768226,19123000000.0,5018000000.0,2726000000.0,2335000000.0,13560000000.0,535000000.0,11668000000.0,34911125241.714,44190125241.714,17.35473450853038,1.1674518201284796,0.4913455001830257,1.872459147070546,0.031128702592686585,17.35473450853038,0.08290155440414508,12.662722249442872,20.980243534683893,6.95717920321124,0.49759615384615385,2.8598130841121496,0.005929341966688127,0.1441719395492339,0.8,0.021753908905506457,314.5146418172432,0.44504896626768226,0.3883495145631067,0.4057123036402921,0.20481633529970225,-0.013651155228684497,-0.0568793235972329,0.37748344370860926,0.18666666666666668,0.0269508071490701,0.004127263555393628,-0.12619496084044768,Specialty Chemicals,Basic Materials,LIN
2014Q4,2014,Q4,2014-12-31,2014-12-31,302000000.0,2990000000.0,525000000.0,1.03,1301000000.0,0.4351170568561873,19802000000.0,5623000000.0,2839000000.0,2490000000.0,13616000000.0,551000000.0,11461000000.0,37658815938.666,46790815938.666,19.345161301420525,1.140160642570281,0.46752853247146753,1.6464520718477682,0.023809968651149645,19.345161301420525,0.05370798506135515,12.59492171861739,31.174516505518216,6.697281867093367,0.6258278145695364,3.0653357531760435,0.005018745154064846,0.150994849005151,0.7718875502008032,0.015250984749015251,129.8579859954,0.4351170568561873,-0.36419753086419754,-0.06075337069567581,0.3135503283067543,0.11870720180707667,-0.04618768328445748,-0.3668763102725367,-0.2616033755274262,-0.25392133396963673,0.10958605576667031,0.06311672331279548,Specialty Chemicals,Basic Materials,LIN
2014Q3,2014,Q3,2014-09-30,2014-09-30,477000000.0,3144000000.0,711000000.0,1.62,1364000000.0,0.43384223918575066,20384000000.0,6552000000.0,3058000000.0,2960000000.0,13254000000.0,545000000.0,11348000000.0,37689930000.0,46642930000.0,22.425300338843822,1.0331081081081082,0.44745879120879123,1.392094017094017,0.03262712083614272,22.425300338843822,0.07280219780219781,11.987891221374046,19.7536320754717,5.752431318681319,0.39622641509433965,3.2660550458715596,0.005014602043569728,0.15423861852433282,0.7185810810810811,0.023400706436420723,133.17996466431094,0.43384223918575066,0.025316455696202552,0.5439980411825571,0.44556706257086176,0.3554848204812267,0.01337295690936107,0.021413276231263382,0.020086083213773313,0.14775227852545858,0.12065273812245471,0.17561898668403683,Specialty Chemicals,Basic Materials,LIN
2014Q2,2014,Q2,2014-06-30,2014-06-30,467000000.0,3113000000.0,697000000.0,1.58,1346000000.0,0.432380340507549,20925000000.0,6911000000.0,3159000000.0,2546000000.0,13425000000.0,542000000.0,11060000000.0,38914812628.22,47906812628.22,23.591459147621567,1.2407698350353495,0.43799283154121865,1.3261467226161192,0.03122467590869973,23.591459147621567,0.06757343365648966,12.500742893742371,20.83234080739829,5.630851197832442,0.4068522483940043,3.2601476014760147,0.004882459587180871,0.14876941457586618,0.8829536527886881,0.022317801672640383,84.04927133524838,0.432380340507549,0.04635761589403978,0.6419112654326714,0.5306482884585445,0.5664413507382697,0.03538461538461538,0.04241071428571429,0.03259259259259259,0.13919880965409076,0.1292457590344122,0.11952163535390599,Specialty Chemicals,Basic Materials,LIN
2014Q1,2014,Q1,2014-03-31,2014-03-31,448000000.0,3026000000.0,675000000.0,1.51,1300000000.0,0.42961004626569727,20538000000.0,6600000000.0,3049000000.0,2434000000.0,13345000000.0,520000000.0,10784000000.0,38530719444.195,47656719444.195,22.434099831744252,1.252670501232539,0.45135845749342685,1.4045454545454545,0.03063193294484299,22.434099831744252,0.06787878787878789,12.73321858697786,21.501517546983816,5.837987794575,0.4263392857142857,3.3192307692307694,0.004957083666102577,0.1473366442691596,0.8919474116680361,0.021813224267211998,269.44559051884613,0.42961004626569727,-0.050314465408805076,0.6163624056528305,0.49134339194933985,0.6954627404880559,-0.008390541571319604,-0.05485232067510549,-0.021739130434782608,0.16341499472071,0.1575061148999235,0.10649783778399124,Specialty Chemicals,Basic Materials,LIN
2013Q4,2013,Q4,2013-12-31,2013-12-31,474000000.0,3010000000.0,690000000.0,1.59,1311000000.0,0.4355481727574751,20255000000.0,6609000000.0,2916000000.0,2664000000.0,12945000000.0,506000000.0,10528000000.0,38319450615.303,46992450615.303,22.426424429159443,1.0945945945945945,0.43500370278943473,1.333182024512029,0.03514833863187224,22.426424429159443,0.07172038129822969,12.730714490133888,20.210680704273734,5.7980709056291415,0.37341772151898733,3.357707509881423,0.004619064134737737,0.1486052826462602,0.762012012012012,0.02340162922735127,85.53448798058706,0.4355481727574751,0.0671140939597316,1.5232192048103645,0.3335808801724985,0.7551180439571827,-0.003799392097264438,0.0651685393258427,0.029850746268656716,2.714231625341395,0.19594301832774397,0.18918516154255036,Specialty Chemicals,Basic Materials,LIN
2013Q3,2013,Q3,2013-09-30,2013-09-30,445000000.0,3013000000.0,670000000.0,1.49,1316000000.0,0.4367739794225025,20062000000.0,6210000000.0,2977000000.0,2929000000.0,13197000000.0,519000000.0,10243000000.0,35476855744.876,44368855744.876,21.042002683617735,1.0163878456811197,0.4499052935898714,1.453462157809984,0.0317401552093381,21.042002683617735,0.071658615136876,11.774595335172917,19.9308178342,5.712859218176489,0.3955056179775281,3.2697495183044314,0.004960980794511929,0.1501844282723557,0.7138955274837828,0.022181238161698733,91.43519521875258,0.4367739794225025,0.0,0.33262967430639334,0.1231232874885614,0.3498072582257985,0.009202453987730062,0.0,0.007518796992481203,0.22837828325328843,0.23543807857703905,0.07871259526146955,Specialty Chemicals,Basic Materials,LIN
2013Q2,2013,Q2,2013-06-30,2013-06-30,445000000.0,3014000000.0,665000000.0,1.49,1304000000.0,0.43264764432647645,19771000000.0,5928000000.0,3013000000.0,2990000000.0,13227000000.0,480000000.0,10002000000.0,34513326527.004,43517326527.004,20.049514996550183,1.0076923076923077,0.460573567346113,1.5360998650472335,0.03189884978663747,20.049514996550183,0.07506747638326586,11.451004156272063,19.389509284833707,5.822086121289474,0.39775280898876403,3.5625,0.005128453783251268,0.15244550098629306,0.6899665551839465,0.022507713317485207,627.5150277637091,0.43264764432647645,0.1461538461538461,0.3597866080180615,0.11683401860037558,0.11476858977115689,0.0432,0.13810741687979539,0.10833333333333334,0.2447265011710701,0.23772978150623478,0.1283405151011567,Specialty Chemicals,Basic Materials,LIN
2013Q1,2013,Q1,2013-03-31,2013-03-31,391000000.0,2888000000.0,600000000.0,1.3,1250000000.0,0.4328254847645429,19586000000.0,6169000000.0,2929000000.0,2686000000.0,12805000000.0,477000000.0,9743000000.0,32946772913.207996,41509772913.20799,20.798775471672666,1.0904690990320178,0.4429694679873379,1.40638677257254,0.028581051821200017,20.798775471672666,0.06338142324525856,11.40816236606925,21.065711581335037,5.340699126796563,0.45524296675191817,3.4339622641509435,0.005402653560908897,0.1474522618196671,0.7844378257632166,0.019963239048299806,5491.128818867999,0.4328254847645429,-0.05797101449275352,0.34803912976764523,0.14786321704946986,0.25350055221252255,0.027960526315789474,-0.05555555555555555,-0.025974025974025976,0.28799907736898034,0.23031678512902257,0.18208942632102115,Specialty Chemicals,Basic Materials,LIN
2012Q4,2012,Q4,2012-12-31,2012-12-31,414000000.0,2799000000.0,616000000.0,1.38,1216000000.0,0.4344408717399071,18090000000.0,6064000000.0,2792000000.0,2479000000.0,11417000000.0,476000000.0,9534000000.0,32494281259.339,39699281259.339005,20.425279651854073,1.1262605889471562,0.40696517412935324,1.2140501319261214,0.03308810992517665,20.425279651854073,0.06827176781002639,11.609246609267238,19.622150518924517,5.358555616645614,0.39371980676328505,3.3256302521008405,0.005016267284051808,0.154726368159204,0.8031464300121016,0.022885572139303482,110.90198382026962,0.4344408717399071,-0.034965034965034995,0.40555951625118597,0.19020461337522226,0.2652114153541416,0.031382527565733676,-0.037209302325581395,0.1039426523297491,0.2606008346609991,0.2038793758878454,0.18116913523873335,Specialty Chemicals,Basic Materials,LIN
2012Q3,2012,Q3,2012-09-30,2012-09-30,430000000.0,2774000000.0,558000000.0,1.43,1179000000.0,0.42501802451333814,17639000000.0,6015000000.0,2853000000.0,2548000000.0,11050000000.0,483000000.0,9285000000.0,31038248756.832,38066248756.832,20.156425928904618,1.119701726844584,0.4045580815238959,1.1863674147963426,0.03511467595226796,20.156425928904618,0.0714879467996675,11.188986574200433,18.04549346327442,5.160141106705237,0.3813953488372093,3.3022774327122155,0.005283803261094139,0.15726515108566244,0.7884615384615384,0.024377799194965702,155.9710992805628,0.42501802451333814,0.007042253521126767,0.5047822997228646,0.2482363625304169,0.32046147509115513,-0.02481389578163772,0.002331002331002331,-0.12264150943396226,0.3627316332801294,0.2487505122618521,0.21834396725823474,Specialty Chemicals,Basic Materials,LIN
2012Q2,2012,Q2,2012-06-30,2012-06-30,429000000.0,2811000000.0,636000000.0,1.42,1209000000.0,0.43009605122732125,16688000000.0,5615000000.0,2652000000.0,2728000000.0,10794000000.0,469000000.0,9024000000.0,32497766946.655,39388766946.655,18.786489787041837,0.9721407624633431,0.4191634707574305,1.2457702582368655,0.03630065374949203,18.786489787041837,0.07640249332146037,11.560927408984346,18.938092626255827,5.787669981594836,0.3822843822843823,3.4157782515991473,0.005046500587846715,0.1684443911792905,0.7137096774193549,0.025707094918504314,201.84948414071428,0.43009605122732125,0.02898550724637684,0.579425490168011,0.2914189030923998,0.24034603178928404,-0.012254901960784314,0.02386634844868735,0.014354066985645933,0.4783322944479883,0.35468744270977964,0.24739780839759454,Specialty Chemicals,Basic Materials,LIN
2012Q1,2012,Q1,2012-03-31,2012-03-31,419000000.0,2840000000.0,627000000.0,1.38,1224000000.0,0.4309859154929577,16987000000.0,5940000000.0,2762000000.0,2154000000.0,10720000000.0,482000000.0,8762000000.0,34286186980.923,41035186980.923004,19.861106002801954,1.2822655524605386,0.4036027550479779,1.1542087542087542,0.03545706023081962,19.861106002801954,0.07053872053872054,12.072601049620776,20.457152136588903,5.772085350323738,0.3914081145584726,3.3526970954356847,0.004783267386695709,0.16718667216106434,0.947539461467038,0.02466592099841055,-423.28625902374074,0.4309859154929577,-0.009048285714285793,0.6957795749072256,0.40042653068354095,0.42617146737782924,0.021702838063439065,-0.002380952380952381,0.014563106796116505,0.48705496554744937,0.3768268994149533,0.5010080843531773,Specialty Chemicals,Basic Materials,LIN
2011Q4,2011,Q4,2011-12-31,2011-12-31,420000000.0,2796000000.0,618000000.0,1.3926006485540163,1198000000.0,0.4284692417739628,16356000000.0,5488000000.0,2607000000.0,2535000000.0,10559000000.0,456000000.0,8510000000.0,32240399203.188,38712399203.188,18.196648474439147,1.0284023668639053,0.4011983370017119,1.1956997084548104,0.15085248247245672,18.196648474439147,0.07653061224489796,11.530901002570815,19.19071381142143,5.874708309618804,0.3547619047619048,3.504385964912281,0.004621530864458607,0.17094644167278064,0.7435897435897436,0.025678650036683785,147.21643471775343,0.4284692417739628,-0.005285251032845416,0.6751691563583855,0.41302169723537496,0.2929529878471604,-0.01155115511551155,-0.02097902097902098,-0.022151898734177215,1.1846353044158704,0.2104393934460444,0.424090861114195,Specialty Chemicals,Basic Materials,LIN
2011Q3,2011,Q3,2011-09-30,2011-09-30,429000000.0,2896000000.0,632000000.0,1.4,1212000000.0,0.4185082872928177,15902000000.0,5753000000.0,2704000000.0,2169000000.0,9781000000.0,445000000.0,8275000000.0,28193008024.781998,34378008024.782,19.075313169360133,1.2466574458275703,0.39680543327883283,1.0968190509299496,0.03779931645216083,19.075313169360133,0.0745697896749522,9.735154704689917,16.429491855933566,4.900575008653225,0.34965034965034963,3.784269662921348,0.005320468105714302,0.1821154571751981,0.9151682803135085,0.026977738649226514,102.89418987146715,0.4185082872928177,0.01449275362318842,0.8634682457385197,0.48029331071818204,0.37348197284554757,-0.0049261083743842365,0.009411764705882352,0.007974481658692184,0.2571543200461548,0.05635207399792305,0.22364760408373993,Specialty Chemicals,Basic Materials,LIN
2011Q2,2011,Q2,2011-06-30,2011-06-30,425000000.0,2858000000.0,627000000.0,1.38,1218000000.0,0.42617214835549333,16410000000.0,6400000000.0,2758000000.0,1996000000.0,9640000000.0,450000000.0,7997000000.0,32919018206.291,38958018206.291,21.0728032425776,1.3817635270541082,0.3728823887873248,0.95609375,0.0362705540370515,21.0728032425776,0.06640625,11.518200911928272,19.364128356641764,5.143596594732969,0.3552941176470588,3.6444444444444444,0.004587014079634462,0.17416209628275442,1.004509018036072,0.0258988421694089,235.13584433065,0.42617214835549333,0.069767441860465,0.832880312942859,0.46648290580811597,0.5969670255880679,0.044596912521440824,0.0678391959798995,0.06091370558375635,0.26428894511552736,0.030989571184173684,0.17166421019637232,Specialty Chemicals,Basic Materials,LIN
2011Q1,2011,Q1,2011-03-31,2011-03-31,398000000.0,2702000000.0,591000000.0,1.29,1166000000.0,0.43153219837157664,15834000000.0,6165000000.0,2598000000.0,1921000000.0,9297000000.0,416000000.0,7721000000.0,30893612991.858,36645612991.858,20.274870013911226,1.3524206142634045,0.3687002652519894,0.9469586374695864,0.03542279897651486,20.274870013911226,0.06455798864557989,11.433609545469283,19.405535798905778,5.011129439068613,0.38190954773869346,3.6923076923076925,0.004920110834561809,0.17064544650751548,0.9994794377928162,0.02513578375647341,1235.7445196743201,0.43153219837157664,1.978900977443609,0.883682750994925,0.4202117801090404,0.5915355175720026,0.03094606542882405,1.9924812030075187,0.1702970297029703,0.33847669749083664,0.047563351155339086,0.22192581929107977,Specialty Chemicals,Basic Materials,LIN
2010Q4,2010,Q4,2010-12-31,2010-12-31,133000000.0,2623000000.0,505000000.0,0.4330456130525809,1131000000.0,0.4311856652687762,15274000000.0,5792000000.0,2378000000.0,2110000000.0,9129000000.0,399000000.0,7475000000.0,29321414997.127,34839414997.127,18.858648051131944,1.1270142180094787,0.36382087207018465,0.9594267955801105,0.01222043593825997,18.858648051131944,0.022962707182320442,11.17857986928212,55.11544172392293,5.062398998122755,1.0300751879699248,3.7393483709273183,0.004672352954774648,0.17172973680764697,0.8071090047393364,0.008707607699358386,-182.12059004426706,0.4311856652687762,-0.6421110635929084,-0.34408361739240934,0.3704321287800863,0.5665775508328434,0.033820840950639856,-0.6472148541114059,-0.08348457350272233,-0.5635105780056434,0.07817735250617149,0.16816891612411292,Specialty Chemicals,Basic Materials,LIN
2010Q3,2010,Q3,2010-09-30,2010-09-30,377000000.0,2538000000.0,551000000.0,1.21,1094000000.0,0.4310480693459417,15057000000.0,5991000000.0,2453000000.0,1864000000.0,8727000000.0,403000000.0,0.0,27721283634.254,32727283634.254,19.5065884796843,1.3159871244635193,0.3371853622899648,0.8474378234017693,0.03585913343773843,19.5065884796843,0.06292772492071441,10.922491581660363,18.38281408107029,4.627154671048907,0.3687002652519894,3.5831265508684864,0.005014197821209248,0.16855947399880455,0.9560085836909872,0.025038188218104537,101.91648394946324,0.4310480693459417,0.016806722689075647,2.684072815094347,0.41723028491238373,0.6325347456853678,0.003669724770642202,0.016172506738544475,0.007312614259597806,0.28188975276794503,0.10965020589474288,0.2778901720340776,Specialty Chemicals,Basic Materials,LIN
2010Q2,2010,Q2,2010-06-30,2010-06-30,371000000.0,2527000000.0,547000000.0,1.19,1090000000.0,0.43134151167392165,14292000000.0,5452000000.0,2275000000.0,1759000000.0,8525000000.0,374000000.0,7241000000.0,23315707126.348,28293707126.348,17.76902870030571,1.2933484934621944,0.3516652672823957,0.921863536316948,0.03759135707026526,17.76902870030571,0.06804842259721203,9.226635190481995,15.711392942283018,4.276542026109317,0.3692722371967655,3.842245989304813,0.005875867253675641,0.17681220263084244,0.946560545764639,0.025958578225580745,110.50098164145972,0.43134151167392165,0.17821782178217815,0.8738884376809797,0.39010106221393087,0.5062425694770004,0.041069723018147083,0.18152866242038215,0.1419624217118998,0.3305393457272077,0.13089815858109416,0.17316989427030768,Specialty Chemicals,Basic Materials,LIN
2010Q1,2010,Q1,2010-03-31,2010-03-31,314000000.0,2428000000.0,479000000.0,1.01,1047000000.0,0.4312191103789127,14727000000.0,5398000000.0,2622000000.0,2189000000.0,8997000000.0,377000000.0,7008000000.0,25463819000.0,30491819000.0,17.594925568705936,1.1978072179077204,0.3669450668839546,1.001111522786217,0.03134807664667286,17.594925568705936,0.058169692478695814,10.48756960461285,20.273741242038216,4.717269173768062,0.4394904458598726,3.663129973474801,0.005419454167499384,0.16486725062809804,0.9232526267702147,0.021321382494737556,130.58368717948719,0.4312191103789127,-0.08695999999999994,0.6996150833181014,0.4027028356461084,0.5605460443186027,0.009643201542912247,-0.07647058823529412,-0.064453125,0.2388610377017163,0.1671542116963734,0.26344327517233534,Specialty Chemicals,Basic Materials,LIN
2009Q4,2009,Q4,2009-12-31,2009-12-31,340000000.0,2407000000.0,512000000.0,1.1061946902654867,1037000000.0,0.4308267552970503,14317000000.0,5315000000.0,2223000000.0,1813000000.0,8669000000.0,377000000.0,6831000000.0,24684080985.28,29694080985.28,17.292425819885477,1.2261445118587975,0.3530767618914577,0.9510818438381938,0.03566414279185783,17.292425819885477,0.06396989651928504,10.255122968541754,18.150059547999998,4.644229724417685,0.36176470588235293,3.6339522546419096,0.004982968580979349,0.16812181322902842,0.8957528957528957,0.02374799189774394,69.72904233129942,0.4308267552970503,0.063648740639891,0.9951046301276094,0.4313965629632524,0.5645954910266503,0.025717111770524232,0.046153846153846156,1.9425287356321839,0.3306494061914004,0.19361179999033915,0.22870393756042653,Specialty Chemicals,Basic Materials,LIN
2009Q3,2009,Q3,2009-09-30,2009-09-30,325000000.0,2288000000.0,174000000.0,1.04,1011000000.0,0.4418706293706294,14171000000.0,5085000000.0,2299000000.0,2035000000.0,8764000000.0,398000000.0,6615000000.0,25108239014.72,30278239014.72,16.544117647058822,1.1297297297297297,0.3694164138028368,1.0294985250737463,0.03906403537504094,16.544117647058822,0.063913470993117,10.973880688251748,19.31403001132308,4.937706787555556,0.37538461538461537,3.208542713567839,0.004858962826045907,0.16145649566015102,0.8324324324324325,0.02293416131536236,117.87905640713616,0.4418706293706294,0.08333333333333341,0.9501832812771125,0.4516633113105046,0.6030803127127964,0.06645569620253164,0.08695652173913043,-0.610738255033557,0.38523486944847796,0.14757370642523562,0.191228009895547,Specialty Chemicals,Basic Materials,LIN
2009Q2,2009,Q2,2009-06-30,2009-06-30,299000000.0,2138000000.0,447000000.0,0.96,948000000.0,0.44340505144995324,13586000000.0,4638000000.0,2192000000.0,2476000000.0,8640000000.0,423000000.0,6411000000.0,21886503989.999996,26960503989.999996,15.06054416688044,0.8852988691437803,0.3759016634771088,1.1011211729193617,0.03379287780429949,15.06054416688044,0.06446744286330315,10.236905514499531,18.2997525,4.718952994825355,0.411371237458194,2.813238770685579,0.005619901655202632,0.1573678786986604,0.6413570274636511,0.022007949359634918,113.40157507772018,0.44340505144995324,0.03225806451612894,0.8074882253969594,0.410965892822764,0.542444024505285,0.021551724137931036,0.03103448275862069,0.011312217194570135,0.27169787716432725,0.0819073294414279,0.14133806238580296,Specialty Chemicals,Basic Materials,LIN
2009Q1,2009,Q1,2009-03-31,2009-03-31,290000000.0,2123000000.0,442000000.0,0.93,928000000.0,0.4371172868582195,12857000000.0,4073000000.0,2184000000.0,2665000000.0,8482000000.0,424000000.0,6235000000.0,20713073527.818,25704073527.818,13.231844791402713,0.8195121951219512,0.3923932488138757,1.2386447336115884,0.034897626694073286,13.231844791402713,0.07120058924625583,9.756511317860575,17.85609786880862,5.085458759591947,0.4241379310344828,2.818396226415094,0.005938278538663466,0.16512405693396592,0.5879924953095684,0.022555806175624173,369.87631299675,0.4371172868582195,0.4589328500000001,0.8750044570207705,0.47035755717434097,0.3771666928715232,-0.05786802030456853,0.45,0.40764331210191085,0.35582512321494447,0.10229731717278588,0.03867255050554282,Specialty Chemicals,Basic Materials,LIN
2008Q4,2008,Q4,2008-12-31,2008-12-31,200000000.0,2403000000.0,314000000.0,0.6374522309234452,985000000.0,0.4099042863087807,13054000000.0,4009000000.0,2301000000.0,2979000000.0,8743000000.0,445000000.0,6068000000.0,18624140953.749,23617140953.749,12.77772996886046,0.7724068479355488,0.3849394821510648,1.2534297829882763,0.02596981633326511,12.77772996886046,0.049887752556747315,7.750370767269663,23.28017619218625,4.64558267741307,0.575,3.1865168539325843,0.00617478144552223,0.18408150758388234,0.5491775763679086,0.015320974413972729,117.87430983385444,0.4099042863087807,-0.4257187108797792,0.34247439832477555,0.7112413647229211,0.35072357310075114,-0.11896243291592129,-0.43661971830985913,-0.4227941176470588,-0.03447731880919284,0.22899087777456203,0.06143902073719192,Specialty Chemicals,Basic Materials,LIN
2008Q3,2008,Q3,2008-09-30,2008-09-30,355000000.0,2852000000.0,544000000.0,1.11,1118000000.0,0.3920056100981767,13878000000.0,4891000000.0,2588000000.0,3093000000.0,8680000000.0,495000000.0,0.0,22508352632.502,27428352632.502,15.588894307232852,0.8367280956999676,0.35624729788153914,1.0108362298098548,0.03974897550473502,15.588894307232852,0.07258229400940502,7.892129254032959,15.850952558100001,4.6019939956045794,0.3295774647887324,3.503030303030303,0.005198070330169446,0.2055051160109526,0.6000646621403168,0.02558005476293414,100.03712281112,0.3920056100981767,0.0277777777777778,1.4623217922606924,1.0984944572965,0.7705924734551219,-0.010619469026548672,0.017191977077363897,0.001841620626151013,2.3958684300956303,0.5589564205445052,0.304657225423066,Specialty Chemicals,Basic Materials,LIN
2008Q2,2008,Q2,2008-06-30,2008-06-30,349000000.0,2878000000.0,543000000.0,1.08,1130000000.0,0.39263377345378736,14428000000.0,5671000000.0,2746000000.0,2718000000.0,8440000000.0,507000000.0,5745000000.0,29715002249.376,34284002249.376,17.985360531790736,1.0103016924208976,0.3185472691987801,0.8104390760007053,0.03813098617225576,17.985360531790736,0.06154117439605008,10.324879169345378,21.285818230212033,5.239817007472403,0.34097421203438394,3.447731755424063,0.004004711122056164,0.19947324646520653,0.7391464311994114,0.024189076795120598,3301.666916597333,0.39263377345378736,0.1250000000000001,1.4106094281219872,1.1283612199232675,1.040139396322796,0.05805243445692884,0.13680781758957655,0.12655601659751037,0.715326937966569,0.5405776107732316,0.5245805562747855,Specialty Chemicals,Basic Materials,LIN
2008Q1,2008,Q1,2008-03-31,2008-03-31,307000000.0,2663000000.0,482000000.0,0.96,1068000000.0,0.4010514457378896,14000000000.0,5209000000.0,2632000000.0,2875000000.0,8447000000.0,483000000.0,5515000000.0,26442830221.808,30995830221.808,16.59255389633556,0.9154782608695652,0.32671428571428573,0.8780956037627183,0.035451128570438285,16.59255389633556,0.058936456133614895,9.929714690877956,21.53324936629316,5.07637362676291,0.3811074918566775,3.3022774327122155,0.004424639836907755,0.19021428571428572,0.670608695652174,0.02192857142857143,755.5094349088,0.4010514457378896,-0.03236556962025316,1.4504978476749795,1.0668028959935123,1.1821653380613906,0.036893203883495145,-0.028481012658227847,-0.004132231404958678,0.6239162579601395,0.5034621003707167,0.4716427328413004,Specialty Chemicals,Basic Materials,LIN
2007Q4,2007,Q4,2007-12-31,2007-12-31,316000000.0,2523000000.0,484000000.0,0.9921102121420475,1030000000.0,0.40824415378517637,13382000000.0,5142000000.0,2408000000.0,2650000000.0,7919000000.0,474000000.0,5325000000.0,28255287911.487,32430287911.487,16.143768072260787,0.9086792452830189,0.3132566133612315,0.8152469856087126,0.03811347247415178,16.143768072260787,0.06145468689225982,11.199083595516052,22.353867018581486,5.494999593832555,0.2974683544303797,3.149789029535865,0.0033268109068456857,0.188536840532058,0.6566037735849056,0.02361380959497833,152.73128600803784,0.40824415378517637,0.055436395895795305,1.3085129066272692,0.9895301935305524,1.2474470832289823,0.053169734151329244,0.036065573770491806,0.05217391304347826,0.7893447647687015,0.4478424814548627,0.46066647890391277,Specialty Chemicals,Basic Materials,LIN
2007Q3,2007,Q3,2007-09-30,2007-09-30,305000000.0,2372000000.0,460000000.0,0.94,978000000.0,0.4123102866779089,12751000000.0,4862000000.0,2408000000.0,2525000000.0,7634000000.0,448000000.0,5103000000.0,26780573677.025997,30757573677.025997,15.264683074160239,0.9536633663366336,0.3139361618696573,0.8233237350884409,0.038667621154930804,15.264683074160239,0.06273138626079802,11.290292443940134,21.951289899201637,5.508139382358288,0.3114754098360656,3.111607142857143,0.003547347459606392,0.18602462551956708,0.6863366336633664,0.02391969257313152,115.43350722856033,0.4123102866779089,0.0561797752808988,1.3726801281230436,0.8709527523015012,0.0,0.036016949152542374,0.048109965635738834,0.04783599088838269,0.7660869938328001,0.4522612527934234,0.47910655847740785,Specialty Chemicals,Basic Materials,LIN
2007Q2,2007,Q2,2007-06-30,2007-06-30,291000000.0,2332000000.0,439000000.0,0.89,944000000.0,0.40480274442538594,12251000000.0,4850000000.0,2314000000.0,1909000000.0,7167000000.0,429000000.0,4893000000.0,23052133229.574,26730133229.574,15.14616833170421,1.212152959664746,0.3020161619459636,0.7628865979381443,0.038057245290781395,15.14616833170421,0.06,9.885134317999142,19.804238169737115,4.753017160736907,0.32989690721649484,3.2354312354312356,0.004164473588797408,0.1903518080156722,0.8711367207962284,0.023753163007101463,151.65877124719736,0.40480274442538594,0.09876543209876537,0.9713889192506238,0.8131074388078683,0.0,0.05711086226203808,0.09811320754716982,0.08933002481389578,0.69179757581003,0.48009121790130016,0.551213327919707,Specialty Chemicals,Basic Materials,LIN
2007Q1,2007,Q1,2007-03-31,2007-03-31,265000000.0,2175000000.0,403000000.0,0.81,893000000.0,0.4105747126436782,11748000000.0,4467000000.0,2201000000.0,1856000000.0,7051000000.0,407000000.0,4698000000.0,20195238159.237,23905238159.237,13.926169788909569,1.1858836206896552,0.3180115764385427,0.836355495858518,0.03634153224931073,13.926169788909569,0.05932393104992165,9.285166969764138,19.052111470978303,4.520984589038952,0.3622641509433962,3.14987714987715,0.0047535958349711775,0.18513789581205312,0.8480603448275862,0.022557030983997275,1553.479858402846,0.4105747126436782,-0.025645278810408883,1.1274990947396808,0.8000135917804103,0.0,0.03958090803259604,-0.01486988847583643,0.02544529262086514,0.644219997394931,0.4455794660556594,0.44943184377594053,Specialty Chemicals,Basic Materials,LIN
