Quarters,Year,Quarter,FillingDate,Date,NetIncome,Revenue,OperatingIncome,EPSDiluted,GrossProfit,GrossProfitRatio,TotalAssets,CommonStockEquity,CurrentAssets,CurrentLiability,TotalLiability,Inventory,RetainedEarnings,MarketCap,EnterpriseValue,bookValuePerShare,currentRatio,debtToAssets,debtToEquity,roic,shareholdersEquityPerShare,roe,priceToSalesRatio,peRatio,pbRatio,payoutRatio,inventoryTurnover,dividendYield,assetTurnover,quickRatio,returnOnAssets,priceToFreeCashFlowsRatio,grossProfitMargin,epsdilutedGrowth,fiveYNetIncomeGrowthPerShare,fiveYRevenueGrowthPerShare,fiveYShareholdersEquityGrowthPerShare,grossProfitGrowth,netIncomeGrowth,operatingIncomeGrowth,threeYNetIncomeGrowthPerShare,threeYRevenueGrowthPerShare,threeYShareholdersEquityGrowthPerShare,Industry,Sector,Symbol
2023Q1,2023,Q1,2023-05-15,2023-03-31,-61022000.0,0.0,-65131000.0,-2.58,0.0,0.0,153435000.0,125693000.0,134202000.0,11795000.0,27742000.0,6384000.0,-349128000.0,444244.2256,-107371755.7744,5.319210163752773,11.377871979652395,0.11982924365366442,0.14627704008974246,-0.3919382943977978,5.319210163752773,-0.4854844740757242,0.0,-0.0018200166562878962,0.00353435931674795,0.0,0.0,0.0,0.0,10.741500635862653,-0.39770586893472804,-0.014106573910834497,0.0,-5.526315789473685,0.0,0.0,0.0,0.0,-5.626032901220529,-0.7370582744365916,0.0,0.0,0.0,,,EMBKW
2022Q4,2022,Q4,2023-03-28,2022-12-31,13191000.0,0.0,-37495000.0,0.57,0.0,0.0,214730000.0,184974000.0,165573000.0,8664000.0,29756000.0,-494000.0,-286066000.0,460014.88,-132899985.12,8.042087682033243,19.110457063711912,0.11298840404228566,0.13116437985879095,0.06102253491344949,8.042087682033243,0.07131272503162607,0.0,0.008718347358047154,0.0024869164314984806,0.0,0.0,0.0,0.0,18.249769159741458,0.061430633819214826,-0.013793136037899913,0.0,1.3986013986013988,0.0,0.0,0.0,0.0,1.398724420397183,0.00651811027794706,0.0,0.0,0.0,,,EMBKW
2022Q3,2022,Q3,2022-11-08,2022-09-30,-33083000.0,0.0,-37741000.0,-1.43,0.0,0.0,248325000.0,209356000.0,200521000.0,15727000.0,38969000.0,8865000.0,-251086000.0,1613219.0459999999,-164172780.954,9.045339029551725,12.750111273605901,0.10169737239504681,0.1206270658591108,-0.13668807167606165,9.045339029551725,-0.15802269817917805,0.0,-0.012190694964180999,0.007705626043676799,0.0,0.0,0.0,0.0,12.178673618617664,-0.13322460485251184,-0.05413123434668814,0.0,0.0,0.0,0.0,0.0,0.0,-4.612469971609522,0.0017193038142093847,0.0,0.0,0.0,,,EMBKW
2022Q2,2022,Q2,2022-08-12,2022-06-30,9158000.0,0.0,-37806000.0,0.0,0.0,0.0,255965000.0,233525000.0,226892000.0,13641000.0,22440000.0,5498000.0,-215674000.0,59435421760.0,59223264760.0,0.0005107770602282675,16.63309141558537,0.032215341941281034,0.03531099454019912,0.09739788497467601,0.0005107770602282675,0.039216357991649714,0.0,1622.5000480454248,254.51417090247298,0.0,0.0,0.0,0.0,16.193534198372554,0.035778329068427324,-2403.6648910098274,0.0,0.0,0.0,0.0,0.0,0.0,1.4572041856721223,0.06929913099135915,0.0,0.0,0.0,,,EMBKW
2022Q1,2022,Q1,2022-05-11,2022-03-31,3727000.0,0.0,-40621000.0,0.0,0.0,0.0,278277000.0,233268000.0,256558000.0,12555000.0,45009000.0,11101000.0,-201350000.0,0.0,-237104000.0,0.0,20.434727200318598,0.02653471181592442,0.031654577567433166,0.03322159602579317,0.0,0.015977330795479878,0.0,0.0,0.0,0.0,0.0,,0.0,19.512704101951414,0.013393129867003022,0.0,0.0,0.0,0.0,0.0,0.0,0.0,1.0461171055236587,0.4355058365758755,0.0,0.0,0.0,,,EMBKW
2021Q4,2021,Q4,2022-03-21,2021-12-31,-80816000.0,0.0,-71960000.0,0.0,0.0,0.0,290999000.0,234634000.0,277491000.0,5997000.0,56365000.0,0.0,-182903000.0,0.0,-263535000.0,0.0,46.27163581790895,0.0037113529599758074,0.0046029134737506075,-0.3229817539472362,0.0,-0.3444343104579899,0.0,0.0,0.0,0.0,0.0,,0.0,44.12456228114057,-0.27771916741981933,0.0,0.0,0.0,0.0,0.0,0.0,0.0,-3.2274415441753415,-3.4767948239392807,0.0,0.0,0.0,,,EMBKW
2021Q3,2021,Q3,2021-11-24,2021-09-30,-19117000.0,0.0,-16074000.0,0.0,0.0,0.0,71865000.0,26719000.0,59689000.0,44380000.0,45146000.0,0.0,-106515000.0,0.0,-26483000.0,0.0,1.3449526813880126,0.29782230571209906,0.8010404581009768,-0.3340260172062674,0.0,-0.7154833638983494,0.0,0.0,0.0,0.0,0.0,,0.0,1.2034925642181162,-0.2660126626313226,0.0,0.0,0.0,0.0,0.0,0.0,0.0,0.05483041629585682,-0.16368638239339753,0.0,0.0,0.0,,,EMBKW
2021Q2,2021,Q2,2021-08-16,2021-06-30,-20226000.0,0.0,-13813000.0,0.0,0.0,0.0,,,,,,,,0.0,,0.0,0.0,0.0,0.0,0.0,0.0,0.0,0.0,0.0,0.0,0.0,0.0,,0.0,0.0,0.0,0.0,0.0,0.0,0.0,0.0,0.0,0.0,-1.3845791087007782,-0.6210538669170285,0.0,0.0,0.0,,,EMBKW
2021Q1,2021,Q1,2021-03-31,2021-03-31,-8482000.0,0.0,-8521000.0,0.0,0.0,0.0,,,,,,,,0.0,,0.0,0.0,0.0,0.0,0.0,0.0,0.0,0.0,0.0,0.0,0.0,0.0,,0.0,0.0,0.0,0.0,0.0,0.0,0.0,0.0,0.0,0.0,0.0,0.0,0.0,0.0,0.0,,,EMBKW
