Quarters,Year,Quarter,FillingDate,Date,NetIncome,Revenue,OperatingIncome,EPSDiluted,GrossProfit,GrossProfitRatio,TotalAssets,CommonStockEquity,CurrentAssets,CurrentLiability,TotalLiability,Inventory,RetainedEarnings,MarketCap,EnterpriseValue,bookValuePerShare,currentRatio,debtToAssets,debtToEquity,roic,shareholdersEquityPerShare,roe,priceToSalesRatio,peRatio,pbRatio,payoutRatio,inventoryTurnover,dividendYield,assetTurnover,quickRatio,returnOnAssets,priceToFreeCashFlowsRatio,grossProfitMargin,epsdilutedGrowth,fiveYNetIncomeGrowthPerShare,fiveYRevenueGrowthPerShare,fiveYShareholdersEquityGrowthPerShare,grossProfitGrowth,netIncomeGrowth,operatingIncomeGrowth,threeYNetIncomeGrowthPerShare,threeYRevenueGrowthPerShare,threeYShareholdersEquityGrowthPerShare,Industry,Sector,Symbol
2023Q1,2023,Q1,2023-05-11,2023-03-31,-14607000.0,0.0,-16039000.0,-0.75,0.0,0.0,91084000.0,82517000.0,90316000.0,8566000.0,8567000.0,0.0,-105046000.0,191336326.01999998,164661326.01999998,4.256603055683572,10.543544244688302,0.00037328180580562995,0.0004120363076699347,-0.185137051113175,4.256603055683572,-0.17701806900396283,0.0,-3.2747368730745534,2.3187503910709304,0.0,0.0,0.0,0.0,10.333294419799206,-0.16036845110008344,-16.500200588133836,0.0,-0.1363636363636363,-4.16839298574558,0.0,0.0,0.0,-0.1423320559943693,-0.2855883295928182,-4.16839298574558,0.0,0.0,Biotechnology,Healthcare,ANTX
2022Q4,2022,Q4,2023-03-29,2022-12-31,-12787000.0,0.0,-12476000.0,-0.66,0.0,0.0,102560000.0,95372000.0,98621000.0,7186000.0,7188000.0,0.0,-89723000.0,184432698.61999997,157266698.61999997,4.928058672896515,13.724046757584192,0.001033541341653666,0.0011114373191293042,-0.1410180323635399,4.928058672896515,-0.13407499056326805,0.0,-3.6058633498866035,1.9338243784339217,-0.1423320559943693,0.0,0.009868098301537502,0.0,13.36752017812413,-0.12467823712948518,-24.146726711180936,0.0,-0.17857142857142852,0.0,0.0,0.0,0.0,-0.17225889255592225,-0.05998300764655905,0.0,0.0,0.0,Biotechnology,Healthcare,ANTX
2022Q3,2022,Q3,2022-11-09,2022-09-30,-10908000.0,0.0,-11770000.0,-0.56,0.0,0.0,110008000.0,105573000.0,107296000.0,4432000.0,4435000.0,0.0,-77881000.0,336253432.24,307524432.24,5.456773267046906,24.209386281588447,0.0013271762053668824,0.0013829293474657345,-0.10702716192880393,5.456773267046906,-0.10332187206956324,0.0,-7.706578480014668,3.1850324632244984,0.0,0.0,0.0,0.0,23.551895306859205,-0.09915642498727366,-35.4435998988089,0.0,-0.1200000000000001,-0.14073755481556507,0.0,0.0,0.0,-0.12697592726521334,-0.13906900222587826,-0.14073755481556507,0.0,0.0,Biotechnology,Healthcare,ANTX
2022Q2,2022,Q2,2022-08-11,2022-06-30,-9679000.0,0.0,-10333000.0,-0.5,0.0,0.0,120016000.0,115863000.0,116877000.0,4149000.0,4153000.0,0.0,-66542000.0,149250011.5,108647011.5,6.0163362198467905,28.16992046276211,0.0002166377816291161,0.00022440295866670118,-0.08526788220223942,6.0163362198467905,-0.08353831680519234,0.0,-3.854995647794194,1.2881593908322762,-0.18803595412749252,0.0,0.012194303918026833,0.0,27.329235960472403,-0.08064758032262365,-15.554977748827515,0.0,0.7907949790794979,-0.4100839099105986,0.0,0.0,0.0,-0.2735526315789474,-0.3546145778710016,-0.4100839099105986,0.0,0.0,Biotechnology,Healthcare,ANTX
2022Q1,2022,Q1,2022-05-10,2022-03-31,-7600000.0,0.0,-7628000.0,-2.39,0.0,0.0,120503000.0,115410000.0,119783000.0,5087000.0,5093000.0,0.0,-56422000.0,47933405.19,-34553594.81,36.28427175382154,23.546884214664832,0.00026555355468328587,0.0002772723334199809,-0.06558354253646405,36.28427175382154,-0.06585217918724547,0.0,-1.5767567496710526,0.4153314720561477,0.0,0.0,0.0,0.0,23.26597208570867,-0.0630689692372804,-7.109671490655591,0.0,0.0,-15.38941073467083,0.0,0.0,0.0,0.0,0.0,-15.38941073467083,0.0,0.0,Biotechnology,Healthcare,ANTX
2021Q3,2021,Q3,2021-09-30,2021-09-30,-6943000.0,0.0,-6932000.0,-0.631278,0.0,0.0,,,,,,,,216334333.6,,,0.0,0.0,0.0,0.0,,0.0,0.0,-7.789656258101685,0.0,0.0,0.0,0.0,0.0,0.0,0.0,-46.11689055638457,0.0,-0.28317143223021063,0.0,0.0,0.0,0.0,-0.3866586778510086,-0.3869547819127651,0.0,0.0,0.0,Biotechnology,Healthcare,ANTX
2021Q2,2021,Q2,2021-06-30,2021-06-30,-5007000.0,0.0,-4998000.0,-0.491967,0.0,0.0,,,,,,,,216334333.6,,,0.0,0.0,0.0,0.0,,0.0,0.0,-10.801594447773118,0.0,0.0,0.0,0.0,0.0,0.0,0.0,-41.15167083888149,0.0,-1.4603024574669186,0.0,0.0,0.0,0.0,-1.44482421875,-1.4380487804878048,0.0,0.0,0.0,Biotechnology,Healthcare,ANTX
2021Q1,2021,Q1,2021-03-31,2021-03-31,-2048000.0,0.0,-2050000.0,-0.199962,0.0,0.0,,,,,,,,216334333.6,,,0.0,0.0,0.0,0.0,,0.0,0.0,-26.407999707031248,0.0,0.0,0.0,0.0,0.0,0.0,0.0,-140.20371587815941,0.0,0.0,0.0,0.0,0.0,0.0,0.0,0.0,0.0,0.0,0.0,Biotechnology,Healthcare,ANTX
