Year,Date,FillingDate,NetIncome,Revenue,OperatingIncome,EPSDiluted,GrossProfit,GrossProfitRatio,TotalAssets,CommonStockEquity,CurrentAssets,CurrentLiability,TotalLiability,Inventory,RetainedEarnings,EnterpriseValue,bookValuePerShare,currentRatio,debtToAssets,debtToEquity,roic,shareholdersEquityPerShare,roe,priceToSalesRatio,peRatio,pbRatio,payoutRatio,inventoryTurnover,dividendYield,assetTurnover,quickRatio,returnOnAssets,priceToFreeCashFlowsRatio,grossProfitMargin,epsdilutedGrowth,fiveYNetIncomeGrowthPerShare,fiveYRevenueGrowthPerShare,fiveYShareholdersEquityGrowthPerShare,grossProfitGrowth,netIncomeGrowth,operatingIncomeGrowth,threeYNetIncomeGrowthPerShare,threeYRevenueGrowthPerShare,threeYShareholdersEquityGrowthPerShare,Industry,Sector,Price,MarketCap,AvgVolume,Symbol
2022,2022-12-31,2023-03-01,-187282000.0,653604000.0,-157801000.0,-2.48,270869000.0,0.4144237183,1222069000.0,864579000.0,917971000.0,161295000.0,357490000.0,173289000.0,-238772000.0,7257581960.0,11.428822588533887,5.691255153600546,0.000997488685172441,0.001409934777504427,-0.22327574100317227,11.428822588533887,-0.21661641099309606,12.041728569592598,-42.02497816127551,9.103299941358744,-0.061543554639527556,2.2086514435422906,0.001464451793486896,0.5348339578207123,4.218661458817694,-0.1532499392423832,78.76981084489282,0.41442371833709707,-50.599999999999994,-12.089466203019205,9.612180831605588,28.605847588306233,1.11338159749737,-48.56642478182234,-37.58671784142671,-7.448964701463551,5.986095382429163,9.94309997564542,Beverages—Non-Alcoholic,Consumer Defensive,143.055,10985079006,1281508,CELH
2021,2021-12-31,2022-03-16,3937273.0,314271559.0,-4089516.0,0.05,128168524.0,0.4078273084,314018428.0,217045197.0,262360550.0,93123494.0,96973231.0,191221851.0,-51489559.0,5486966614.999999,2.941749190170911,2.8173400581382824,0.004369657566720893,0.006321968967597104,0.01805097291479973,2.941749190170911,0.01814033691793696,17.50667221528627,1397.3755871132125,25.34886395113364,0.0,0.9732310090440449,0.0,1.0008061023730748,0.6183580482923031,0.01253835013784605,-55.16374114024673,0.4078273083565923,-0.5454545454545454,1.6255291648625017,6.217678968825703,9.4140818680274,1.1020280778226759,-0.5380874297515125,-1.5169404626469474,1.226877012692578,3.0527704916664833,11.474525033206902,Beverages—Non-Alcoholic,Consumer Defensive,143.055,10985079006,1281508,CELH
2020,2020-12-31,2021-03-11,8523849.0,130725777.0,7911000.0,0.11,60973745.0,0.4664248047,131289773.0,104327443.0,93150665.0,26365092.0,26962330.0,18403622.0,-55426832.0,3489386774.0,1.4862517700690931,3.533106010022647,0.00856384297351173,0.010777078088648258,0.07323052108188878,1.4862517700690931,0.08170284591370652,27.014644938771333,414.30936305887167,33.85025405060489,0.0,3.790125226436405,0.0,0.9957041893887653,2.280292479161461,0.0649239373732484,1251.7169898058826,0.46642480465042485,-0.6944444444444444,2.629584355684987,2.588355870342024,4.63900191570645,0.9479301406599037,-0.6345727954261629,6.4617268335723255,1.6420349324359713,1.2874319629002782,2.850067934964818,Beverages—Non-Alcoholic,Consumer Defensive,143.055,10985079006,1281508,CELH
2019,2019-12-31,2020-03-12,23325710.0,75146546.0,-1448443.0,0.36,31301813.0,0.4165436027,90382236.0,63458989.0,51508901.0,26683399.0,26923247.0,15292349.0,-63409431.0,279912954.85,1.0443861989719068,1.930372551113147,0.10536584866079216,0.15006858996760886,-0.0458681901183648,1.0443861989719068,0.3675714089929797,3.9054414536897015,12.581843633055541,4.624725991931577,0.0,2.8671025622028377,0.0,0.8314304815384297,1.2009870256784003,0.25807847904979914,306.98340803586564,0.41654360268268353,2.5,4.101184774701638,0.7262217354991339,3.9729466327236485,0.48628922994639506,2.981363938761961,0.8638776574269619,5.499864318731015,1.0956271566454105,2.697230006647675,Beverages—Non-Alcoholic,Consumer Defensive,143.055,10985079006,1281508,CELH
2018,2018-12-31,2019-03-14,-11772552.0,52603986.0,-10640744.0,-0.24,21060378.0,0.4003570756,34627507.0,11802982.0,34505653.0,14865144.0,22824525.0,11482701.0,-73380691.0,173892115.12,0.23582053684128587,2.321245794860783,0.2298571768392105,0.6743533964552347,-0.5656242348130229,0.23582053684128587,-0.9974218379728106,3.301573289902404,-14.752613971889868,14.71457934274576,0.0,2.747054721707027,0.0,1.5191387009177415,1.3941053648723483,-0.33997688600568327,-14.772333334212256,0.40035707560259787,-0.26315789473684204,-1.2215812276178033,0.9983648831313997,1.805741060714232,0.3648382374927555,-0.40129426763965476,-0.3169291409234716,-2.156514391896209,1.0251117149971871,-0.10527106793681758,Beverages—Non-Alcoholic,Consumer Defensive,143.055,10985079006,1281508,CELH
2017,2017-12-31,2018-03-08,-8401199.0,36164064.0,-8079967.0,-0.19,15430677.0,0.4266853692,27110873.0,17147245.0,27048231.0,6463628.0,9963628.0,5305505.0,-61960910.0,222513976.5,0.3860326090798381,4.184682503386643,0.12909949450908498,0.2041144218794331,-0.3989613363427628,0.3860326090798381,-0.4899445362797347,6.448406918536589,-27.75801412393636,13.599887357998325,0.0,3.907900755912962,0.0,1.3339321090840563,3.1812291796495713,-0.30988301262006573,-27.540150176099438,0.42668536921071704,-1.227432590855803,-0.24458162281341936,1.1383947799144754,2.2108757366052623,0.585913695958225,-1.5533463819078677,-1.8400986305607108,-0.5279027299183523,0.1363875047721725,2.098879271303259,Beverages—Non-Alcoholic,Consumer Defensive,143.055,10985079006,1281508,CELH
2016,2016-12-31,2017-03-30,-3290270.0,22760987.0,-2844960.0,-0.0853,9729834.0,0.4274785623,17717122.0,10894637.0,17683589.0,2322485.0,6822485.0,2211370.0,-53354332.0,87244677.60000001,0.282478016540514,7.614081038198309,0.25399159073352884,0.41304726352975324,-0.19821540160330728,0.282478016540514,-0.3020082266164536,4.151481462556962,-28.718559753454887,8.673241302119566,0.0,5.892796320832787,0.0,1.2846887321767047,6.258326749150156,-0.18571131360951287,-39.46627600718725,0.4274785623312381,-0.1449664429530202,0.43862133772908946,0.5500439015825477,1.886054100892154,0.3820869385868495,-0.3309356883163953,-0.5567837326124785,0.19424106710255762,0.12209399516353789,1.9651582501018154,Beverages—Non-Alcoholic,Consumer Defensive,143.055,10985079006,1281508,CELH
2015,2015-12-31,2015-12-31,-2472148.0,17217944.0,-1827460.0,-0.0745,7039958.0,0.4088733242,15265870.0,8744035.0,15244551.0,2021835.0,6521835.0,2322904.0,-49920563.0,58732782.44,0.26356645950578594,7.5399580084428255,0.29477520770188664,0.5146365493733728,-0.15867304658622852,0.26356645950578594,-0.28272393694673,3.7380248443135833,-26.034485977376757,7.3605723719083915,0.0,4.381578403584479,0.0,1.127871781955434,6.061513427158991,-0.16193954225995635,-84.06984945798342,0.40887332424823775,0.37916666666666665,0.9353413281736526,0.09413423017468313,2.834221759654243,0.25754697921659,0.02067511534702748,-0.19447060753640846,0.5096511111398203,0.3631403198616556,1.8267338646837077,Beverages—Non-Alcoholic,Consumer Defensive,143.055,10985079006,1281508,CELH
2014,2014-12-31,2014-12-31,-2524339.0,14610090.0,-1529933.0,-0.12,5598167.0,0.3831712878,4951204.0,-7163850.0,4907254.0,1365054.0,12115054.0,1686935.0,-47350266.0,20597225.0,-0.3512966521081134,3.594915659014222,2.1711890683558988,-1.50058976667574,-0.5312619986961897,-0.3512966521081134,0.35237183916469494,0.6978941950391818,-4.0391948149594805,-1.4232985056917717,0.0,5.342187458319378,0.0,2.9508155995996126,2.1693376232735115,-0.5098434643371592,-3.4779350617898768,0.3831712877880971,-0.09090909090909087,0.9391566121916525,-0.06873423261726207,0.1499553758755233,0.37442212404980374,-0.18154168611065216,-0.07570632353178992,0.1854313769830577,0.8817478817167999,-0.10191880784972547,Beverages—Non-Alcoholic,Consumer Defensive,143.055,10985079006,1281508,CELH
2013,2013-12-31,2013-12-31,-2136479.0,10612900.0,-1422259.0,-0.11,4073106.0,0.38378822,3029710.0,-5905905.0,2960997.0,1335615.0,8935615.0,821271.0,-45189294.0,14238964.88,-0.2926753374492889,2.2169539874889095,2.508490911671414,-1.2868476550164623,-1.0080301878947706,-0.2926753374492889,0.36175302515025215,0.64646523381922,-3.211298065649136,-1.1616967899077282,0.0,7.963015861999267,0.0,3.5029425258523093,1.2828966431194617,-0.7051760729574778,-3.1814238078478456,0.38378821999641943,0.26666666666666666,0.9352542435941792,0.30681394906008164,-168.75799976820076,0.761052228345415,0.30340164400784214,0.44503425372455846,0.9081302877232126,0.10877851487970056,-1.0367973734983122,Beverages—Non-Alcoholic,Consumer Defensive,143.055,10985079006,1281508,CELH
2012,2012-12-31,2012-12-31,-3067017.0,7684005.0,-2562787.0,-0.15,2312882.0,0.3009995439,2051019.0,-6434178.0,1946329.0,1035197.0,8485197.0,921709.0,-43363358.0,11377460.4,-0.3188044796091924,1.8801532461937196,3.632340802303635,-1.1578790639612395,-2.748829491852123,-0.3188044796091924,0.47667580847157165,0.5253043692709727,-1.316080543407487,-0.6273437570424691,0.0,5.827352233731037,0.0,3.7464328706852545,0.7045093832381663,-1.4953625490548845,-1.3977744711044502,0.30099954385766275,0.0,0.8973299894110399,0.16536389577189492,-0.0001540145040393808,0.0,0.0,0.0,0.9253060011285481,-0.5051059834152151,0.22857780621491866,Beverages—Non-Alcoholic,Consumer Defensive,143.055,10985079006,1281508,CELH
2010,2010-12-31,2011-03-31,-20197271.0,8312960.0,-18797533.0,-1.15,1095359.0,0.1317652196,4316762.0,-2518286.0,4214867.0,2835048.0,6835048.0,1563753.0,-38638799.0,8039982.84,-0.1436938898573906,1.4867004015452296,0.4633102311408412,-0.7941909695721614,37.57053027107978,-0.1436938898573906,8.02024511910085,0.8854424705520055,-0.3644377421088225,-2.9228800223644176,0.0,4.615563327456446,0.0,1.9257397095322837,0.8863356105434547,-4.678801147712105,-0.5150077139406335,0.13176521960889984,0.4334975369458128,-5.255120116431722,0.0,-1.2083592504864582,-0.6094632932026457,-0.3015334135237798,-1.5218914145696445,0.22138633242007044,0.4518826573811758,0.5492032578188824,Beverages—Non-Alcoholic,Consumer Defensive,143.055,10985079006,1281508,CELH
2009,2009-12-31,2010-03-10,-15518058.0,5867895.0,-7453744.0,-2.03,2804753.0,0.4779828201,5473736.0,-3152157.0,5275064.0,2855105.0,8625893.0,1650337.0,-19141397.0,44836499.98,-0.4132684827810535,1.8475901937056605,1.2511891329797418,-2.1726960300518026,-3.0481733437205434,-0.4132684827810535,4.922996538560738,6.577240727722632,-2.487073961187669,-12.243856502071438,0.0,1.8560706086090295,0.0,1.0720091359904826,0.9567161277781377,-2.8350030034331213,-3.9803883550417125,0.4779828200743197,-0.23780487804878045,-18.946180678311087,0.0,-7.508916501745474,2.7065440470039106,-0.47465200699407023,-0.514991081286311,-0.37454162503275207,1.3547746723913874,-0.2965066633572677,Beverages—Non-Alcoholic,Consumer Defensive,143.055,10985079006,1281508,CELH
2008,2008-12-31,2009-03-09,-10523200.0,2589887.0,-4919992.0,-1.64,756703.0,0.2921760679,2202769.0,11227.0,1750576.0,853537.0,2191542.0,505009.0,-11382368.0,4765082.600000001,0.0017446282016576999,2.0509667419221427,0.298519726762089,58.570410617261956,-14.712960733974585,0.0017446282016576999,-937.311837534515,1.987787729734927,-0.4892186407176525,458.5504230872005,0.0,3.6300026336164306,0.0,1.1757415325892093,1.445059792369868,-4.777259894251281,-1.0314409491713143,0.29217606791338774,-0.10810810810810806,-15.031897326528073,0.0,-0.9725223679900205,-0.5399366480623549,-0.4121912341401579,-0.3881076225289105,-7.875579146090014,0.0,-0.9974702513458596,Beverages—Non-Alcoholic,Consumer Defensive,143.055,10985079006,1281508,CELH
2007,2007-12-31,2008-03-03,-7451682.0,1644780.0,-3544388.0,-1.48,1644780.0,1.0,2533130.0,-1604752.0,1158093.0,2808732.0,4137882.0,578774.0,-6120768.0,17917610.200000003,-0.3187553866564066,0.4123187972366178,0.8151626643717457,-1.2867489805278323,-15.404990861893989,-0.3187553866564066,4.643510025225082,9.7947319398339,-2.161952053241134,-10.039046033281156,0.0,0.0,0.0,0.649307378618547,0.19024919429835244,-2.941689530343883,-6.106156954156955,1.0,-7.222222222222222,-13.511150710212808,0.0,-6.020349440311256,0.0,-286.4877314814815,-272.48672839506173,-13.511150710212808,0.0,-6.020349440311256,Beverages—Non-Alcoholic,Consumer Defensive,143.055,10985079006,1281508,CELH
TTM,,,,,,,,,,,,,,,,10390769006.0,11.810193940500568,5.179710114691938,0.0009022875232826552,0.0012876536542970195,-0.1832407585527738,11.810193940500568,-0.21111077323705765,14.080618499377048,-71.81410828630169,12.112840883113957,-0.08977045058729556,2.9126393570132225,0.0,0.6037092838885961,4.021754437206294,-0.11819037957208665,145.59222549734264,0.4240100697809156,,,,,,,,,,,Beverages—Non-Alcoholic,Consumer Defensive,143.055,10985079006,1281508,CELH
