Quarters,Year,Quarter,FillingDate,Date,NetIncome,Revenue,OperatingIncome,EPSDiluted,GrossProfit,GrossProfitRatio,TotalAssets,CommonStockEquity,CurrentAssets,CurrentLiability,TotalLiability,Inventory,RetainedEarnings,MarketCap,EnterpriseValue,bookValuePerShare,currentRatio,debtToAssets,debtToEquity,roic,shareholdersEquityPerShare,roe,priceToSalesRatio,peRatio,pbRatio,payoutRatio,inventoryTurnover,dividendYield,assetTurnover,quickRatio,returnOnAssets,priceToFreeCashFlowsRatio,grossProfitMargin,epsdilutedGrowth,fiveYNetIncomeGrowthPerShare,fiveYRevenueGrowthPerShare,fiveYShareholdersEquityGrowthPerShare,grossProfitGrowth,netIncomeGrowth,operatingIncomeGrowth,threeYNetIncomeGrowthPerShare,threeYRevenueGrowthPerShare,threeYShareholdersEquityGrowthPerShare,Industry,Sector,Symbol
2023Q1,2023,Q1,2023-05-09,2023-03-31,-17610000.0,1036000.0,-19834000.0,-0.4,1286000.0,1.2413127413,161425000.0,112340000.0,80511000.0,12866000.0,49085000.0,3502000.0,-192008000.0,52003749.32,58493749.32,2.5490700523206047,6.257655837090005,0.23596097258788912,0.33905999643938045,-0.0989600697831401,2.5490700523206047,-0.156756275591953,50.19666922779923,-0.7382701493469619,0.4629139159693786,0.0,-0.0713877784123358,0.0,0.006417841102679263,5.976760453909529,-0.10909090909090909,-2.2797663109903117,1.2413127413127414,-1.857142857142857,0.0,0.0,759.8095596180802,20.796610169491526,-1.823925593329057,0.009092725819344524,0.0,0.0,759.8095596180802,Biotechnology,Healthcare,SNTI
2022Q4,2022,Q4,2023-03-22,2022-12-31,-6236000.0,59000.0,-20016000.0,-0.14,59000.0,1.0,180792000.0,127263000.0,102579000.0,18053000.0,53529000.0,3289000.0,-173286000.0,61791285.87,41261285.87,2.903982778049283,5.682102697612585,0.205158414089119,0.29145156094072905,-0.0340264750276452,2.903982778049283,-0.0490008879250057,1047.30993,-2.477200363614496,0.4855400695410292,0.0,0.0,0.0,0.00032634187353422717,5.494322273306375,-0.034492676667109166,-3.523079187524944,1.0,0.6216216216216216,0.0,0.0,10.640823729568364,-0.764,0.6149428836060512,-0.17155399473222124,0.0,0.0,10.640823729568364,Biotechnology,Healthcare,SNTI
2022Q3,2022,Q3,2022-11-10,2022-09-30,-16195000.0,250000.0,-17085000.0,-0.37,250000.0,1.0,189441000.0,140343000.0,119761000.0,15837000.0,49098000.0,3919000.0,-155076000.0,94230453.24,13385453.239999995,3.2319096377934393,7.562101408094968,0.17997687934502035,0.24294051003612577,-0.07973845606755102,3.2319096377934393,-0.11539585159217061,376.92181295999995,-1.4546226187094782,0.671429663324854,0.0,0.0,0.0,0.0013196720878796036,7.311106901559639,-0.08548835785284073,-3.8719009425976907,1.0,-2.733602421796166,-36.67528704714981,0.0,-0.5738826475483801,-0.7743682310469314,-11.149287321830458,0.21524045748932066,-36.67528704714981,0.0,-0.5738826475483801,Biotechnology,Healthcare,SNTI
2022Q2,2022,Q2,2022-08-15,2022-06-30,-1333000.0,1108000.0,-21771000.0,-0.0991,1108000.0,1.0,202362000.0,154266000.0,143919000.0,17798000.0,48096000.0,3518000.0,-138436000.0,26422612.23,-82502387.77,11.47247241723609,8.086245645578154,0.15257311155256423,0.20014131435313032,-0.011629617396120858,11.47247241723609,-0.008640918932233933,23.84712295126354,-4.955478662790698,0.17127955758235774,0.0,0.0,0.0,0.005475336278550321,7.887009776379369,-0.006587205107678319,-1.5583964747861987,1.0,0.6329629629629631,-2.420448236603013,0.0,-0.6354818353009818,0.297423887587822,0.8868885596900017,-0.8515904065317231,-2.420448236603013,0.0,-0.6354818353009818,Biotechnology,Healthcare,SNTI
2022Q1,2022,Q1,2022-05-16,2022-03-31,-11784838.0,854000.0,-11758000.0,-0.27,854000.0,1.0,230915862.0,219814633.0,827152.0,4051229.0,11101229.0,0.0,-10186014.0,430895349.98999995,430498656.98999995,5.035028639228412,0.20417310401362154,0.0,0.0,-0.053385600027703914,5.035028639228412,-0.053612618228195935,504.5612997540983,-9.140884032304898,1.960266903568699,0.0,0.0,0.0,0.0036983167488078405,0.09791917465045792,-0.05103520346298255,-24.708718962669874,1.0,0.0,0.0,0.0,1501.782521880254,0.0,0.0,0.0,0.0,0.0,1501.782521880254,Biotechnology,Healthcare,SNTI
2021Q4,2021,Q4,2022-03-07,2021-12-31,0.0,0.0,0.0,0.0,0.0,0.0,231456663.0,-8875518.0,1297365.0,3282181.0,10332181.0,0.0,-8876165.0,290529830.0,289640507.0,-0.30121728801479697,0.3952752757998416,0.0,0.0,,-0.30121728801479697,0.0,0.0,0.0,-32.73384494290924,0.0,0.0,1.3403098745488545e-05,0.0,0.2709548924937412,0.0,346.09380621213313,0.0,1.0,0.0,0.0,0.0,0.0,1.0,1.0,0.0,0.0,0.0,Biotechnology,Healthcare,SNTI
2021Q3,2021,Q3,2021-11-10,2021-09-30,-291680.0,0.0,-294640.0,-0.01,0.0,0.0,231661492.0,223482646.0,1657567.0,128846.0,8178846.0,0.0,-6518001.0,292887070.0,291902526.0,7.584552985695135,12.864714465330705,0.0,0.0,-0.001318402145641322,7.584552985695135,-0.0013051572693478849,0.0,-251.03458413329676,1.3105584493571818,-0.013456527701590785,0.0,1.340106956582276e-05,0.0,7.6412461388013595,-0.001259078483358814,-279.73237531828244,0.0,0.6666666666666666,0.0,0.0,0.0,0.0,-0.4154688303747343,-0.42316851099593783,0.0,0.0,0.0,Biotechnology,Healthcare,SNTI
2021Q2,2021,Q2,2021-08-06,2021-06-30,-206066.0,0.0,-207031.0,-0.03,0.0,0.0,231885351.0,223774326.0,1884386.0,61025.0,8111025.0,0.0,-207244.0,70673857.24,69576962.24,31.472978655834293,30.87891847603441,0.0,0.0,-0.0009251776273923399,31.472978655834293,-0.0009208652470703901,0.0,-85.74177355798628,0.3158264779669139,-0.004682965651781468,0.0,1.3654271008910337e-05,0.0,17.974518639901678,-0.000888654669694939,-75.61329578730574,0.0,0.0,0.0,0.0,0.0,0.0,0.0,0.0,0.0,0.0,0.0,Biotechnology,Healthcare,SNTI
2021Q1,2021,Q1,2021-07-02,2021-03-31,0.0,0.0,0.0,0.0,0.0,0.0,373657.0,23822.0,0.0,349835.0,349835.0,0.0,-1178.0,70958259.08,70958259.08,0.00335047058767271,0.0,0.0,0.0,,0.00335047058767271,0.0,0.0,0.0,2978.6860498698684,0.0,0.0,,0.0,0.0,0.0,0.0,0.0,0.0,0.0,0.0,0.0,0.0,0.0,0.0,0.0,0.0,0.0,Biotechnology,Healthcare,SNTI
