Quarters,Year,Quarter,FillingDate,Date,NetIncome,Revenue,OperatingIncome,EPSDiluted,GrossProfit,GrossProfitRatio,TotalAssets,CommonStockEquity,CurrentAssets,CurrentLiability,TotalLiability,Inventory,RetainedEarnings,MarketCap,EnterpriseValue,bookValuePerShare,currentRatio,debtToAssets,debtToEquity,roic,shareholdersEquityPerShare,roe,priceToSalesRatio,peRatio,pbRatio,payoutRatio,inventoryTurnover,dividendYield,assetTurnover,quickRatio,returnOnAssets,priceToFreeCashFlowsRatio,grossProfitMargin,epsdilutedGrowth,fiveYNetIncomeGrowthPerShare,fiveYRevenueGrowthPerShare,fiveYShareholdersEquityGrowthPerShare,grossProfitGrowth,netIncomeGrowth,operatingIncomeGrowth,threeYNetIncomeGrowthPerShare,threeYRevenueGrowthPerShare,threeYShareholdersEquityGrowthPerShare,Industry,Sector,Symbol
2023Q1,2023,Q1,2023-05-04,2023-03-31,-21967000.0,273059000.0,95808000.0,-0.27,185288000.0,0.6785639734,8269294000.0,2925226000.0,566454000.0,314879000.0,5086700000.0,0.0,-1068892000.0,8019165030.0,12454221030.0,36.051145536781654,1.7989576948605654,0.6458829496206084,1.8258404649760394,-0.004334102571945485,36.051145536781654,-0.007509505248483365,29.36788397379321,-91.2637709974052,2.7413830692055927,-4.071152182819684,0.0,0.011152158568309199,0.03302083587788752,0.9826123685606217,-0.002656454105997441,120.60708422319146,0.6785639733537441,-1.28125,-1.3222573916779392,0.08845357091509917,0.1672931464043852,0.006496751624187906,-1.280592172491314,0.038974559177565225,-1.3725495581443035,0.09521432391408295,0.08581060987874034,REIT—Retail,Real Estate,FRT
2022Q4,2022,Q4,2023-02-08,2022-12-31,78288000.0,280057000.0,92214000.0,0.96,184092000.0,0.6573376134,8233991000.0,2954012000.0,292662000.0,309111000.0,5021606000.0,-267406000.0,-1034186000.0,8180804640.000001,12570042640.0,36.484598473433294,0.946786105961936,0.6341124249467847,1.7675202402698431,0.007372006714280193,36.484598473433294,0.02650226200841432,29.21121286023917,26.124069589209075,2.76938774791707,1.1403407929695484,-0.35887377246583846,0.010912740730109892,0.0340123033896928,1.4165364545422194,0.009507904490058344,-322.84154064719814,0.6573376134144121,-0.49206349206349204,0.3841701278602255,0.11997146609920367,0.1671918009221378,0.012390081335687064,-0.4985973946124582,-0.01624758633197137,-0.5058583621902979,0.08917832907825092,0.08366988426483626,REIT—Retail,Real Estate,FRT
2022Q3,2022,Q3,2022-11-03,2022-09-30,156138000.0,273451000.0,93737000.0,1.89,181839000.0,0.6649783691,8217007000.0,2900943000.0,609041000.0,630773000.0,5049368000.0,0.0,-1060027000.0,7278541800.0,11575122800.0,35.91831857859221,0.9655470351457656,0.5406828788146341,1.5315002742211756,0.012307778754259419,35.91831857859221,0.05382318783926468,26.61735301754245,11.654020481881414,2.5090261339157647,0.5543749759827845,0.0,0.011892354592234394,0.033278662169814385,0.738237051998104,0.019001809296255924,122.46221586607219,0.66497836906795,1.5199999999999998,0.3052351166579286,0.11988780933295981,0.17222337117445236,0.0009578069523573611,1.5315844088462287,0.0014636752136752136,1.209854067470571,0.08299434933613352,0.08822589803152671,REIT—Retail,Real Estate,FRT
2022Q2,2022,Q2,2022-08-04,2022-06-30,61676000.0,264099000.0,93600000.0,0.75,181665000.0,0.6878670499,7810441000.0,2795883000.0,600036000.0,341289000.0,4724702000.0,0.0,-1126463000.0,7582799480.0,11580436480.0,35.30066159945456,1.758146321739054,0.5914546950677945,1.6522586960899295,0.011846111658080829,35.30066159945456,0.022059578315687747,28.711958318660805,30.736426973214865,2.712130471840202,1.390589532395097,0.0,0.011310598444045894,0.03381358363759485,1.1337693274614769,0.007896609167139218,158.22881455668468,0.6878670498563039,0.1363636363636363,-0.2650711908820204,0.15399387535359488,0.2757102159503382,0.06861764705882353,0.18644198214835334,0.08857461853368069,-0.28085416672478775,0.08099031701461157,0.09565286734693346,REIT—Retail,Real Estate,FRT
2022Q1,2022,Q1,2022-05-05,2022-03-31,51984000.0,256771000.0,85984000.0,0.66,170000000.0,0.6620685358,7668375000.0,2633758000.0,596523000.0,346463000.0,4739755000.0,0.0,-1101154000.0,9575903220.0,13609571220.0,33.57415292048033,1.7217509517610827,0.6047561575953184,1.7607908547406406,0.011013654933311056,33.57415292048033,0.019737576497157294,37.29355425651651,46.05216614727608,3.635832608766637,1.6482763927362265,0.0,0.00894787656385692,0.03348440836552725,1.0509780265136537,0.0067790111985916186,530.5209540166205,0.6620685357770153,-0.547945205479452,-0.15250107061653392,0.13419767139509425,0.217497864033138,0.01624193731580615,-0.5477135101273752,-0.417018102922232,-0.18245722033176004,0.045842683032195464,0.04314796035255655,REIT—Retail,Real Estate,FRT
2021Q4,2021,Q4,2022-02-10,2021-12-31,114936000.0,254154000.0,147490000.0,1.46,167283000.0,0.6581954248,7622320000.0,2580602000.0,577751000.0,347037000.0,4745464000.0,0.0,-1066932000.0,10569707520.0,14599815520.0,33.282630004127114,1.6648109567567724,0.5499952770285162,1.6245201700998448,0.020991339849836088,33.282630004127114,0.04453844490549105,41.58780707759862,22.990419711839632,4.095830166759539,0.7378628106076425,0.0,0.008023590041590858,0.03334339151334502,0.9816878315568657,0.015078873623778587,-2878.4606535947714,0.6581954248211714,1.1791044776119401,0.8294921741151493,0.15030822933503885,0.2060142780717562,-0.006851226274512132,1.2051341084378957,0.7235576642165169,1.006771464968234,0.02761134186951718,0.04690510684620033,REIT—Retail,Real Estate,FRT
2021Q3,2021,Q3,2021-11-04,2021-09-30,52122000.0,247284000.0,85573000.0,0.67,168437000.0,0.6811479918,7634442000.0,2461163000.0,589274000.0,354885000.0,4875310000.0,0.0,-1095741000.0,9142455150.0,13274860150.0,31.763089630251017,1.6604646575651267,0.5645463021396979,1.751202988180791,0.011823041146848354,31.763089630251017,0.021177792775204242,36.97147874508662,43.851229567169334,3.714689010845685,1.611641917040789,0.0,0.009188122733093199,0.03239057942938069,0.977646279780774,0.006827218020649053,1855.2059963474026,0.6811479917827276,0.11666666666666678,-0.18655910531449652,0.13148415034242744,0.14833642860250326,0.056799929729458416,0.12808414855856637,0.08508426004590239,-0.21074627787679284,0.01956108029356127,0.008495555511521107,REIT—Retail,Real Estate,FRT
2021Q2,2021,Q2,2021-08-04,2021-06-30,46204000.0,231625000.0,78863000.0,0.6,159384000.0,0.6881122504,7678876000.0,2490089000.0,698089000.0,361354000.0,4890414000.0,0.0,-1062641000.0,9077628580.0,13092463580.0,32.14096341998606,1.9318701328890784,0.5624655222977947,1.7345175212612882,0.010900800736247869,32.14096341998606,0.018555160076607704,39.191057010253644,49.11711421089083,3.6455036667364102,1.816595965717254,0.0,0.009246247437896385,0.03016391982368253,1.2926244070911073,0.006017026450225268,-5020.812267699115,0.6881122504047491,-0.04761904761904766,-0.24524113040431988,0.06910606800813615,0.1828443397179935,0.14251306423517773,-0.04212621278712995,-0.047536806000072464,-0.3155149171191708,-0.029714594122161268,0.03577347608805441,REIT—Retail,Real Estate,FRT
2021Q1,2021,Q1,2021-05-05,2021-03-31,48236000.0,218161000.0,82799000.0,0.63,139503000.0,0.6394497642,7669601000.0,2520978000.0,1208460000.0,360254000.0,4926459000.0,0.0,-1024417000.0,7795620900.0,11425697900.0,32.807292886702584,3.3544665708083743,0.5749944488637675,1.749312370040516,0.011363816713402159,32.807292886702584,0.019133844087493027,35.73333868106582,40.40354144207646,3.092300250141017,1.7189028941039888,0.0,0.010635843002575971,0.02844489563407536,2.723159215442438,0.00628924503373774,248.34727301688434,0.6394497641649974,-0.5,-0.43087097904888727,-0.001301641769694486,0.23399358365699463,-0.018241317428480945,-0.49077856954341514,-0.45454844893576374,-0.2527857942691863,-0.08172613386606825,0.06226106184774476,REIT—Retail,Real Estate,FRT
2020Q4,2020,Q4,2021-02-11,2020-12-31,94725000.0,219513000.0,151799000.0,1.26,142095000.0,0.6473192932,7607624000.0,2464157000.0,1216954000.0,332868000.0,4921157000.0,0.0,-988272000.0,6418388480.0,10055924480.0,32.67939366611851,3.6559657281565063,0.5830815245338098,1.8001551849171948,0.019970317700534767,32.67939366611851,0.038441138287860714,29.239218087311457,16.93953148588018,2.6046994895211633,0.8629506466086039,0.0,0.012735751389108811,0.02885434401069243,2.9981884711056637,0.012451325144355188,-125.2784041535729,0.6473192931625917,4.315789473684211,0.28982310089076635,0.05510160064761693,0.37044348364972984,0.04600831830394935,4.348474672134045,1.4923488654648147,0.7983208820250725,-0.05739645145098665,0.04545813691699916,REIT—Retail,Real Estate,FRT
2020Q3,2020,Q3,2020-11-05,2020-09-30,-28289000.0,208197000.0,60906000.0,-0.38,135845000.0,0.6524829849,7711293000.0,2327859000.0,1297103000.0,778777000.0,5133488000.0,0.0,-999664000.0,5537669760.0,9280212760.0,30.871823775927005,1.6655640831714342,0.597282712510081,1.978565712098542,0.007239199219962306,30.871823775927005,-0.012152368335023728,26.59822072364155,-48.93836614938669,2.3788682046464156,-2.862561419633073,0.0,0.014623298880141238,0.026998974102008574,1.3714657726152673,-0.0036685157729060484,-297.93241297681175,0.6524829848652959,-3.714285714285714,-1.4936162102670076,0.028499372346620585,0.2789433605740389,0.24387653258371408,-3.692395545826592,0.2611243399937882,-1.2532949585747415,-0.08673191490252828,0.0075269325800146536,REIT—Retail,Real Estate,FRT
2020Q2,2020,Q2,2020-08-05,2020-06-30,10507000.0,176227000.0,48295000.0,0.14,109211000.0,0.6197177504,7789930000.0,2434284000.0,1384305000.0,745319000.0,5099246000.0,0.0,-889195000.0,6424322740.0,10051838740.0,32.28750298432236,1.8573322295553985,0.5914757898979837,1.8927762742555923,0.00650156524095036,32.28750298432236,0.00431625890816355,36.45481532341809,152.85815979822976,2.6391015756583864,7.706862091938707,0.0,0.012604597134545578,0.022622411241179318,1.5805473897753848,0.001348792607892497,-109.68248890254729,0.6197177504014708,-0.8082191780821918,-0.7811110210208843,-0.11724653281254292,0.3528569008387252,-0.30958206105663766,-0.808136880740646,-0.43674045391989924,-0.8684753460766019,-0.19107443968397733,0.16681941749396273,REIT—Retail,Real Estate,FRT
2020Q1,2020,Q1,2020-05-06,2020-03-31,54763000.0,231557000.0,85742000.0,0.73,158181000.0,0.6831190592,7759914000.0,2502107000.0,1394955000.0,1339808000.0,5000772000.0,0.0,-818284000.0,5622609600.0,9128475600.0,33.2020567940552,1.0411603752179417,0.579974726524031,1.7987056508774404,0.011637317212221707,33.2020567940552,0.021886753843860393,24.281751793294955,25.667921771999342,2.247149942028858,1.47723828132133,0.0,0.01438798098306523,0.02984015029032538,0.8794267536841099,0.007057165839724513,-1555.3553526970954,0.6831190592381141,-0.6275510204081632,0.07569429638470054,0.1368069869386172,0.4262392763970434,-0.026314817550598314,-0.6283600827932544,-0.5134405093604054,-0.07063436526208274,0.0647082198648634,0.20400456041322004,REIT—Retail,Real Estate,FRT
2019Q4,2019,Q4,2020-02-10,2019-12-31,147355000.0,239149000.0,176221000.0,1.96,162456000.0,0.6793087155,6794992000.0,2535341000.0,537493000.0,358880000.0,4019102000.0,0.0,-791124000.0,9694012650.0,13068864650.0,33.66763163136578,1.4976956085599644,0.5154213573761381,1.3813857780866559,0.0281912290553627,33.66763163136578,0.05812038696175386,40.535451329505875,16.446697855518984,3.823553774423243,0.5474127108004478,0.0,0.008321012455043578,0.035194890590011,0.8650050156041017,0.0216858239126698,-796.2228049281314,0.6793087154869977,1.2528735632183907,2.804699574101024,0.23099327517961438,0.4346716558847916,0.07992262336056584,1.2508974261055525,0.8743325746133719,1.4150100015929956,0.1144624143814804,0.21996502233304546,REIT—Retail,Real Estate,FRT
2019Q3,2019,Q3,2019-10-30,2019-09-30,65465000.0,233947000.0,94018000.0,0.87,150433000.0,0.64302171,6607565000.0,2469928000.0,576304000.0,323612000.0,3912162000.0,0.0,-857152000.0,10187628479.999998,13448093479.999998,33.00630746204832,1.7808486706302609,0.5180437876888082,1.3858735963153581,0.015187679552686708,33.00630746204832,0.026504821193168385,43.546736995986265,38.904867028183,4.12466617650393,1.1917818681738332,0.0,0.007658308324961611,0.03540593244258664,1.0408359393347588,0.009907583201981365,-1295.4766632756864,0.6430217100454376,-0.1944444444444445,0.25549417915106637,0.2355909596988219,0.4173024503747626,-0.08194750428717022,-0.1908111047934538,-0.142007136403873,0.057899440240144026,0.10840945788491693,0.19328269615896262,REIT—Retail,Real Estate,FRT
2019Q2,2019,Q2,2019-08-01,2019-06-30,80902000.0,230465000.0,109579000.0,1.08,163861000.0,0.7110016705,6383741000.0,2407166000.0,478700000.0,276474000.0,3738385000.0,0.0,-841505000.0,9568493910.0,12766977910.0,32.21883741785231,1.7314467183170932,0.5176254801064141,1.3727291761349238,0.022766690594195428,32.21883741785231,0.03360881634253724,41.518208448137464,29.568162437269784,3.9750037637620337,0.9600380707522682,0.0,0.008117160415269576,0.03610187192744818,0.9953992057119295,0.012673133198856282,214.68462889836212,0.7110016705356562,0.3333333333333333,0.6688297248473234,0.23260462450863376,0.4134274433143927,0.02234215123533816,0.3451383346634743,0.20293546156126158,0.3704011431496623,0.10306256481230398,0.18571024066762193,REIT—Retail,Real Estate,FRT
2019Q1,2019,Q1,2019-05-02,2019-03-31,60144000.0,232227000.0,91093000.0,0.81,160280000.0,0.6901867569,6351366000.0,2388158000.0,433060000.0,273957000.0,3715095000.0,0.0,-843947000.0,10182466000.0,13443150000.0,32.18541778975741,1.5807590242264298,0.5201537747942726,1.3833619886121438,0.015182080490866563,32.18541778975741,0.025184263352759743,43.847037596834134,42.325360800744875,4.263732131626132,1.2851822293163075,0.0,0.00759108844556908,0.03656331567099109,0.7709640564030121,0.00946945901086475,370.56794526530314,0.6901867569231829,0.09459459459459468,0.39333358975495025,0.2204550322586102,0.4430751626899828,0.002163392399364738,0.10341790962628654,0.09305478893181982,-0.26510294303335824,0.1009426254916313,0.2106027515601027,REIT—Retail,Real Estate,FRT
2018Q4,2018,Q4,2019-02-13,2018-12-31,54507000.0,235376000.0,83338000.0,0.74,159934000.0,0.6794830399,6289644000.0,2345891000.0,502456000.0,274004000.0,3686106000.0,0.0,-818877000.0,8710171600.0,11875288600.0,31.791448705786692,1.833754251762748,0.5134160216381086,1.376536249979219,0.01465862214295497,31.791448705786692,0.023235094895713397,37.00535143769968,39.94978443135744,3.712948129303536,1.4105160805034216,0.0,0.008826806580940379,0.037422785772930865,0.8640494299353294,0.008666150262240598,167.84221215916756,0.6794830399021141,-0.12941176470588234,0.7123576719114486,0.28422875885239773,0.4481292908775405,0.007407500724372945,-0.12869656958342657,-0.07752761727657125,-0.24157141859828868,0.15609384573954957,0.3332066120859837,REIT—Retail,Real Estate,FRT
2018Q3,2018,Q3,2018-10-31,2018-09-30,62558000.0,229753000.0,90342000.0,0.85,158758000.0,0.6909942416,6285664000.0,2311771000.0,515784000.0,306690000.0,3710777000.0,0.0,-795649000.0,9183808000.0,12398570000.0,31.49551771117166,1.681776386579282,0.5181050084764315,1.408718251072446,0.01641259674799734,31.49551771117166,0.027060638791645022,39.97252701814558,36.70117331116724,3.9726287768122366,1.1942197640589534,0.0,0.008134751946033714,0.03655190605161205,0.7294140663210408,0.009952488710818778,478.3980830338074,0.6909942416421113,-0.022988505747126457,-0.10096416291274848,0.28929973385995916,0.46526570616352114,0.013198034335311762,-0.016306313389417407,0.004961288600160185,0.12138049627783058,0.16597457246689687,0.30478145887691427,REIT—Retail,Real Estate,FRT
2018Q2,2018,Q2,2018-08-01,2018-06-30,63595000.0,224902000.0,89896000.0,0.87,156690000.0,0.6967034531,6302703000.0,2264944000.0,505153000.0,360609000.0,3773694000.0,0.0,-780973000.0,9236884500.0,12501252500.0,31.030880942594877,1.4008330352265195,0.5268349151149911,1.466033597298653,0.01641625558724558,31.030880942594877,0.02807795689429849,41.070708575290574,36.31136292161333,4.078195531545151,1.1742747071310637,0.0,0.00808476061381952,0.035683420272222884,0.6555743201084832,0.010090115304497134,217.48686162322525,0.6967034530595548,0.03571428571428575,0.5121144466894676,0.270943739972163,0.48571000621665894,0.029608894496136257,0.03833657158717978,0.04354286377619131,0.3684897738929029,0.16368040954254337,0.3002040276288475,REIT—Retail,Real Estate,FRT
2018Q1,2018,Q1,2018-05-02,2018-03-31,61247000.0,225405000.0,86145000.0,0.84,152184000.0,0.6751580488,6293625000.0,2251627000.0,470265000.0,377100000.0,3778974000.0,0.0,-769311000.0,8464999550.0,11736006550.0,30.884397503600574,1.2470564836913285,0.52996706985243,1.4813350523865632,0.01564052309034518,30.884397503600574,0.027201219384915886,37.55462190279719,34.55271094910771,3.759503483481056,1.2233252240926087,0.0,0.00885115227206362,0.03581481260799619,0.6310898965791567,0.009731593477526862,242.7796928327645,0.6751580488454116,0.20000000000000004,0.5712765686515193,0.2678910466973535,0.5251088645290902,0.015785714762480058,0.20907691092861655,0.035932032180093075,0.24356941117730038,0.14386807934676593,0.32668108547362007,REIT—Retail,Real Estate,FRT
2017Q4,2017,Q4,2018-02-13,2017-12-31,50656000.0,223957000.0,83157000.0,0.7,149819000.0,0.6689632385,6275755000.0,2266706000.0,493297000.0,329930000.0,3743084000.0,0.0,-749367000.0,9630717150.0,12900295150.0,31.258443080741916,1.4951565483587428,0.523405709751257,1.4491363238108514,0.016717261384687276,31.258443080741916,0.022347847493234676,43.00252794063146,47.52999225165824,4.2487720727787375,1.4243130132659507,0.0,0.007491653931503949,0.0356860648639088,0.7743885066529264,0.008071698146278814,-887.1331199336772,0.6689632384788151,-0.5270270270270271,-0.40052035474529823,0.2777638472218137,0.5714581460068417,0.004074766605679206,-0.5255907171019977,-0.01585855119116655,0.35825823797145695,0.19714764094528678,0.3320094144444956,REIT—Retail,Real Estate,FRT
2017Q3,2017,Q3,2017-11-02,2017-09-30,106777000.0,217953000.0,84497000.0,1.48,149211000.0,0.6846017261,6221137000.0,2208954000.0,497447000.0,338105000.0,3735531000.0,0.0,-724919000.0,8954423110.0,12195035110.0,30.64118960757931,1.4712796320669614,0.5245764560401097,1.4773788861153287,0.02800714356679406,30.64118960757931,0.04833826326849722,41.08419296820874,20.96524324058552,4.053693789006018,0.6592992872996993,0.0,0.007861812998470205,0.03503427106652691,0.7517102675204448,0.017163582798449865,-320.8090824734881,0.6846017260602056,0.39622641509433953,1.4535197431314708,0.22641091576759587,0.5232349780574016,0.03332433050090375,0.39960152573698077,0.016933445661331085,1.1256391918006678,0.19488578792698105,0.3157434579179917,REIT—Retail,Real Estate,FRT
2017Q2,2017,Q2,2017-08-02,2017-06-30,76291000.0,208049000.0,83090000.0,1.06,144399000.0,0.6940624564,5803503000.0,1992367000.0,506429000.0,278791000.0,3564781000.0,0.0,-759058000.0,9100206390.0,12146868390.0,27.67137956417272,1.8165184672388994,0.5415673947269434,1.5775145844114062,0.020586437825066164,27.67137956417272,0.038291640044228796,43.74068796293181,29.82070752120171,4.56753519306433,0.9218649644125781,0.0,0.007728396146848269,0.03584886576262647,1.0608341015312546,0.013145681151538992,-1377.3583154230362,0.6940624564405501,0.358974358974359,1.0702207042102385,0.2473774544613508,0.4191239365530929,0.02272823854380622,0.35773269264993773,0.018959089571274405,0.6329907443825786,0.1546280203549553,0.21393229566685987,REIT—Retail,Real Estate,FRT
2017Q1,2017,Q1,2017-05-03,2017-03-31,56190000.0,207389000.0,81544000.0,0.78,141190000.0,0.6807979208,5656200000.0,1981692000.0,392545000.0,497047000.0,3438395000.0,0.0,-764458000.0,9593577000.0,12586834000.0,27.576354679802957,0.789754288829829,0.5327550298787171,1.520604110023152,0.015621120598419053,27.576354679802957,0.02835455762045767,46.25885172309042,42.6836492258409,4.841103965702036,1.2478554903007653,0.0,0.007308744173315125,0.03666578268095188,0.3335519578631397,0.00993423146281956,-666.9616935483871,0.6807979208154724,-0.03703703703703707,0.15344608665235823,0.2509482632672069,0.40823111173111193,0.008168744555360381,-0.03182452573358375,-0.02315607891994202,0.3440840766631558,0.12538052021168203,0.23642180989856482,REIT—Retail,Real Estate,FRT
2016Q4,2016,Q4,2017-02-13,2016-12-31,58037000.0,204109000.0,83477000.0,0.81,140046000.0,0.6861333895,5423279000.0,1976733000.0,378576000.0,289481000.0,3203750000.0,0.0,-749734000.0,10179055080.000002,12954139080.000002,27.597210588038198,1.3077749489603807,0.5160073822497423,1.4156954935239103,0.016736708117397834,27.597210588038198,0.02936006026104689,49.8706822335125,43.84726588210969,5.149433474323543,1.2051622240984199,0.0,0.006871364723964142,0.03763571816976408,0.5873304292855144,0.010701459393846417,-3319.978825831703,0.6861333895124664,-0.012195121951219388,-0.16918714835247034,0.27729690035352156,0.4390084965595449,0.01780575016715602,-0.015938416670905606,0.0374839984588807,0.878286533514873,0.1472473242364022,0.2570779447298224,REIT—Retail,Real Estate,FRT
2016Q3,2016,Q3,2016-11-02,2016-09-30,58977000.0,201157000.0,80461000.0,0.82,137596000.0,0.6840229274,5397337000.0,1972690000.0,470386000.0,271466000.0,3200261000.0,0.0,-737124000.0,10978133670.0,13686416670.0,27.660090578948108,1.7327621138558789,0.5205463360912984,1.424229858720833,0.017379447829497567,27.660090578948108,0.029896739984488187,54.574952251226655,46.53565656951015,5.565057697864337,1.1305085033148516,0.0,0.006073345616313669,0.03726967576788331,0.9257881281633796,0.010927055323764293,-226.30194533198656,0.6840229273651923,0.03797468354430369,0.10401308094236902,0.28704468600323385,0.344431680128661,-7.267124980015407e-05,0.054271464578752614,0.004068135022150122,-0.12769644926986,0.16176601243476582,0.2868301618783465,REIT—Retail,Real Estate,FRT
2016Q2,2016,Q2,2016-08-04,2016-06-30,55941000.0,197981000.0,80135000.0,0.79,137606000.0,0.6950464944,5188468000.0,1923739000.0,371821000.0,350781000.0,3039380000.0,0.0,-725665000.0,11720443350.0,14366774350.0,27.172606183877846,1.0599804436386235,0.5136300349158942,1.3852986293878744,0.016842986753581608,27.172606183877846,0.029079308575643576,59.19983912597674,52.37859240092241,6.09253300473713,1.1832466348474286,0.0,0.005647567930952032,0.03815789169365601,0.49794886268070393,0.010781795319928735,12033.309394250513,0.69504649436057,-0.28181818181818186,0.41436405817480715,0.27663822913301495,0.3715435057167584,0.036728420640242294,-0.2730686764992528,0.04176958477418684,0.37132510005744407,0.15346661990642044,0.3009818502109239,REIT—Retail,Real Estate,FRT
2016Q1,2016,Q1,2016-05-04,2016-03-31,76955000.0,198344000.0,76922000.0,1.1,132731000.0,0.6691959424,5125457000.0,1854951000.0,373235000.0,248845000.0,3030284000.0,0.0,-714452000.0,10887764550.0,13527370550.0,26.586275099969903,1.499869396612349,0.5188458316985197,1.4336346350927869,0.024201131175268193,26.586275099969903,0.04148627106592034,54.89333960190376,35.3705560067572,5.869569896994584,0.8431420960301474,0.0,0.005959350030213502,0.03869781757997384,0.7035825513874099,0.015014270922573344,334.2163044479234,0.6691959424030977,0.13402061855670117,1.1740648705164827,0.2618978691506197,0.3728687422466179,0.01743882995032808,0.13245725049298054,0.013278183207313539,1.0629420219448533,0.16578865249209573,0.31286238706926583,REIT—Retail,Real Estate,FRT
2015Q4,2015,Q4,2016-02-09,2015-12-31,67954000.0,192507000.0,75914000.0,0.97,130456000.0,0.677668864,4911709000.0,1663749000.0,363269000.0,281809000.0,2992462000.0,0.0,-724701000.0,10193543100.0,12814863100.0,23.845852861504063,1.289061030698097,0.5379728318595421,1.5881999027497538,0.02215968588499068,23.845852861504063,0.04084390133367473,52.951545138618336,37.50163014686405,6.126851526281909,0.955072549077317,0.0,0.006366873555476505,0.039193486421935826,0.6141251698845672,0.013835103016078518,482.3519187999811,0.6776688639893614,0.2763157894736842,-0.08779023327627615,0.22632046446734566,0.27481853560431496,0.01121627173297987,0.2956699143897649,-3.9516840760304014e-05,-0.16418246528070812,0.1415248880862754,0.1988044200057358,REIT—Retail,Real Estate,FRT
2015Q3,2015,Q3,2015-11-04,2015-09-30,52447000.0,185252000.0,75917000.0,0.76,129009000.0,0.6963973398,4783803000.0,1665704000.0,354884000.0,236931000.0,2885056000.0,0.0,-727203000.0,9415868700.0,11935829700.0,24.138538677796134,1.4978369229860171,0.529458466412601,1.520573283128335,0.017093114153129304,24.138538677796134,0.03148638653686369,50.82735247122838,44.88278023528514,5.652786269349176,1.1381394550689268,0.0,0.006339510660338755,0.038724838794574105,0.7022339837336609,0.010963453135507461,334.10931445603575,0.6963973398397858,0.20634920634920637,0.5696884114753384,0.22580597037909675,0.2787933884334436,0.0065381404529885855,0.20203061972863953,-0.0037269852101678457,0.259002781457751,0.08900596218180003,0.19997516102036553,REIT—Retail,Real Estate,FRT
2015Q2,2015,Q2,2015-08-05,2015-06-30,43632000.0,181461000.0,76201000.0,0.63,128171000.0,0.7063280815,4733838000.0,1635572000.0,344755000.0,320337000.0,2871912000.0,0.0,-714239000.0,8778135790.0,11295465790.0,23.866162758459676,1.076225974520583,0.5364579438502121,1.5526708698852756,0.02291629864173612,23.866162758459676,0.026676905694154707,48.37477909853908,50.29643260680235,5.367012757616296,1.3611798679867986,0.0,0.00676578734036649,0.03833274395955248,0.5590050478090262,0.009217045450224533,772.3832635283766,0.7063280815161385,-0.05970149253731348,0.2516807836531539,0.2102021166810023,0.2551343111981932,0.042388113110874356,-0.055298142294201706,0.05655694517622917,0.24394139410867183,0.1430547075511498,0.22397377281665307,REIT—Retail,Real Estate,FRT
2015Q1,2015,Q1,2015-05-07,2015-03-31,46186000.0,184792000.0,72122000.0,0.67,122959000.0,0.6653913589,4780750000.0,1591569000.0,490251000.0,224448000.0,2969679000.0,0.0,-697692000.0,10064453280.0,12529749280.0,23.279443599344724,2.184252031650984,0.5515312450975265,1.6566878344576956,0.016070946190908295,23.279443599344724,0.0290191628512493,54.463685008009,54.47783570779024,6.323604744751877,1.2845884034122894,0.0,0.00589500476075537,0.03865334936986874,1.4405519318505846,0.009660827276055012,605.4899097581518,0.6653913589332872,0.3137254901960785,0.4123433198330956,0.1924429606489332,0.21638366284193605,-0.0014293255370122224,0.31352027757237927,0.007149839407903924,-0.0034592931649552257,0.17161040865258775,0.18880240412621435,REIT—Retail,Real Estate,FRT
2014Q4,2014,Q4,2015-02-10,2014-12-31,35162000.0,176377000.0,71610000.0,0.51,123135000.0,0.6981352444,4546870000.0,1604401000.0,352397000.0,220420000.0,2735261000.0,0.0,-683991000.0,9124393280.0,11486119280.0,23.46713374678212,1.5987523818165321,0.5299639092386631,1.501916914786266,0.0165315607476528,23.46713374678212,0.021915967392191853,51.73233063267887,64.87396393834253,5.68710271309978,1.6752175644161311,0.0,0.006455662112801871,0.03879086052603219,0.8721077942110517,0.007733231871595185,676.5324594053533,0.6981352443912755,-0.27142857142857135,-0.5086272387171714,0.13696770476904327,0.21764943551181445,0.03774777508090615,-0.25306425916091346,0.05897488982875396,-0.4726465763975964,0.15638274891653153,0.22365283055657056,REIT—Retail,Real Estate,FRT
2014Q3,2014,Q3,2014-10-30,2014-09-30,47075000.0,170938000.0,67622000.0,0.7,118656000.0,0.6941464157,4479398000.0,1573322000.0,328281000.0,245139000.0,2706934000.0,0.0,-659334000.0,8003039140.0,10344058140.0,23.28811853343004,1.3391626791330633,0.5279584444159684,1.5031481158974451,0.017780402869199012,23.28811853343004,0.029920766378401877,46.81837356234424,42.501535528412106,5.086714061075863,1.1143069569835369,0.0,0.006554509990813315,0.03816093144659171,0.7336817071131072,0.01050922467706598,-315.427997004572,0.6941464156594789,0.07692307692307682,0.5244067369788931,0.15925153473378817,0.18203322161527832,0.010887900628737924,0.08106556435870937,-0.010810257310454792,-0.06974095161758759,0.1545669636772333,0.1319299276179531,REIT—Retail,Real Estate,FRT
2014Q2,2014,Q2,2014-08-07,2014-06-30,43545000.0,167947000.0,68361000.0,0.65,117378000.0,0.6988990574,4431485000.0,1529761000.0,322549000.0,235748000.0,2702741000.0,0.0,-647006000.0,8114941200.0,10431380200.0,22.79482938459246,1.368194003766734,0.5320453527429293,1.5412544835435078,0.01655516680800218,22.79482938459246,0.02846523084324937,48.3184647537616,46.589397175335854,5.304711781775062,1.197427948099667,0.0,0.006425431646997023,0.03789858252933272,0.8228489743285203,0.009826277196018942,4444.107995618839,0.6988990574407402,0.12068965517241391,0.34528237888415414,0.13123955944316798,0.24017279535257946,0.02069601210455834,0.12365494284313472,0.0775014185738604,0.16144031550605079,0.14246840500559674,0.1505742215080222,REIT—Retail,Real Estate,FRT
2014Q1,2014,Q1,2014-05-08,2014-03-31,38753000.0,170828000.0,63444000.0,0.58,114998000.0,0.6731800407,4405647000.0,1485738000.0,354676000.0,223789000.0,2721011000.0,0.0,-637638000.0,7642072800.0,9958310800.0,22.30335510020266,1.5848678889489654,0.542925250252687,1.609931899163917,0.015354442632290157,22.30335510020266,0.026083333669866423,44.73548130283092,49.29987871906692,5.143620746053476,1.334451526333445,0.0,0.006767012216894872,0.038774781547409494,0.9998480711741864,0.008796210863012856,-1602.4476410148877,0.6731800407427354,0.34883720930232553,2.2650236301504516,0.15008495933705715,0.20455157848599864,0.010962540988650649,0.3618569018836098,-0.0004096423507168741,0.14668438825057037,0.13832719472993676,0.1517062450139763,REIT—Retail,Real Estate,FRT
2013Q4,2013,Q4,2014-02-11,2013-12-31,28456000.0,163846000.0,63470000.0,0.43,113751000.0,0.6942555815,4219294000.0,1448160000.0,373982000.0,221427000.0,2643572000.0,0.0,-623795000.0,6689510650.0,8922445650.0,21.953460168271054,1.6889629539306408,0.5502963291963063,1.603318694066954,0.015881223914713305,21.953460168271054,0.01964976245718705,40.82803760848602,58.77065162004498,4.619317375151916,1.7981093618217598,0.0,0.007648840502257067,0.03883256298328583,1.0338395949906742,0.006744256266569716,-494.74969676799054,0.6942555814606398,-0.5473684210526316,-0.6236790674030981,0.0957831877032883,0.1589460181851792,0.019411211184298966,-0.5417565783117009,-0.02581655206286837,-0.5959687799659431,0.1039633960090375,0.17364969521990578,REIT—Retail,Real Estate,FRT
2013Q3,2013,Q3,2013-10-31,2013-09-30,62098000.0,159030000.0,65152000.0,0.95,111585000.0,0.7016600641,4159476000.0,1407992000.0,403144000.0,225076000.0,2634546000.0,0.0,-600091000.0,6645380800.0,8823747800.0,21.4947484123107,1.791146101761183,0.5544443578950811,1.6379340223523997,0.027130264719285063,21.4947484123107,0.0441039437724078,41.7869634660127,26.753602370446714,4.719757498622151,0.7673838126831782,0.0,0.007170845649657879,0.038233181294951575,1.2009854449163837,0.014929284361780185,1481.6902564102563,0.7016600641388417,0.6666666666666667,-0.25173109290705675,0.07914500215734754,0.12741727779507514,-0.004309883285148303,0.6542262713444684,0.019385727473283994,0.957895222024331,0.10855416681205943,0.13873265165746954,REIT—Retail,Real Estate,FRT
2013Q2,2013,Q2,2013-08-01,2013-06-30,37539000.0,157947000.0,63913000.0,0.57,112068000.0,0.7095291459,4085203000.0,1360717000.0,373767000.0,199986000.0,2607266000.0,0.0,-610569000.0,6676469520.0,8878081520.0,20.886230026554514,1.8689658276079326,0.5654499911020333,1.6976182409714877,0.0189657107076249,20.886230026554514,0.027587661504927183,42.27031548557427,44.46355470310876,4.9065819858207105,1.260342577053198,0.0,0.0070863799884463485,0.038663194950165264,1.2399017931255187,0.00918901704517499,783.071724137931,0.7095291458527228,0.0754716981132074,0.1660866564597145,0.09609470255469774,0.10208467612608081,0.0134013347078292,0.08531860760957558,0.016024163421031714,0.1327927964432476,0.10806517273490553,0.09841804915263384,REIT—Retail,Real Estate,FRT
2013Q1,2013,Q1,2013-05-01,2013-03-31,34588000.0,157752000.0,62905000.0,0.53,110586000.0,0.7010117146,3905932000.0,1310053000.0,295313000.0,187757000.0,2478153000.0,0.0,-600024000.0,7030079640.0,9194700640.0,20.250618314474742,1.572846817961514,0.562194887161374,1.676187909954788,0.016967675539854964,20.250618314474742,0.02640198526319164,44.56412368781378,50.81299612582398,5.366255899570476,1.3554990170001155,0.0,0.006669056739163768,0.04038779989001345,0.8741138812401136,0.008855248888101483,282.7185570658731,0.7010117145899893,-0.547008547008547,0.043626377919456984,0.12188250490942983,0.06544558556997183,0.8585882352941177,-0.5411758463334394,-0.04418579915822102,0.1177834543363335,0.07580019803835213,0.05812328267451133,REIT—Retail,Real Estate,FRT
2012Q4,2012,Q4,2013-02-12,2012-12-31,75384000.0,156364000.0,65813000.0,1.17,59500000.0,0.3805223709,3898565000.0,1286812000.0,299156000.0,181571000.0,2493552000.0,0.0,-586970000.0,6729261840.0,8900875840.0,19.891362146787856,1.647597909357772,0.5665166542048163,1.7163361858608717,0.03689993039177126,19.891362146787856,0.05858198400387935,43.03587680028651,22.316611747851002,5.229405569733574,0.6276796137111323,0.0,0.007031529033205223,0.040108091054016026,0.916980134492843,0.01933634555278673,161.17992431137725,0.3805223708782073,-0.025000000000000022,-0.7208550007193357,0.26083665160778907,0.04453195071711624,-0.5356133805784931,0.9507297381223476,-0.019516410172370127,0.1133173681712249,0.06523455688205412,0.03211181011479585,REIT—Retail,Real Estate,FRT
2012Q3,2012,Q3,2012-11-01,2012-09-30,38644000.0,157805000.0,67123000.0,1.2,128126000.0,0.8119261113,3804339000.0,1287697000.0,285493000.0,181798000.0,2410566000.0,0.0,-577214000.0,6729791820.0,8760526820.0,20.115865279470118,1.5703858128252235,0.5726132713199323,1.6917139668726415,0.03794607398362264,20.115865279470118,0.030010165434881032,42.64625214663667,43.537106795362796,5.226223109939682,1.147966049063244,0.0,0.0065918829566409985,0.041480267662792406,1.5703858128252235,0.010157874994841417,-883.5226230799527,0.8119261113399449,0.17647058823529405,0.42902151552923184,0.06095336806660814,0.2991128883367708,0.0619291527839939,0.18528969726712266,0.08650188575405882,0.3206898837633178,0.12945275166519637,0.021019409865089086,REIT—Retail,Real Estate,FRT
2012Q2,2012,Q2,2012-08-01,2012-06-30,32603000.0,147560000.0,61779000.0,1.02,120654000.0,0.8176606126,3680929000.0,1242081000.0,215262000.0,168119000.0,2332613000.0,0.0,-568541000.0,6630533000.0,8658080000.0,19.498916797488228,1.2804144683230332,0.5733120633405318,1.699020434255093,0.03608475791484198,19.498916797488228,0.026248690705356573,44.93448766603416,50.84296690488606,5.338245251316137,1.356347575376499,0.0,0.006669297928235935,0.04008770611984094,1.2804144683230332,0.008857274889029373,134.1914351055433,0.8176606126321496,0.49999999999999994,0.08347854504215946,0.059992563916456354,0.27503939808056665,0.00395243761389261,-0.24154375843297818,0.020347828959320857,0.06115916473594713,0.04712562215669532,0.06085576439688197,REIT—Retail,Real Estate,FRT
2012Q1,2012,Q1,2012-05-07,2012-03-31,42986000.0,146289000.0,60547000.0,0.68,120179000.0,0.8215176808,3668848000.0,1241731000.0,201129000.0,149266000.0,2320310000.0,0.0,-556783000.0,6137550690.0,8183642690.0,19.582264906719654,1.347453539319068,0.5765499143055258,1.70348811457554,0.023528662647517587,19.582264906719654,0.03461780369500318,41.95497057195004,35.695055890289865,4.942737750768886,1.0232168613036803,0.0,0.007166376657656574,0.03987327902382437,1.347453539319068,0.011716484302429537,189.32539607625392,0.8215176807552174,-0.3061224489795918,0.6115242537361859,0.03578620972678139,0.24227296147839913,0.06308880377188249,-0.3049060509039164,0.05790365698111229,2.8046566042378127,0.034641677702945246,0.05759191824488357,REIT—Retail,Real Estate,FRT
2011Q4,2011,Q4,2012-02-16,2011-12-31,61842000.0,141466000.0,57233000.0,0.98,113047000.0,0.7991107404,3659908000.0,1216092000.0,199925000.0,160948000.0,2333979000.0,0.0,-555541000.0,5754548250.0,7797152250.0,19.17793442778067,1.2421713845465616,0.5766292486040633,1.7354032425178358,0.03376981615797758,19.17793442778067,0.050853060459241574,40.677959721770605,23.263106990394878,4.732000745009423,0.710649720254843,0.0,0.00763708949699049,0.03865288417085894,1.2421713845465616,0.016897146048479906,-98.17870182382748,0.799110740389917,0.30666666666666664,0.09731836343974361,0.018337995422868583,0.3452569687300713,0.01780874951606659,0.31430514526172615,0.008386630723963564,-0.14922050305934173,-0.01578534349539902,0.012423124725276319,REIT—Retail,Real Estate,FRT
2011Q3,2011,Q3,2011-11-03,2011-09-30,47053000.0,137664000.0,56757000.0,0.75,111069000.0,0.8068122385,3254848000.0,1292406000.0,156649000.0,145856000.0,1931721000.0,0.0,-542480000.0,5176831380.0,6885636380.0,20.573816422044636,1.0739976415094339,0.5317836654737794,1.3392656796703204,0.025801669367734394,20.573816422044636,0.03640728996925115,37.6048304567643,27.505320489660594,4.005576715057033,0.8970310075871889,0.0,0.008153249913270306,0.042295062626580414,1.0739976415094339,0.014456281829443342,404.2820288949629,0.8068122384937239,0.33928571428571414,0.5786247082917683,0.017517132303420672,0.171655766928134,-0.0007017733272153095,0.35377046350375463,-0.010063836467017825,-0.40877727281909954,-0.025897080630113936,0.07911363554795245,REIT—Retail,Real Estate,FRT
2011Q2,2011,Q2,2011-08-03,2011-06-30,34757000.0,136279000.0,57334000.0,0.56,111147000.0,0.8155842059,3220668000.0,1232565000.0,150384000.0,140869000.0,1956772000.0,0.0,-545589000.0,5299388520.0,7039832520.0,19.811698331565243,1.0675450241004054,0.5465611481841656,1.428153484806075,0.019263911520127255,19.811698331565243,0.028198918515453544,38.88631792132317,38.11741893719251,4.29947996251719,1.200909169375953,0.0,0.007876380424358845,0.042313892645873465,1.0675450241004054,0.010791860570540025,110.6991251671123,0.8155842059304809,0.09803921568627459,-0.22869962172077166,0.06390892818260553,0.34612620958416895,0.020802336474348378,0.11450650933111012,0.010219543996898898,0.13060275507059793,-0.009657847617713634,0.04538584088612366,REIT—Retail,Real Estate,FRT
2011Q1,2011,Q1,2011-05-05,2011-03-31,31186000.0,138481000.0,56754000.0,0.51,108882000.0,0.7862594869,3217461000.0,1190416000.0,126334000.0,134319000.0,1995792000.0,0.0,-538200000.0,5013574760.0,6807628760.0,19.365489417774235,0.9405519695649908,0.5607076511572323,1.5154828228115214,0.017917748447640047,19.365489417774235,0.02619756454886359,36.20406236234574,40.19090906175849,4.211615737691698,1.3261720002565254,0.0,0.008249203807624082,0.043040459542477746,0.9405519695649908,0.009692735980327345,-1486.8252550415184,0.7862594868610134,-0.5233644859813085,-0.13127714155994175,0.09915696829351578,0.33686415782759244,0.1323121080710074,-0.524835446123842,-0.04149566803465572,-0.009716435136232158,0.036437199575549264,0.01887630748645292,REIT—Retail,Real Estate,FRT
2010Q4,2010,Q4,2011-02-15,2010-12-31,65632000.0,138305000.0,59211000.0,1.07,96159000.0,0.6952677054,3159553000.0,1149833000.0,129607000.0,155926000.0,1978423000.0,0.0,-527582000.0,4790435030.0,5854465030.0,18.705291926274178,0.8312083937252286,0.3417657497753638,0.9391163760302583,0.05311213368854444,18.705291926274178,0.057079593297461456,34.636745092368315,18.247329922903464,4.166200683055713,0.6438779863481229,0.0,0.008821537028548323,0.043773597087942505,0.8312083937252286,0.02077255864991029,948.2254612034837,0.695267705433643,0.10309278350515473,-0.19248692167504186,0.13532083270532014,0.282732677929222,0.04907212445860289,1.2143049932523617,0.054214293344728125,-0.7442317615541973,0.17365440708584093,-0.017750774416450985,REIT—Retail,Real Estate,FRT
2010Q3,2010,Q3,2010-11-03,2010-09-30,29640000.0,134064000.0,56166000.0,0.97,91661000.0,0.683710765,3127159000.0,1155496000.0,189242000.0,165822000.0,1940283000.0,0.0,-519050000.0,4998816900.0,6710831900.0,18.87602711753655,1.1412357829479804,0.5504002194963543,1.4895672507736937,0.038234290030160066,18.87602711753655,0.025651322029673837,37.28679511278195,42.16276062753036,4.326122202067337,1.4147098515519567,0.0,0.008388384859625486,0.042870861379290276,0.5042575774022747,0.009478251665489346,995.1855265777424,0.6837107650077575,-0.03960396039603964,-0.16957708105773342,0.13155203424798406,0.2767736171918175,-0.018082678978885686,-0.047374172398277306,0.0001958863858961802,0.146177833550592,-0.05744908138758695,0.2190422717740566,REIT—Retail,Real Estate,FRT
2010Q2,2010,Q2,2010-08-04,2010-06-30,31114000.0,133835000.0,56155000.0,1.01,93349000.0,0.6974931819,3103645000.0,1163118000.0,183258000.0,159772000.0,1909240000.0,0.0,-507389000.0,4298345630.0,5971926630.0,19.01482777223757,1.1469969706832237,0.5468209154075289,1.4591279646605073,0.038437449732878375,19.01482777223757,0.026750510266370223,32.11675294205551,34.53707037025133,3.6955370220390367,1.3526708234235392,0.0,0.009791441550501838,0.04312187766319924,0.6031782790476429,0.01002498674945105,79.6801488553156,0.6974931819030896,0.06315789473684216,0.07554561005630704,0.13260608840704377,0.2826958578943876,-0.00014995233657873034,0.0648186173853525,-0.04728377048624071,0.07677918316596596,0.0011794504845444912,0.24338468690950732,REIT—Retail,Real Estate,FRT
2010Q1,2010,Q1,2010-05-04,2010-03-31,29220000.0,138470000.0,58942000.0,0.95,93363000.0,0.6742471293,3096344000.0,1169136000.0,184992000.0,150008000.0,1895783000.0,0.0,-497843000.0,4447890090.0,6115983090.0,19.138240927171832,1.233214228574476,0.5460268626483362,1.4460995128026166,0.0403466241994181,19.138240927171832,0.024992815207127313,32.12168765797646,38.055185574948666,3.804424882990516,1.4438056125941137,0.0,0.009484946603075797,0.044720483253798675,0.6236134072849449,0.0094369359476854,95.68029965366662,0.6742471293420957,-0.09523809523809532,0.04027351337527743,0.14290531323487385,0.24723542668690135,0.004810796848766628,-0.5430090710040663,-0.06925846387064173,0.13708154125716449,0.01769052650895447,0.21410466804207573,REIT—Retail,Real Estate,FRT
2009Q4,2009,Q4,2010-02-17,2009-12-31,63940000.0,138613000.0,63328000.0,1.05,92916000.0,0.670326737,3222309000.0,1177337000.0,306845000.0,161571000.0,2013246000.0,0.0,-486449000.0,4136947080.0,5795406080.0,19.272487681906725,1.8991341267925557,0.5566964558644127,1.5236487089083244,0.041752981743619494,19.272487681906725,0.05430900413390558,29.845303687244343,16.175113700344074,3.5138172672735166,0.6572255239286832,0.0,0.010157973787762353,0.04301666910280796,1.2847602601952084,0.019842913885663976,170.1257178105852,0.6703267370304372,0.15384615384615385,0.2461375835442573,0.18558396800184443,0.2723439246366532,0.008421966572606902,1.3307695111726752,0.09847183917017918,0.1776692591404285,0.03572729949480427,0.35188950908566474,REIT—Retail,Real Estate,FRT
2009Q3,2009,Q3,2009-11-04,2009-09-30,27433000.0,130992000.0,57651000.0,0.91,92140000.0,0.7034017345,3480285000.0,1182420000.0,576148000.0,162537000.0,2266020000.0,0.0,-477868000.0,3683181920.0,5316970920.0,19.701746201013062,3.5447190485858604,0.5867959089557321,1.7271502511797838,0.03507579647751416,19.701746201013062,0.023200723939040272,28.11760962501527,33.56524915248059,3.1149523181272305,1.456457551124558,0.0,0.010847957246705859,0.03763829686361893,2.9569636452007853,0.00788240043559651,147.90707252429524,0.7034017344570661,-0.052083333333333266,0.2649718203048676,0.1253371396457017,0.28823225932376495,0.01883078828355651,-0.03462715979871204,0.0405754201036045,-0.036654796082289276,0.013405314320249368,0.1219923460694194,REIT—Retail,Real Estate,FRT
2009Q2,2009,Q2,2009-08-04,2009-06-30,28417000.0,130338000.0,55403000.0,0.96,90437000.0,0.6938651813,3234956000.0,1082916000.0,325959000.0,159993000.0,2120227000.0,0.0,-464792000.0,3035403840.0,4761577840.0,18.38036559906309,2.037332883313645,0.5861696418745727,1.7510434789032574,0.0364248631593965,18.38036559906309,0.026241185835281775,23.288709662569627,26.70411936516874,2.8029910353157583,1.4166520040820636,0.0,0.013262485692842767,0.04029050163278882,1.4924715456301214,0.008784354408529822,58.41696349184966,0.6938651812978563,1.6666666666666667,-0.05925847374776978,0.1375446523403827,0.19496492539963875,0.020687553609317864,1.7105112552460893,0.618314590331532,-0.33410310819532063,0.0744694402751388,0.2488728356628102,REIT—Retail,Real Estate,FRT
2009Q1,2009,Q1,2009-05-06,2009-03-31,10484000.0,131201000.0,34235000.0,0.36,88604000.0,0.6753302185,3090962000.0,1089494000.0,182605000.0,157242000.0,1969335000.0,0.0,-454629000.0,2706686000.0,4434845000.0,18.515898778062915,1.161299143994607,0.5663670404230139,1.6068183945941878,0.023583443437623565,18.515898778062915,0.009622815729136645,20.630071417138588,64.54325639069057,2.4843514512241462,3.82373140022892,0.0,0.014810731647483305,0.042446655766068944,0.5993373271772173,0.0033918242928900454,62.98280395578825,0.6753302185196759,-0.6869565217391305,-0.4920780728054187,0.13983585211315672,0.3315465203505171,-0.018629687880734554,-0.8445663454410675,-0.36389817911557043,-0.6949023797895997,0.08791986029158105,0.27821408962877797,REIT—Retail,Real Estate,FRT
2008Q4,2008,Q4,2009-02-26,2008-12-31,67450000.0,133376000.0,53820000.0,1.15,90286000.0,0.6769283829,3092776000.0,1114602000.0,184255000.0,136978000.0,1945822000.0,0.0,-426574000.0,3652849280.0,5383411280.0,18.942608045410513,1.3451430156667494,0.5644718531183636,1.5662855440776169,0.036814108928584256,18.942608045410513,0.060514874367711524,27.38760556621881,13.539100370644922,3.277267831925656,0.5701260192735359,0.0,0.010527398491514,0.04312501131669413,0.6490896348318708,0.021808886256230647,261.29107868383403,0.6769283829174664,-0.08730158730158738,-0.20401107043524458,0.12113619593357794,0.3469922781830342,0.009402426071887753,-0.0910193520564929,-0.02873023893741428,-0.13302592024939155,0.1437961962714026,0.2990068500841046,REIT—Retail,Real Estate,FRT
2008Q3,2008,Q3,2008-10-29,2008-09-30,74204000.0,131767000.0,55412000.0,1.26,89445000.0,0.6788118421,3111542000.0,1116665000.0,218622000.0,142654000.0,1962792000.0,0.0,-421824000.0,5013592000.0,7061034000.0,19.06547720676114,1.5325332622989891,0.6737601485051463,1.8774054886649085,0.033819964777482,19.06547720676114,0.0664514424648395,38.04891968398764,16.891245754945825,4.489790581776988,0.4860519648536467,0.0,0.007193844253780524,0.04234781339927277,0.8301905309349895,0.023847982768672255,-118.63120533812882,0.6788118421152489,0.28571428571428575,1.520721458500163,0.26208944057813977,0.37223338316414895,0.0045259540441589365,1.5610547387312763,0.02221074380165289,1.1728566426382456,0.1623894101558057,0.28958801262526496,REIT—Retail,Real Estate,FRT
2008Q2,2008,Q2,2008-07-30,2008-06-30,28974000.0,129694000.0,54208000.0,0.98,89042000.0,0.6865545052,3026547000.0,1111244000.0,182469000.0,147232000.0,1883266000.0,0.0,-420469000.0,4045884000.0,5691537000.0,18.95156559110444,1.2393297652684199,0.5504404854773444,1.4991613003084832,0.03800380472712984,18.95156559110444,0.026073481611599253,31.19561429210295,34.909608614620005,3.6408601531256863,1.2420445917029062,0.0,0.008894718681998792,0.04285213479255402,0.588948054770702,0.00957328599225454,1462.7201735357917,0.6865545052199793,-0.03921568627450984,-0.35717145488549706,0.2072009676373908,0.2952375488076558,-0.30011082901676583,-0.03374908290535583,-0.014382079674175895,0.04483685888059431,0.1449753000961421,0.27842833895218044,REIT—Retail,Real Estate,FRT
2008Q1,2008,Q1,2008-05-07,2008-03-31,29986000.0,127223000.0,54999000.0,1.02,127223000.0,1.0,2979130000.0,1112489000.0,121793000.0,754701000.0,1834361000.0,0.0,-413376000.0,4562520525.35,5809721525.35,19.006712861493956,0.16137914220333616,0.4279286234571838,1.145948409377531,0.04332277551226175,19.006712861493956,0.026953974376375856,35.862387503438846,38.03875579728874,4.101182596277356,1.197525511905556,0.0,0.00787043034666575,0.04270474937313914,0.16137914220333616,0.010065354650518776,281.8110268900556,1.0,-0.7553956834532374,-0.3075134675119874,0.12801967380000995,0.22742815124398846,0.1338341978147336,-0.8772755549734791,0.1835632357055241,0.11419234492073374,0.09595947609185992,0.2386637683123774,REIT—Retail,Real Estate,FRT
2007Q4,2007,Q4,2008-02-27,2007-12-31,244336000.0,112206000.0,46469000.0,4.17,112206000.0,1.0,2989297000.0,1114632000.0,111799000.0,981787000.0,1842847000.0,0.0,-407376000.0,4808352291.950001,6022146291.950001,19.043325705002683,0.11387296837297703,0.4230041377621561,1.1344416812006115,0.03785313449759818,19.043325705002683,0.21920777440446712,42.85289816899275,4.919815634976017,4.313847343293571,0.14184565516338157,0.0,0.007207874526586454,0.03753591563501385,0.11387296837297703,0.08173694350210099,135.2142035361773,1.0,4.085365853658537,32.250603920392614,-0.051080267554166656,0.28377767940420057,-0.13245913807233758,9.390644269615139,-0.18687991040963098,3.9699855575626657,0.0016563297001717767,0.25721495665472965,REIT—Retail,Real Estate,FRT
2007Q3,2007,Q3,2007-10-31,2007-09-30,23515000.0,129338000.0,57149000.0,0.82,129338000.0,1.0,2929859000.0,861923000.0,100443000.0,627924000.0,2033582000.0,0.0,-493635000.0,5059883597.400001,6520163597.400001,15.484308915774111,0.15996044107248647,0.5019221061491355,1.7061396435644482,0.0433241048469264,15.484308915774111,0.027282019391523374,39.12139972320587,53.79421217733362,5.870458959094954,1.384477992770572,0.0,0.006434140108821627,0.04414478648972527,0.15996044107248647,0.008025983502960382,402.5044624453107,1.0,-0.1276595744680851,-0.511418759843702,0.26960551833017815,-0.01668183937910739,0.04639008446328598,-0.11988172767422711,0.04513450741573856,0.16907651016268682,0.1979933964864731,0.012467933304770081,REIT—Retail,Real Estate,FRT
2007Q2,2007,Q2,2007-08-01,2007-06-30,26718000.0,123604000.0,54681000.0,0.94,123604000.0,1.0,2901155000.0,864954000.0,64471000.0,619648000.0,1998168000.0,0.0,-482492000.0,4369792687.240001,5805420687.240001,15.292795522116203,0.10404455432761826,0.49888613328139997,1.673321355817766,0.04183821577198436,15.292795522116203,0.030889503950499102,35.353165651920655,40.88809685642638,5.0520521174998905,1.2133767497567183,0.0,0.007418887421058899,0.04260510038243389,0.10404455432761826,0.009209435552392065,-125.59401854510966,1.0,0.14634146341463414,-0.7272896642393715,0.17580598866986386,-0.08058704260922177,0.009004008130545874,0.15482365145228216,0.02731696319537077,-0.07863750805384655,0.1237363283114748,-0.005767640379850575,REIT—Retail,Real Estate,FRT
2007Q1,2007,Q1,2007-05-02,2007-03-31,23136000.0,122501000.0,53227000.0,0.82,122501000.0,1.0,2929363000.0,866979000.0,66983000.0,596505000.0,2023761000.0,0.0,-476652000.0,4984100000.0,6424248000.0,15.763254545454545,0.11229243677756263,0.49708247151343143,1.6795504850751863,0.04061195277974461,15.763254545454545,0.026685767475336773,40.68619848001241,53.8565439142462,5.7488128316833516,1.3749135546334716,0.0,0.00638229570032704,0.04181830657381827,0.11229243677756263,0.007897962799420897,-206.92074563042306,1.0,-0.0786516853932585,7.273789167406598,0.15867690024276415,0.03726832480087964,0.016673306111609068,-0.526696943660243,0.018698564593301437,0.19915571252358905,0.1385763464136126,0.13359372888056686,REIT—Retail,Real Estate,FRT
