Quarters,Year,Quarter,FillingDate,Date,NetIncome,Revenue,OperatingIncome,EPSDiluted,GrossProfit,GrossProfitRatio,TotalAssets,CommonStockEquity,CurrentAssets,CurrentLiability,TotalLiability,Inventory,RetainedEarnings,MarketCap,EnterpriseValue,bookValuePerShare,currentRatio,debtToAssets,debtToEquity,roic,shareholdersEquityPerShare,roe,priceToSalesRatio,peRatio,pbRatio,payoutRatio,inventoryTurnover,dividendYield,assetTurnover,quickRatio,returnOnAssets,priceToFreeCashFlowsRatio,grossProfitMargin,epsdilutedGrowth,fiveYNetIncomeGrowthPerShare,fiveYRevenueGrowthPerShare,fiveYShareholdersEquityGrowthPerShare,grossProfitGrowth,netIncomeGrowth,operatingIncomeGrowth,threeYNetIncomeGrowthPerShare,threeYRevenueGrowthPerShare,threeYShareholdersEquityGrowthPerShare,Industry,Sector,Symbol
2023Q1,2023,Q1,2023-03-14,2023-03-31,10845000.0,151356000.0,17629000.0,0.78,40034000.0,0.2645022331,621701000.0,540766000.0,520833000.0,75143000.0,80935000.0,95596000.0,367876000.0,733317096.1786427,605293096.1786427,38.996562851260656,6.931224465352727,0.005546074399108253,0.006376140511792532,0.02576542931509006,38.996562851260656,0.020054885107421695,4.844982003875914,16.90449737617895,1.3560710107119214,0.0,1.1645047909954391,0.0,0.24345465102999672,5.659036769892072,0.017444076815060616,-26.355559810905792,0.26450223314569626,-0.17021276595744672,0.4362471360247347,0.5478273477849422,0.22128923277121387,0.11199377812343758,-0.17061792597124503,-0.3242486967187979,7.752456496077128,0.11741271695742947,0.04644925723188364,Food Distribution,Consumer Defensive,WILC
2022Q4,2022,Q4,2022-12-31,2022-12-31,13076000.0,133201000.0,26088000.0,0.94,36002000.0,0.2702832561,608432000.0,559444000.0,513209000.0,42628000.0,48988000.0,71929000.0,386980000.0,642200360.9450519,495071360.9450519,40.343499975517446,12.039246504644835,0.005716333131722197,0.006216886766146388,0.0307203108857564,40.343499975517446,0.023373206254781533,4.821287835264389,12.278226539940578,1.1479260854438549,1.1451514224533497,1.3513186614578265,0.023316710657036218,0.21892504010308464,10.351881392511965,0.02149130880690036,-162.5823698595068,0.2702832561317107,0.7090909090909089,0.13826336806472217,0.7614205859912362,0.2853926750533077,0.056675765313609815,0.7155602204145893,1.7354513998112615,-0.11408336961542093,0.24055669930470897,0.08520218331599433,Food Distribution,Consumer Defensive,WILC
2022Q3,2022,Q3,2022-09-30,2022-09-30,7622000.0,123900000.0,9537000.0,0.55,34071000.0,0.2749878935,596604000.0,559788000.0,520589000.0,29343000.0,36816000.0,71811000.0,388878000.0,664064597.585088,509927597.585088,40.36830704108894,17.741505640186755,0.006501800189070137,0.0069294089905464215,0.013379244827712699,40.36830704108894,0.013615868864641615,5.35968198212339,21.781179401242717,1.186278729778216,2.6195224350564157,1.2509086351673142,0.030066352087745073,0.207675443007422,15.294209862658896,0.01277564347540412,58.11364291459596,0.2749878934624697,0.10000000000000009,-0.11115508029801713,0.47806551505940115,0.32057486569344174,-0.12147387963488217,0.055386319579063974,-0.5072081847775539,-0.2967349684146549,0.2383324339092863,0.11691612781148816,Food Distribution,Consumer Defensive,WILC
2022Q2,2022,Q2,2022-06-30,2022-06-30,7222000.0,123155000.0,19353000.0,0.5,38782000.0,0.3149039828,616760000.0,572132000.0,541311000.0,37711000.0,44628000.0,73877000.0,401222000.0,771080680.416375,603596680.416375,41.25847685915435,14.354193736575535,0.006107724236331798,0.006584144917606427,0.025407488663296483,41.25847685915435,0.012622961134843009,6.261058669289716,26.69207561673965,1.3477321324735814,2.7646081417889783,1.1420739878446606,0.025893529052262835,0.1996805888838446,12.395163214977062,0.011709579090732213,-114.45460596947827,0.3149039827859202,-0.4897959183673469,3.386719108489875,0.5383893129312981,0.3765210335993549,0.1325857134513171,-0.4706830841395485,0.24954803719008264,-0.39336588502858477,0.17266161719963674,0.1667814732812177,Food Distribution,Consumer Defensive,WILC
2022Q1,2022,Q1,2022-03-31,2022-03-31,13644000.0,118069000.0,15488000.0,0.98,34242000.0,0.2900168546,638183000.0,564910000.0,563493000.0,65646000.0,73273000.0,66537000.0,394000000.0,810852327.9720534,616181327.9720534,40.73767270927843,8.583813179782469,0.005747567703934452,0.006493069692517392,0.024126402899977334,40.73767270927843,0.024152519870421836,6.8676140898292815,14.857305921504937,1.435365505960336,0.0,1.2598554187895457,0.0,0.18500806195088243,7.570240380221186,0.02137944758791757,-40542.61639860267,0.2900168545511523,3.9,2.0339928619340157,0.35354498062866563,0.36455023846826934,-0.04011437221427971,3.8434504792332267,-0.22509631260319207,-0.17510620323393478,0.1502491940910057,0.1807192036427231,Food Distribution,Consumer Defensive,WILC
2021Q4,2021,Q4,2021-12-31,2021-12-31,2817000.0,116888000.0,19987000.0,0.2,35673000.0,0.3051895832,628066000.0,571232000.0,554072000.0,50140000.0,56834000.0,59528000.0,400322000.0,819167907.9750773,627647907.9750773,41.19357465271731,11.050498603909055,0.006684010916050224,0.007349028065654586,0.0292581605726182,41.19357465271731,0.004931446417567644,7.0081437613362985,72.69860738152975,1.434037147735206,0.0,1.364315952156968,0.0,0.18610782943193868,9.810789788591942,0.004485197415558238,-46.18412967103102,0.3051895831907467,-0.47368421052631576,1.4405914476306545,0.7343470829395625,0.3949743177451768,0.21089613034623217,-0.45972382048331417,1.4454912516823688,1.7120766177496114,0.32591864390893727,0.23493306076045756,Food Distribution,Consumer Defensive,WILC
2021Q3,2021,Q3,2021-09-30,2021-09-30,5214000.0,106268000.0,8173000.0,0.38,29460000.0,0.2772236232920541,630005000.0,568052000.0,557595000.0,52730000.0,61953000.0,48115000.0,397505000.0,907098849.422126,692956849.422126,40.96425352330642,10.574530627726151,0.0076793041325068844,0.008516825924387204,0.01119972561564219,40.96425352330642,0.009178737157865829,8.53595484456399,43.49342392702944,1.5968588252873435,11.502685078634446,1.596342097059129,0.06611738074434502,0.16867802636487012,9.662051962829509,0.008276124792660376,24.217718107169105,0.2772236232920541,-0.6666666666666666,0.11527437800131064,0.4368238497742396,0.3017657151786164,-0.2021665538253216,-0.6856953402857315,-0.4041700080192462,-0.5157960685277329,0.23083378329580997,0.23397340746530904,Food Distribution,Consumer Defensive,WILC
2021Q2,2021,Q2,2021-06-30,2021-06-30,16589000.0,114347000.0,13717000.0,1.14,36925000.0,0.32292058383691746,667692000.0,622813000.0,606386000.0,36068000.0,44879000.0,58463000.0,452266000.0,1006317998.6546938,756099998.6546938,44.91326433074972,16.812298990795163,0.007925810104059955,0.008496932466085325,0.01681671264415471,44.91326433074972,0.02663560330307813,8.80056318621996,15.16544093457553,1.615762674598465,0.0,1.3242905769461026,0.0,0.17125710657009519,15.19138848841078,0.024845287947137303,60.251347063507,0.32292058383691746,-0.1914893617021277,1.0407107525639538,0.4249528924443889,0.4427108490907686,0.019042362356837313,-0.19002978370196769,-0.08826852775008308,1.4429359749231045,0.3924775599766153,0.3853289481886146,Food Distribution,Consumer Defensive,WILC
2021Q1,2021,Q1,2021-03-31,2021-03-31,20481000.0,116710000.0,15045000.0,1.41,36235000.0,0.3104703967097935,657006000.0,606224000.0,598152000.0,44629000.0,50782000.0,62351000.0,435677000.0,1055471957.5897343,840702957.5897343,43.71697243898958,13.402765018261668,0.006147584649150845,0.006662553775502124,0.018892113134507043,43.71697243898958,0.03378454168756103,9.043543463197107,12.883550090202313,1.741059340424883,0.0,1.2906769739057915,0.0,0.1776391692008901,12.005668959645075,0.03117323129469137,365.5947203289693,0.3104703967097935,0.46874999999999994,3.1327706603689793,0.34907662530647476,0.43123059975684847,0.19504633752184955,0.474195638091125,0.971821756225426,1.7123815207858544,0.1935234134093171,0.3691224001647595,Food Distribution,Consumer Defensive,WILC
2020Q4,2020,Q4,2020-12-31,2020-12-31,13893000.0,108905000.0,7630000.0,0.96,30321000.0,0.2784169689178642,629923000.0,585743000.0,576676000.0,39915000.0,44180000.0,59514000.0,415196000.0,953990898.7541025,755153898.7541025,42.24001456117058,14.447601152448954,0.004738674409411944,0.005096091630629815,0.010326068834471732,42.24001456117058,0.023718593307986608,8.759844807438617,17.166754818147673,1.628685103798257,0.0,1.3204288066673389,0.0,0.17288620990184514,12.875986471251409,0.022055076572850968,293.44537027194787,0.2784169689178642,-0.41104294478527603,5.615769955538735,0.3207996213550385,0.3992483536225904,-0.10901824806793806,-0.36610850025094677,-0.45601026664765437,0.20938306611526342,0.44013565151444495,0.3458179221937309,Food Distribution,Consumer Defensive,WILC
2020Q3,2020,Q3,2020-09-30,2020-09-30,21917000.0,111933000.0,14026000.0,1.63,34031000.0,0.3040300894284974,616044000.0,572142000.0,565761000.0,40468000.0,43902000.0,56677000.0,401302000.0,907978038.7282836,696896038.7282836,42.59010409951581,13.980453691805872,0.005398965008992864,0.0058132421671543075,0.018636368981052375,42.59010409951581,0.038306923805628675,8.111799368624835,10.35700641885618,1.5869802229661232,0.0,1.3744905340790796,0.0,0.1816964372674679,12.579914994563605,0.03557700423995688,33.691207373962285,0.3040300894284974,0.4173913043478261,1.9492430062696495,0.4289090718230183,0.39564335258171285,-0.13847750689855953,0.44058104377546997,-0.1695677915926584,1.638311542396231,0.37837834558709876,0.3932568671715747,Food Distribution,Consumer Defensive,WILC
2020Q2,2020,Q2,2020-06-30,2020-06-30,15214000.0,104152000.0,16890000.0,1.15,39501000.0,0.37926300023043247,547472000.0,507752000.0,494166000.0,36228000.0,39720000.0,61262000.0,379383000.0,710618059.1029114,545418059.1029114,38.4165352893168,13.640443855581319,0.006372928661191805,0.006871464809592084,0.02467852313323176,38.4165352893168,0.029963446722021773,6.822894030867495,11.677041854589708,1.3995376859232682,0.0,1.0553197740850773,0.0,0.19024169272583805,11.949431379043833,0.02778954905456352,30.281589427831054,0.37926300023043247,11.777777777777777,106.82657202553027,0.5471810751208409,0.3677714211785628,-0.0486729926304128,11.882303132938189,-0.11240737821220242,8.695614815428241,0.3649961267146446,0.2817043402808817,Food Distribution,Consumer Defensive,WILC
2020Q1,2020,Q1,2020-04-22,2020-03-31,1181000.0,129103000.0,19029000.0,0.09,41522000.0,0.32161917228879267,538419000.0,492540000.0,483336000.0,42276000.0,45879000.0,55991000.0,364171000.0,533032869.842144,415735869.842144,37.26560325955621,11.432869713312519,0.006951834909243545,0.007599382791245381,0.02821353477943064,37.26560325955621,0.002397774800016242,4.128741158936229,112.83506982263845,1.0822123479151824,0.0,1.5641978175063849,0.0,0.2397816570366202,10.108453969155077,0.0021934589975465203,70.08979222118921,0.32161917228879267,-0.9150943396226415,-0.5559825611144352,0.47514812209914103,0.23575947207768236,0.2213071357138655,-0.9160506113164629,0.5500977517106549,-0.7244677494693268,0.5528261636736996,0.24824970187630638,Food Distribution,Consumer Defensive,WILC
2019Q4,2019,Q4,2020-01-22,2019-12-31,14068000.0,102339000.0,12276000.0,1.06,33998000.0,0.33220961705703594,537235000.0,491356000.0,495000000.0,42181000.0,45879000.0,71548000.0,362987000.0,546420700.53108,428447700.53108,37.17602175498944,11.735141414380882,0.007235195026385101,0.007910761240322698,0.019475378546715865,37.17602175498944,0.028630972248227353,5.339320303413948,9.710347962238412,1.1120668121099162,0.0,0.9551769441493823,0.0,0.1904920565488101,9.979493136720324,0.02618593353001945,-21.65586162535986,0.33220961705703594,0.358974358974359,5.041070905673649,0.3347589917338719,0.25319985506302706,0.13976331757685473,0.3618586640851888,-0.021832669322709164,3.3085074123802847,0.5931510472440045,0.2589243837503517,Food Distribution,Consumer Defensive,WILC
2019Q3,2019,Q3,2019-10-17,2019-09-30,10330000.0,95364000.0,12550000.0,0.78,29829000.0,0.3127909903108091,510200000.0,477698000.0,468773000.0,30068000.0,32502000.0,39268000.0,348920000.0,506142229.59058,367327229.59058,36.142648526516986,15.590428362378608,0.0056252450019600156,0.006007979937115081,0.020152229755326847,36.142648526516986,0.021624541028013516,5.3074769262046475,12.249327918455469,1.0595443765529269,0.0,1.6689161658347764,0.0,0.18691493531948256,14.284455234801117,0.020246961975695806,27.310323724738574,0.3127909903108091,-0.09302325581395345,0.9961136079462922,0.1839622197822157,0.223490613415505,0.0,-0.08962721424164978,0.27307770338811116,1.3182518712748226,0.3528046256200047,0.148544320008231,Food Distribution,Consumer Defensive,WILC
2019Q2,2019,Q2,2019-07-18,2019-06-30,11347000.0,100099000.0,9858000.0,0.86,29829000.0,0.29799498496488475,506876000.0,467366000.0,465386000.0,37640000.0,39510000.0,55871000.0,338588000.0,472217583.37600005,344301583.37600005,35.360929020519535,12.36413390010627,0.0038924707423511865,0.00422153087729959,0.016540161117211138,35.360929020519535,0.024278616758600328,4.717505503311722,10.404018317088218,1.010380693880171,0.0,1.2577186733725905,0.0,0.19748222444937225,10.879782146652497,0.022386145724003503,233.88686645666175,0.29799498496488475,-0.27731092436974786,1.546542462602039,0.24052024006486197,0.21526656302353675,-0.012186641057058648,-0.2802410402790993,-0.21842543407595338,0.4645085108415161,0.3087451054451937,0.13586925136734,Food Distribution,Consumer Defensive,WILC
2019Q1,2019,Q1,2019-04-03,2019-03-31,15765000.0,97835000.0,12613000.0,1.19,30197000.0,0.3086523227883682,491992000.0,456019000.0,449352000.0,33984000.0,35973000.0,51107000.0,327241000.0,392679871.61102706,276122871.61102706,34.50242240796597,13.222457627118644,0.004235841233190783,0.0045699850225538845,0.02179539925009541,34.50242240796597,0.03457092796572073,4.0136952175706755,6.2270832795912945,0.8611041899811785,0.0,1.323458626019919,0.0,0.1988548594286086,11.718602871939737,0.032043203954535845,1208.2457588031602,0.3086523227883682,14.866666666666667,1.1774911788020666,0.011256041021547382,0.19866242894519373,0.17374742488436273,14.924242424242424,0.23911975636113567,2.3375964216771505,0.18651298604321895,0.1295595271363352,Food Distribution,Consumer Defensive,WILC
2018Q4,2018,Q4,2019-01-08,2018-12-31,990000.0,84024000.0,10179000.0,0.075,25727000.0,0.3061863277158907,466413000.0,440879000.0,424103000.0,24698000.0,25534000.0,49289000.0,311476000.0,347614130.8967574,213327130.89675742,33.35692918234028,17.1715523524172,0.0,0.0,0.010832743020086251,33.35692918234028,0.002245514075290499,4.137081439788125,87.78134618604986,0.7884569936348916,0.0,1.1827588305707155,0.0,0.1801493526123843,15.10377358490566,0.0021225823465469444,39.354028178054726,0.3061863277158907,-0.9038461538461539,-0.8644986386811309,0.004930238371718277,0.18296911970252935,0.007637474541751527,-0.9037152304999028,-0.027515047291487533,1.3450905071840102,0.06915868167337885,0.10498608310615842,Food Distribution,Consumer Defensive,WILC
2018Q3,2018,Q3,2018-11-15,2018-09-30,10282000.0,82440000.0,10467000.0,0.78,25532000.0,0.3097040271712761,463606000.0,439559000.0,423126000.0,22982000.0,24047000.0,49244000.0,310488000.0,336970643.1196,210785643.1196,33.19703105065338,18.411191367156906,0.0,0.0,0.018655909456073597,33.19703105065338,0.02339162660757714,4.087465345943716,8.193217348755107,0.7666107237472103,0.0,1.155633173584599,0.0,0.17782341039589653,16.268470977286572,0.022178315207309656,61.02329647222021,0.3097040271712761,0.5918367346938777,0.17218424859477047,0.02308450458847798,0.20131876484900582,0.15195813030138963,0.5857495373226403,0.38269484808454424,0.4037321484396671,0.06773045169489916,0.08783992645417886,Food Distribution,Consumer Defensive,WILC
2018Q2,2018,Q2,2018-08-03,2018-06-30,6484000.0,78410000.0,7570000.0,0.49,22164000.0,0.2826680270373677,459897000.0,429279000.0,418604000.0,29528000.0,30618000.0,44695000.0,300207000.0,345936257.3051385,215054257.30513853,32.42064954282231,14.176510430777567,0.0,0.0,0.014205525846083096,32.42064954282231,0.015104395975577655,4.411889520534862,13.338072844892757,0.805854135201439,0.0,1.2584405414475892,0.0,0.17049469772579512,12.662862367921973,0.014098809081163826,47.3625763013607,0.2826680270373677,-0.09259259259259267,-0.1845187789997643,-0.08983289246972252,0.2022048679643731,-0.10589374319254508,-0.10069348127600555,-0.20782754290498118,46.02045079798063,0.16268080056758424,0.15429560648197674,Food Distribution,Consumer Defensive,WILC
2018Q1,2018,Q1,2018-04-30,2018-03-31,7210000.0,93371000.0,9556000.0,0.54,24789000.0,0.26548928468153926,471981000.0,422791000.0,430737000.0,48042000.0,49190000.0,39508000.0,-954000.0,329455974.801058,209279974.801058,31.930653120370174,8.965842387910579,0.042715702538873385,0.047685499454813374,0.01631643014022794,31.930653120370174,0.017053343141173773,3.528461458065759,11.423577489634464,0.7792407473221,0.0,1.7359015895514833,0.0,0.19782787866460727,8.143478622871655,0.015276038654098364,101.71533646219758,0.26548928468153926,-0.3493975903614457,-0.1436614822466387,0.00999653563974713,0.2111105749341411,0.47273051330798477,-0.3426930440331844,1.739678899082569,1.7058319002827682,0.06494388627282191,0.058847934603223566,Food Distribution,Consumer Defensive,WILC
2017Q4,2017,Q4,2018-01-17,2017-12-31,10969000.0,72207000.0,3488000.0,0.83,16832000.0,0.23310759344661874,436922000.0,415581000.0,395174000.0,20193000.0,21341000.0,39899000.0,286509000.0,330340086.4511636,217278086.4511636,31.38612873598671,19.569850938444016,0.0,0.0,0.00696080248355481,31.38612873598671,0.026394373178754562,4.574903907532007,7.528947179577983,0.7948873660036518,0.0,1.3878793954735709,0.0,0.16526290733815188,17.543108998167682,0.025105167512736826,17.154286049289276,0.23310759344661874,0.33870967741935476,0.2233197864305323,-0.07389234316503128,0.2200686234228441,-0.19367664670658682,0.33964338055691257,-0.5778772842793174,3.7017986617350283,-0.05993819856441037,0.058023159179185345,Food Distribution,Consumer Defensive,WILC
2017Q3,2017,Q3,2017-10-16,2017-09-30,8188000.0,80041000.0,8263000.0,0.62,20875000.0,0.2608038380330081,424339000.0,404758000.0,380899000.0,18369000.0,19581000.0,41646000.0,275542000.0,273650512.22619814,162300512.22619814,30.568737971467677,20.73596820730579,0.0,0.0,0.015364950614345112,30.568737971467677,0.02022937162452626,3.4188792272235244,8.355230588244934,0.6760842583128638,0.0,1.4206886615761418,0.0,0.18862513226453378,18.46877892100822,0.019295893142039736,9.002846171410651,0.2608038380330081,4.166666666666667,0.2749239068828057,0.11838519209827611,0.22087176057817995,0.4295986851116285,4.208651399491094,6.017000607164541,0.5793496350420269,-0.008069126610649168,0.03480418554852004,Food Distribution,Consumer Defensive,WILC
2017Q2,2017,Q2,2017-07-05,2017-06-30,1572000.0,76440000.0,-1647000.0,0.12,14602000.0,0.191025641025641,420062000.0,396870000.0,374854000.0,22317000.0,23192000.0,70927000.0,267353000.0,350755175.043728,261567175.043728,29.973008658843995,16.79679168347,0.0,0.0,-0.006290991716060527,29.973008658843995,0.003960994784186257,4.588633896438095,55.7816754204402,0.8838037015741376,0.0,0.8718541599108943,0.0,0.1819731372987797,13.61863153649684,0.0037423047074003363,60.87385891074766,0.191025641025641,-0.625,-0.6242155663709006,0.12915926343973402,0.22083023129942841,-0.3370261066969353,-0.6339077782952958,-1.2472230561392974,-0.6478417024586927,-0.05439380093489532,0.030097235148175323,Food Distribution,Consumer Defensive,WILC
2017Q1,2017,Q1,2017-04-18,2017-03-31,4294000.0,83291000.0,6662000.0,0.32,22025000.0,0.2644343326409816,420836000.0,395298000.0,377347000.0,24674000.0,25538000.0,76548000.0,265781000.0,291267746.3940888,206677746.3940888,29.854285727879944,15.29330469319932,0.0,0.0,0.012496502674555003,29.854285727879944,0.010862690931904537,3.4969894273581636,16.957833395091335,0.7368308121824264,0.0,0.800360558081204,0.0,0.19791795378722352,12.190929723595687,0.010203499700595956,-6.676471516849787,0.2644343326409816,1.6940377816817402,-0.12763554887988834,0.10923256074616206,0.2326805258164721,0.44029557938791525,1.7033579033579034,2.2292777508482793,-0.4079752169351953,-0.14062963340572598,0.03717965718088998,Food Distribution,Consumer Defensive,WILC
2016Q4,2016,Q4,2017-01-03,2016-12-31,-6105000.0,64353000.0,2063000.0,-0.46107,15292000.0,0.23762683946358368,411471000.0,391004000.0,366840000.0,19618000.0,20467000.0,41877000.0,261486000.0,292991204.81562954,163414204.81562954,29.529987849025215,18.699153838311755,0.0,0.0,0.005390053888252009,29.529987849025215,-0.015613651011242851,4.552875620649069,-11.998001835201867,0.7493304539483728,0.0,1.1715500155216467,0.0,0.15639741318343212,16.433071668875524,-0.014837011599845433,382.9950389746791,0.23762683946358368,-2.3560882352941173,-3.031240607646198,244.70936303032008,0.23588714024958696,-0.1953696395685346,-2.3676075268817205,-0.5735841256717652,-1.834083538576109,-0.23172486522909763,0.04725058891457845,Food Distribution,Consumer Defensive,WILC
2016Q3,2016,Q3,2016-10-11,2016-09-30,4464000.0,70621000.0,4838000.0,0.34,19005000.0,0.26911258690757706,442877000.0,416668000.0,389536000.0,25665000.0,26209000.0,44982000.0,286840000.0,267332206.22400597,29719206.224005967,31.46822277285562,15.177712838496006,0.0,0.0,0.009489606542816003,31.46822277285562,0.010713565716589707,3.78544917551445,14.971561728494956,0.6415952418328404,0.0,1.1474812147081055,0.0,0.15945962422975227,13.425053574907462,0.010079548046071482,102.34770529249846,0.26911258690757706,-0.42372881355932196,0.9514659652742012,-0.15169761311424482,0.3490349959233672,-0.11756512049031899,-0.4248904921412007,-0.3865855204767339,-0.49108826242685705,-0.12358987386532141,0.1387574526106975,Food Distribution,Consumer Defensive,WILC
2016Q2,2016,Q2,2016-08-22,2016-06-30,7762000.0,76623000.0,7887000.0,0.59,21537000.0,0.2810774832622059,433685000.0,412205000.0,378102000.0,20890000.0,21480000.0,33060000.0,282376000.0,220285001.91956273,55476001.91956273,31.131161423687324,18.099664911440883,0.0,0.0,0.014309244743518102,31.131161423687324,0.018830436312029207,2.8749200882184556,7.09498202523714,0.53440642864488,0.0,1.6662431941923774,0.0,0.17667892594855714,16.517089516515078,0.017897782953065013,17.242094702533088,0.2810774832622059,0.6388888888888888,0.14079883476139896,-0.1346502465666931,0.34385907709972524,0.03627965163835827,0.6403212172442941,-0.009170854271356783,-0.023786977574979995,-0.11057601989169175,0.15438877186923752,Food Distribution,Consumer Defensive,WILC
2016Q1,2016,Q1,2016-04-06,2016-03-31,4732000.0,82605000.0,7960000.0,0.36,20783000.0,0.25159493977362146,423397000.0,404444000.0,367230000.0,18289000.0,18953000.0,37988000.0,274615000.0,187178511.510375,86627511.510375,30.54502359467206,20.079282628902618,0.0,0.0,0.014746978302606975,30.54502359467206,0.011700012857156985,2.265946510627383,9.888974614876108,0.46280452055259813,0.0,1.6274086553648521,0.0,0.19510057936168654,18.00218710700421,0.011176271915011207,-261.4225021094623,0.25159493977362146,2.65860400829302,-0.1972657668465682,-0.04363882767889789,0.34862243990197694,-0.07872689392260296,2.6464857341684063,2.654197838736492,-0.437975885435658,-0.10645956639083534,0.15855447577801743,Food Distribution,Consumer Defensive,WILC
2015Q4,2015,Q4,2016-01-13,2015-12-31,-2874000.0,78731000.0,-4812000.0,-0.21705,22559000.0,0.28653262374414146,418863000.0,399712000.0,370909000.0,18472000.0,19151000.0,34517000.0,269883000.0,215143164.8476929,135738164.8476929,30.187646425892233,20.079525768731052,3.8198647290402826e-05,4.002882075094068e-05,-0.00769522830685008,30.187646425892233,-0.007190176927387719,2.732635999132399,-18.714610720919705,0.5382454488423988,0.0,1.6273720195845525,0.0,0.18796360623879407,17.9696838458207,-0.006861432019538608,-24.100276111537237,0.28653262374414146,-1.3946363636363635,-1.3962114529331429,-0.11360687077452655,0.3597392478863729,0.1310604161443971,-1.3963591228796028,-1.7360048944631385,-1.3205233901177273,0.009782734780200204,0.1734801870287426,Food Distribution,Consumer Defensive,WILC
2015Q3,2015,Q3,2015-10-20,2015-09-30,7251000.0,76433000.0,6538000.0,0.55,19945000.0,0.26094749650020277,424919000.0,399997000.0,379185000.0,24328000.0,24922000.0,42113000.0,272757000.0,231465434.6676474,130399434.66764739,30.516466847157663,15.586361394278198,2.353389704861397e-06,2.500018750140626e-06,0.01157065191749858,30.516466847157663,0.01812763595726968,3.028344231780087,7.980465958752151,0.5786679266785686,0.0,1.3413435281267068,0.0,0.17987663531167117,13.855310753041763,0.01706442874994999,11.884649551635212,0.26094749650020277,56.00000000000001,0.036131159422630385,-0.007013858305308737,0.40962843481036354,0.287189415940626,48.703947368421055,1.0235221293717116,0.14051180321702697,0.07883556848498033,0.21878412648535828,Food Distribution,Consumer Defensive,WILC
2015Q2,2015,Q2,2015-07-01,2015-06-30,-152000.0,71174000.0,3231000.0,-0.01,15495000.0,0.21770590384129035,415861000.0,392494000.0,369391000.0,22773000.0,23367000.0,46932000.0,265506000.0,308066011.05827254,221892011.05827254,28.08695568168441,16.220568216747903,9.618598522102338e-06,1.0191238592182301e-05,0.007723747778474172,28.08695568168441,-0.0003872670665029274,4.328350395625826,-506.6875181879482,0.7848935552091816,0.0,1.1863760334100402,0.0,0.17114853280302794,14.159706670179599,-0.0003655067438398888,19.094211668419025,0.21770590384129035,-1.05,-1.0239485778358317,-0.16257250936845008,0.33078511767107777,-0.09189474301119381,-1.058037418862161,0.5623791102514507,-1.034428603821946,-0.0038024341017637428,0.1440094316741193,Food Distribution,Consumer Defensive,WILC
2015Q1,2015,Q1,2015-04-16,2015-03-31,2619000.0,86176000.0,2068000.0,0.2,17063000.0,0.19800176383215745,417597000.0,392458000.0,372115000.0,24536000.0,25139000.0,51633000.0,265658000.0,293270909.49096,216753909.49096,30.156032870135764,15.166082491033583,6.226098367564901e-05,6.624912729515006e-05,0.0036077184412762874,30.156032870135764,0.006673325553307615,3.403162243443186,27.994550352325316,0.7472669928781169,0.0,1.3385431797493852,0.0,0.20636163573972036,13.06170524942941,0.006271596778712491,-18.990540017545815,0.19800176383215745,0.11111111111111122,-0.7040573214063539,-0.24906681441336276,0.1584355417167457,-0.045906955938268844,0.14217182730047973,-0.7027454362512577,-0.4586596843958007,0.16764229715072343,0.24513963568665612,Food Distribution,Consumer Defensive,WILC
2014Q4,2014,Q4,2014-12-31,2014-12-31,2293000.0,75496000.0,6957000.0,0.18,17884000.0,0.23688672247536294,411349000.0,386066000.0,365428000.0,24648000.0,25283000.0,48586000.0,263039000.0,350732199.18532944,267830199.18532944,29.66487875401147,14.825868224602402,0.0,0.0,0.010511421669981673,29.66487875401147,0.005939398962871633,4.645705721963143,38.23944605160592,0.9084773048787759,0.0,1.1857736796608076,0.0,0.18353271795968873,12.787974683544304,0.005574341982112513,60.986297893467125,0.23688672247536294,-0.5384615384615385,-0.7569147296808317,-0.2160697901312672,0.5754876513166045,-0.09457270149858242,-0.5486220472440945,0.4954858125537403,-0.22379093503518657,291.88833964741497,0.24153258567480893,Food Distribution,Consumer Defensive,WILC
2014Q3,2014,Q3,2014-11-13,2014-09-30,5080000.0,79067000.0,4652000.0,0.39,19752000.0,0.2498134493530803,409712000.0,383267000.0,365512000.0,25945000.0,26445000.0,44544000.0,260746000.0,336333128.01171595,277228128.01171595,29.54060139915656,14.087955290036616,0.00027824423009333385,0.0002974427748801749,0.009304369519005996,29.54060139915656,0.013254467512204287,4.2537737363465915,16.551827165930906,0.877542621753806,0.0,1.3316047054597702,0.0,0.19298189948061076,12.371092696087878,0.012398953411176632,51.37209836745318,0.2498134493530803,0.14705882352941171,-0.6387508703042591,-0.08821349957725444,0.5543141033282084,-0.03953318745441284,0.16140832190214907,-0.1669054441260745,1.2663988701427502,-0.030722962499062062,0.26639834018400893,Food Distribution,Consumer Defensive,WILC
2014Q2,2014,Q2,2014-07-21,2014-06-30,4374000.0,79209000.0,5584000.0,0.34,20565000.0,0.25962958754686966,401153000.0,377515000.0,358516000.0,23024000.0,23638000.0,38875000.0,255666000.0,332328007.6425248,273769007.6425248,29.09726153622041,15.571403752605976,0.0,0.0,0.011308839181760061,29.09726153622041,0.011586294584321153,4.195583931655807,18.99451346836561,0.8803041141213588,0.0,1.5085273311897107,0.0,0.19745334074530166,13.882948227936067,0.01090357045815437,17.769650713427698,0.25962958754686966,-0.38181818181818183,-0.3491992751207163,-0.2515764037176366,0.6265478819205302,-0.03919828069519716,-0.38455044322498944,-0.13130056004978222,-0.3439302005751618,-0.08705862449706551,0.2560603988401726,Food Distribution,Consumer Defensive,WILC
2014Q1,2014,Q1,2014-04-02,2014-03-31,7107000.0,94969000.0,6428000.0,0.55,21404000.0,0.22537880782149966,405597000.0,373452000.0,364176000.0,31240000.0,32145000.0,53500000.0,251292000.0,346708802.99825,295972802.99825,28.784102658767427,11.657362355953905,0.006518785888455782,0.007079892462752911,0.012441713021305527,28.784102658767427,0.01903055814401851,3.650757647213828,12.196032186515055,0.9283891986071838,0.0,1.3750467289719626,0.0,0.23414620916821377,9.944814340588989,0.017522318952063257,-17.849505920420615,0.22537880782149966,0.0,-0.08929385345876648,-0.21357100243962124,0.6581413362726135,0.08424091991287169,-0.009063022866703848,0.41585903083700443,0.23040815513410826,0.12210449606829685,0.2708743418625826,Food Distribution,Consumer Defensive,WILC
2013Q4,2013,Q4,2014-04-02,2013-12-31,7172000.0,82076000.0,4540000.0,0.55,19741000.0,0.24052098055460794,395048000.0,365843000.0,353988000.0,28062000.0,29205000.0,54001000.0,244185000.0,367922017.92937493,331743017.92937493,28.197633079998106,12.614496472097498,4.556408335189648e-05,4.920143340175977e-05,0.010369096210464212,28.197633079998106,0.019604037797634505,4.482699180386166,12.824944852529802,1.0056828145662893,0.0,1.1543304753615673,0.0,0.20776209473279197,10.634060295060937,0.018154755877766753,-50.32444507309191,0.24052098055460794,-0.16666666666666663,1.7486376853217072,-0.1942382771628958,0.6810481171831075,-0.04665089100304245,-0.16556137289121584,-0.3666294642857143,0.009058580031931735,-0.05695452947799458,0.27010326858362577,Food Distribution,Consumer Defensive,WILC
2013Q3,2013,Q3,2013-10-16,2013-09-30,8595000.0,78957000.0,7168000.0,0.66,20707000.0,0.26225667135276165,391446000.0,358528000.0,349594000.0,31074000.0,32918000.0,47620000.0,237013000.0,330023041.67959,282277041.67959,27.633823779341302,11.250370084314861,0.0,0.0,0.01498026580603693,27.633823779341302,0.023973023027490183,4.179781927879605,9.599274045363291,0.9204944709467321,0.0,1.2232255354892902,0.0,0.20170598243435875,9.717899208341379,0.021957051547339863,65.89916966445487,0.26225667135276165,0.10000000000000009,77.35385277369112,-0.2102729213451173,0.5656940769453955,-0.05187728937728938,0.10319599537928378,-0.13700939080183,0.24080375608632026,0.03631863921633314,0.2764722717409355,Food Distribution,Consumer Defensive,WILC
2013Q2,2013,Q2,2013-07-15,2013-06-30,7791000.0,84414000.0,8306000.0,0.6,21840000.0,0.25872485606652923,381834000.0,349885000.0,339018000.0,31096000.0,31949000.0,43841000.0,228418000.0,312806971.0708,236768971.0708,26.967657848298686,10.902302546951377,0.0,0.0,0.017868063960129705,26.967657848298686,0.0222673164039613,3.705629055260976,10.037446126004363,0.8940279551018192,0.0,1.4272940854451313,0.0,0.22107512688760037,9.492442757910986,0.02040415468502019,28.272502808279103,0.25872485606652923,-0.06250000000000006,4.091054708579407,-0.1590150573522083,0.5519322093801072,0.021085604750105194,-0.05563636363636364,-0.09510839960780042,0.3221343942380686,0.06976054964983885,0.27775178377072407,Food Distribution,Consumer Defensive,WILC
2013Q1,2013,Q1,2013-04-11,2013-03-31,8250000.0,90585000.0,9179000.0,0.64,21389000.0,0.23612077054700006,369486000.0,342063000.0,326403000.0,26842000.0,27423000.0,43792000.0,220627000.0,308486339.89788,248862339.89788002,26.36477112926417,12.160159451605693,5.142278733159037e-05,5.5545323522275136e-05,0.020271993457516225,26.36477112926417,0.02411836416098789,3.405490311838384,9.348070905996364,0.9018407132542251,0.0,1.5801059554256485,0.0,0.24516490475958494,10.52868638700544,0.022328315551874766,-27.771546623863884,0.23612077054700006,-0.058823529411764754,-0.23527486637594772,-0.3220209727081119,0.5091226655340598,0.039815264948954786,-0.06100614614158889,0.22370350619917345,-0.06488949896277764,-0.20821341779819028,0.012795285669472585,Food Distribution,Consumer Defensive,WILC
2012Q4,2012,Q4,2013-03-18,2012-12-31,8786000.0,76398000.0,7501000.0,0.68,20570000.0,0.26924788607031597,384717000.0,333761000.0,342971000.0,50375000.0,50956000.0,49270000.0,212377000.0,229526070.8705,181893070.8705,25.724888037801044,6.8083573200992555,0.02581118068606274,0.029751828404157465,0.016434094662130968,25.724888037801044,0.02632422601801888,3.004346591147674,6.531017268111199,0.6876958987733737,0.0,1.1331033083011974,0.0,0.19858233454721264,5.794679900744417,0.02283756631497958,-16.592645909817104,0.26924788607031597,0.3877551020408164,1.8658003709622506,-0.04524137822941576,0.5204046280434103,0.2657682604147437,0.3961544573335452,0.32036613272311215,-0.0657079110858751,-0.2042579068965595,0.3662366116894096,Food Distribution,Consumer Defensive,WILC
2012Q3,2012,Q3,2012-11-28,2012-09-30,6293000.0,70127000.0,5681000.0,0.49,16251000.0,0.231736706261497,356894000.0,324855000.0,314311000.0,31592000.0,32039000.0,28265000.0,203591000.0,207835857.82194996,142277857.82194996,25.038451177698587,9.949069384654344,0.0,0.0,0.01351808617623475,25.038451177698587,0.019371719690323374,2.9637066724934757,8.256628707371284,0.6397803876250941,0.0,1.9061029541836194,0.0,0.19649251598513845,8.858919979741707,0.017632686455922485,17.997563025801,0.231736706261497,0.5312499999999999,7.381267583981557,-0.06972924615751169,0.41810052217775195,-0.017710348162475822,0.5352525006099048,0.023603603603603602,-0.5524919737843902,-0.1913079803818803,0.3174280802591538,Food Distribution,Consumer Defensive,WILC
2012Q2,2012,Q2,2012-07-30,2012-06-30,4099000.0,66333000.0,5550000.0,0.32,16544000.0,0.24940828848386173,349842000.0,318535000.0,307712000.0,30878000.0,31307000.0,32981000.0,197298000.0,226874083.29552004,154070083.29552004,24.55133227405525,9.965412267633914,0.0,0.0,0.013218396509833632,24.55133227405525,0.012868287629302902,3.4202294980706442,13.83716048399122,0.7122422443232928,0.0,1.5096267547982172,0.0,0.18960845181539096,8.759667076883218,0.011716717832621584,26.07748083856552,0.24940828848386173,-0.13513513513513511,0.12248181840786912,-0.059104523027914045,0.39081318369495854,0.05537126818065833,-0.15099420049710024,0.1746031746031746,-0.3901161016734834,-0.37323811167672855,0.372428723540935,Food Distribution,Consumer Defensive,WILC
2012Q1,2012,Q1,2012-03-31,2012-03-31,4828000.0,73651000.0,4725000.0,0.37,15676000.0,0.21284164505573583,350585000.0,314541000.0,307665000.0,35403000.0,36044000.0,34133000.0,193199000.0,214141681.28482,174289681.28482,24.218996814365838,8.690365223286163,0.0,0.0,0.011070932724313086,24.218996814365838,0.015349350323169317,2.9075189920682676,11.088529478294324,0.6808068941245179,0.0,1.69850291506753,0.0,0.21008029436513256,7.563935259723753,0.013771268023446526,-14.045761595488653,0.21284164505573583,0.608695652173913,-0.41333432151350596,-0.18441564871185964,0.39725921832384065,2.7061384414453635,0.6377204884667571,1.8716104039845047,-0.3819548605521712,-0.3907194939542632,0.395163164091994,Food Distribution,Consumer Defensive,WILC
2011Q4,2011,Q4,2012-01-03,2011-12-31,2948000.0,-259000.0,-5421000.0,0.23,-9188000.0,-35.47490347490348,347683000.0,310317000.0,304052000.0,36848000.0,37366000.0,32613000.0,188371000.0,225882858.471702,191221858.471702,23.893757680059398,8.251519756838906,0.0,0.0,-0.00944708721953964,23.893757680059398,0.009499962941121499,-872.1345886938301,19.155601973516113,0.7279100354531077,0.0,0.2737865268451231,0.0,-0.0007449314461736697,7.366451367781155,0.00847898804370648,69.54521504670629,35.47490347490348,0.3529411764705882,4.817792734934701,-1.0046847443432234,0.4328036971785745,-1.4366297581143372,0.2571428571428571,-2.35728592889334,1.3074113265233225,-1.0025401022287719,0.4244655303705358,Food Distribution,Consumer Defensive,WILC
2011Q3,2011,Q3,2011-10-11,2011-09-30,2345000.0,85342000.0,3994000.0,0.17,21043000.0,0.24657261371891917,384645000.0,316626000.0,327320000.0,60714000.0,62132000.0,43504000.0,185423000.0,300338008.39350003,282020008.39350003,23.32646882249094,5.391178311427348,0.01702348919133227,0.020680550554913368,0.008429762594743725,23.32646882249094,0.007406214271727527,3.5192286142051983,32.01897744067165,0.9485576307488963,0.0,1.4780020228025008,0.0,0.22187211584707978,4.642355964028066,0.00609653056714633,31.647840715858802,0.24657261371891917,-0.6666666666666666,-0.6099623523751223,0.09532031348515316,0.5339238257446561,-0.2167715040756318,-0.6637992831541218,-0.6587199863282919,19.4334567295446,-0.18410602243288435,0.32164532722861805,Food Distribution,Consumer Defensive,WILC
2011Q2,2011,Q2,2011-08-29,2011-06-30,6975000.0,90771000.0,11703000.0,0.51,26867000.0,0.2959866036509458,383978000.0,314441000.0,324684000.0,61815000.0,63559000.0,41788000.0,183077000.0,325015771.23624,267327771.23624003,23.165495515254193,5.252511526328561,0.020816296767002276,0.025419713078129125,0.028357429495349234,23.165495515254193,0.02218222178405488,3.5806124338857126,11.64931079699785,1.0336303829215656,0.0,1.529242844835838,0.0,0.23639635604123152,4.5446250909973305,0.018165103209038018,37.68298796941913,0.2959866036509458,0.13333333333333333,0.69225564921987,0.3427035933905098,0.5711535572142685,0.1692488467229524,0.15422803243422142,0.717997651203758,3.6451007553619355,-0.13561866524689023,0.3331257330024851,Food Distribution,Consumer Defensive,WILC
2011Q1,2011,Q1,2011-06-02,2011-03-31,6043000.0,88545000.0,6812000.0,0.45,22978000.0,0.25950646563894064,375328000.0,307431000.0,315716000.0,60374000.0,62242000.0,43445000.0,176103000.0,368524298.95568,264996298.95568,22.64905483620174,5.229337131877961,0.014664506778071447,0.01790320429624859,0.01647748231752735,22.64905483620174,0.01965644323441683,4.162000101142696,15.245916719993382,1.1987219862527854,0.0,1.5091955345839567,0.0,0.23591365419046806,4.460678437738099,0.016100584022508312,2791.8507496642424,0.25950646563894064,-0.18181818181818185,-0.8317321381561524,0.02590385604300077,0.5596792443764279,-0.09417747467181771,-0.18733189887036042,-0.14152488972904853,-0.46458747072269585,-0.3665555529047419,0.2964346187058977,Food Distribution,Consumer Defensive,WILC
2010Q4,2010,Q4,2010-12-31,2010-12-31,7436000.0,91054000.0,7935000.0,0.55,25367000.0,0.2785929228809278,367284000.0,301350000.0,307344000.0,58300000.0,60412000.0,37614000.0,170060000.0,311545252.19664,204003252.19664,22.201055439722715,5.2717667238421955,0.016578451552477103,0.020205740832918533,0.02117945014620737,22.201055439722715,0.024675626348100214,3.4215438332927715,10.474221765621301,1.033831930302439,0.0,1.7463444462168343,0.0,0.24791169775977173,4.617427101200686,0.02024591324424696,77.38332145967213,0.2785929228809278,0.03773584905660381,3.381142292940227,0.26830799819525236,0.8787544975591114,0.028711626586641795,0.026079757140885885,-0.041203479942000965,1.7004069872579721,0.08766498786932245,0.31213738961283644,Food Distribution,Consumer Defensive,WILC
2010Q3,2010,Q3,2010-09-30,2010-09-30,7247000.0,79710000.0,8276000.0,0.53,24659000.0,0.3093589261071384,362514000.0,293851000.0,302049000.0,62145000.0,63787000.0,42110000.0,162624000.0,314996224.3456,203078224.3456,21.648589155526665,4.860391020999276,0.02133710698069592,0.02632286430878234,0.021323484523203103,21.648589155526665,0.024662158713089286,3.951777999568436,10.866435226493723,1.07195900080517,0.0,1.30731417715507,0.0,0.21988116321024842,4.154316517821225,0.01999095207357509,22.34491199160105,0.3093589261071384,0.1777777777777778,0.2912536677863351,0.2288680254492482,0.767762044735669,0.095809447629205,0.17550689375506895,0.21313397830548225,8.225602877127837,0.010698070623413616,0.2261092097105411,Food Distribution,Consumer Defensive,WILC
2010Q2,2010,Q2,2010-06-30,2010-06-30,6165000.0,82555000.0,6822000.0,0.45,22503000.0,0.27258191508691176,354090000.0,286480000.0,295179000.0,61808000.0,63315000.0,46249000.0,155377000.0,308361410.0504,209413410.05040002,21.105552886582924,4.775741004400725,0.024558728007003868,0.030354649539234852,0.017745798827913235,21.105552886582924,0.021519826864004468,3.7352239119423416,12.504517844703974,1.0763802361435353,0.0,1.2984496962096477,0.0,0.23314694004349176,4.007701268444214,0.01741082775565534,15.529103593211463,0.27258191508691176,-0.3382352941176471,2.2254969669556472,0.343424356380316,0.7817026372446476,-0.203630958700499,-0.1588211215718379,-0.35244423350735643,0.6136858768073059,0.11928231925771791,0.1956125588691814,Food Distribution,Consumer Defensive,WILC
2010Q1,2010,Q1,2010-03-31,2010-03-31,7329000.0,95039000.0,10535000.0,0.68,28257000.0,0.297320047559423,355031000.0,280568000.0,296748000.0,69272000.0,70819000.0,56026000.0,149212000.0,237289735.76184,116416735.76183999,26.0316882417523,4.283808753897679,0.02859186944238672,0.03618017735450942,0.026685428384126648,26.0316882417523,0.026122009637592314,2.4967617058453895,8.094205749823987,0.8457476824222291,0.0,1.1919822939349587,0.0,0.2676921170264005,3.2563517727220233,0.020643267770983378,-9.98274025081363,0.297320047559423,-0.055555555555555455,2.1518779320761414,0.8750266535195427,1.2247705519259637,0.16754813651764316,-0.06182795698924731,0.7082860385925085,0.07313276021976545,0.2681697969098425,0.5018382736127851,Food Distribution,Consumer Defensive,WILC
2009Q4,2009,Q4,2010-03-03,2009-12-31,7812000.0,79756000.0,6167000.0,0.72,24202000.0,0.30345052409850043,282719000.0,202938000.0,223012000.0,74653000.0,76239000.0,44810000.0,141883000.0,257005392.1155,180370392.1155,18.8290138162753,2.9873146424122274,0.0370297008690608,0.05158718426317398,0.0266979986241667,18.8290138162753,0.0384945155663306,3.2223957083542305,8.22469892842742,1.2664232037149277,0.0,1.2397679089488953,0.0,0.282103431322267,2.3870708477891043,0.027631676682500998,-31.764354482202446,0.30345052409850043,-0.3333333333333334,0.9905413819080268,0.5709574233045329,0.6370969978977724,0.09052403911143153,-0.298050139275766,-0.566345545320301,13.190805823496436,0.7383403350421516,0.1290932540385018,Food Distribution,Consumer Defensive,WILC
2009Q3,2009,Q3,2009-09-30,2009-09-30,11129000.0,68628000.0,14221000.0,1.08,22193000.0,0.3233811272366964,272780000.0,195147000.0,212886000.0,72729000.0,74262000.0,27512000.0,134071000.0,173825160.59699997,83180160.59699997,19.005554498863592,2.9271129810666996,0.054890387858347385,0.07672677520023367,0.05974581683084387,19.005554498863592,0.05702880392729583,2.532860648671096,3.9047794185686038,0.8907395993635567,0.0,1.6878089560918872,0.0,0.2515873597771098,2.5488319652408253,0.040798445633844126,38.722468388728,0.3233811272366964,1.076923076923077,2.985843017042445,0.4235716438260677,0.7106601581910826,0.242261404981808,1.0923105846963714,1.3018776303010684,1.447011802172879,0.16438314021676137,0.24978508702468327,Food Distribution,Consumer Defensive,WILC
2009Q2,2009,Q2,2009-06-30,2009-06-30,5319000.0,83758000.0,6178000.0,0.52,17865000.0,0.2132930585735094,278083000.0,183682000.0,214877000.0,79439000.0,80847000.0,20513000.0,122942000.0,90493507.98225,11885507.982250005,17.888967093833173,2.7049308274273343,0.05984544182851882,0.09060223647390599,0.025207349960958796,17.888967093833173,0.028957655077797496,1.0804162943509874,4.253313967956853,0.4926639952866912,,3.2122556427631257,,0.30119784380922243,2.4467075366004103,0.01912738283174448,0.0,0.2132930585735094,-0.13333333333333328,0.017875788021153617,0.5316792232319906,0.6496620224879542,-0.18009087154068568,-0.13876295336787564,-0.2727486756915833,0.7059566498872081,0.6378554491488727,0.21328353480966222,Food Distribution,Consumer Defensive,WILC
2009Q1,2009,Q1,2009-03-31,2009-03-31,6176000.0,95570000.0,8495000.0,0.6,21789000.0,0.2279899550068013,275611000.0,178243000.0,211775000.0,81325000.0,83128000.0,34493000.0,117623000.0,54098961.24375,5839961.2437499985,17.359257639322887,2.60405779280664,0.07366904804234954,0.11391190677894784,0.03421044732384942,17.359257639322887,0.03464932704229619,0.5660663518232709,2.189886708377186,0.30351240297655446,,2.1390137129272606,,0.34675684207088975,2.1515893021826007,0.022408394439989696,0.0,0.2279899550068013,1.8125787185633608,2.8349518385039962,0.790045726407076,0.6763534364084159,3.063344324870253,1.8145907081864325,2.231227669559283,-0.7726619610003086,0.46379562932033386,0.1954085516433554,Food Distribution,Consumer Defensive,WILC
2008Q4,2008,Q4,2009-02-05,2008-12-31,-7581721.64,80613687.92,-6899617.52,-0.73839,5362331.680000007,0.06651887313878403,273342000.0,172232000.0,208575000.0,86052000.0,87760000.0,34417000.0,111447000.0,54294564.605399996,-6625435.394600004,16.773840553266382,2.4238251289917723,0.06522598063963826,0.10351734869246133,-0.029526075098633517,16.773840553266382,-0.04402040062241627,0.67351545384304,-1.7903111978864474,0.31524086467903756,0.0,2.1864589080977423,0.0,0.29491877545346123,2.0238692883372846,-0.02773712653013441,3.556800825771372,0.06651887313878403,-74.32571996027805,-4.363352261672623,0.9674778451931951,0.6466291173710524,-0.6292391136588942,-88.33394353380254,-10.645240036641642,-6.905165219050351,0.4843992696916269,0.41947883812780695,Food Distribution,Consumer Defensive,WILC
2008Q3,2008,Q3,2008-09-30,2008-09-30,86813.0,79124840.72,715339.12,0.01007,14463045.799999997,0.18278767664355303,273120643.04,181223873.76,207899772.4,76582956.08,78430336.72,30565121.04,120722157.8,108169172.3871,68554664.2271,17.649567809091895,2.71470028112814,0.06081218532268728,0.09164942132290949,0.007869845029514502,17.649567809091895,0.0004790373265884878,1.3670697015350655,311.50050219178,0.5968814712036866,0.0,2.115541922290389,0.0,0.2897065554594924,2.3155890087965902,0.0003178558714336571,-29.655539212149623,0.18278767664355303,1.052962647396047,-0.9518719557069634,1.1348666300029575,0.7623265451055481,-0.14164193768837557,1.0435210146698501,1.5080353112460496,-0.979551836389244,0.6125809464190308,0.44121336752035073,Food Distribution,Consumer Defensive,WILC
2008Q2,2008,Q2,2008-07-03,2008-06-30,-1994737.5,79437487.5,-1408050.0,-0.190134,16849665.0,0.2121122599704579,264123360.0,178423402.5,199218960.0,71046180.0,72739192.5,33474712.5,118859535.0,141107618.217051,109396320.717051,17.37682721274949,2.8040770101925254,0.056826259138911456,0.08412092970819789,-0.009291789092495815,17.37682721274949,-0.01117979744837564,1.7763353632886614,-17.684985896270938,0.7908582407907563,0.0,1.8697045568352528,0.0,0.3007590373679935,2.332908644771612,-0.007552294882209586,38.685906648092676,0.2121122599704579,-1.2244586685051435,-1.6949492397144332,0.8907759019944999,0.7390607871937689,-0.44111848196106107,-1.2336350133187315,-1.0957605993422403,-2.3796392754505913,0.7088800346051731,0.46692858691146716,Food Distribution,Consumer Defensive,WILC
2008Q1,2008,Q1,2008-04-09,2008-03-31,8537836.31,105739990.91,14703855.34,0.847078,30148903.58,0.2851230014352949,277481444.82,179382799.76,215387127.25,82851248.26,85713664.65,51297607.66,120027366.43,204425535.31559998,194447667.0856,17.470263836991677,2.5996847576041575,0.05779846854409931,0.08940657956870769,0.05548231208374992,17.470263836991677,0.047595624114591534,1.9332849715260108,5.985870655430731,1.139604998857779,0.0,1.4735791936149718,0.0,0.3810704927624717,1.9805316520405551,0.030769035081024704,0.0,0.2851230014352949,2.0830122099341555,1.2767876848580018,1.263327808010442,0.7779636448474674,5.023933235816528,2.0631025335196536,2.537563729056872,2.8541353261194606,1.1897741460494566,0.4930775199042512,Food Distribution,Consumer Defensive,WILC
2007Q4,2007,Q4,2007-12-31,2007-12-31,-8031056.31,63326814.17,-9563086.76,-0.78215,5004853.539999999,0.0790321383697676,240223428.58,173730330.03,190923297.64,47368380.15,47831074.95,29238455.57,111524869.96,237065113.58400002,181252553.33400002,16.91976435964029,4.03060643060643,0.024943019485730793,0.03448964644783275,-0.04928446489340802,16.91976435964029,-0.04622714012350742,3.743518708324752,-7.379636763622693,1.3645580109302922,0.0,1.9947004550350127,0.0,0.2636163114661012,3.4133496133496135,-0.03343161138558752,-71.32585881494916,0.0790321383697676,-14.074184273870019,-29.201869944576213,0.9975109035590223,0.8093660802532548,-0.5738328669199902,-14.515291154791152,-8.683354163821154,-3.148009088637761,0.3093120289173083,0.4710964529837621,Food Distribution,Consumer Defensive,WILC
2007Q3,2007,Q3,2007-10-11,2007-09-30,594220.0,59658885.0,1244650.0,0.059824,11743875.0,0.1968503937007874,243192565.0,181293310.0,193450730.0,44397870.0,44823460.0,25856600.0,119333830.0,247080005.70047998,197956480.70047998,17.65633027145881,4.357207451618738,0.02707566327120239,0.03632014882402445,0.011751785345947362,17.65633027145881,0.003277671967046109,4.141545818371899,103.95140087025007,1.3628743702703645,0.0,1.8531055900621118,0.0,0.24531541496755874,3.7748236570808467,0.0024434135147182647,49.68929224745701,0.1968503937007874,-0.7864000714094439,0.9651147849961613,0.9511854660252766,0.8866194693091002,-0.1258257811191544,-0.7943875432525952,-0.5336642937429749,-0.7871805519285684,0.23752254164889455,0.5892186011754473,Food Distribution,Consumer Defensive,WILC
2007Q2,2007,Q2,2007-07-12,2007-06-30,2890000.0,55794000.0,2669000.0,0.280075,13434250.0,0.2407830591102986,244409000.0,181254000.0,194675500.0,45776750.0,46176250.0,31386250.0,118706750.0,356979215.37915003,303900965.37915003,17.65250183265447,4.252715625290131,0.026083327537038323,0.03517163759144626,0.012944931651168508,17.65250183265447,0.015944475708122303,6.398164952847081,30.880554963594292,1.9694970338814595,0.0,1.3496276235612727,0.0,0.22828128260415942,3.56707826571349,0.011824441816790708,-71.79069188117647,0.2407830591102986,-0.5503078763356695,-0.13616129013133,0.17810066444391207,0.8701044731027688,-0.3534109876425345,-0.5558179115950691,-0.7355790809705696,-0.4469522415151092,0.020302664593300882,0.6278559696869137,Food Distribution,Consumer Defensive,WILC
2007Q1,2007,Q1,2007-04-11,2007-03-31,6506340.7,71395359.5,10093755.1,0.622815,20777108.4,0.29101482989241056,241253618.4,177975614.4,192042929.2,46441238.5,47234289.6,39606881.9,115706570.7,310864259.69541,259872319.59541002,17.33321669791456,4.135181046043808,0.02581577860388269,0.03499440089585666,0.03902785264350056,17.33321669791456,0.03655748413587159,4.354124159783942,11.944665751034602,1.7466677148069447,,1.2780165635810883,,0.29593487539584196,3.282342422887796,0.026968883381522788,0.0,0.29101482989241056,11.47452068617558,0.265533235869291,0.510387724278145,0.986185625144297,1.4853464251246793,11.657649854091538,10.194517497015626,3.0400750047601,0.33724974529948554,0.6738387078109052,Food Distribution,Consumer Defensive,WILC
