Quarters,Year,Quarter,FillingDate,Date,NetIncome,Revenue,OperatingIncome,EPSDiluted,GrossProfit,GrossProfitRatio,TotalAssets,CommonStockEquity,CurrentAssets,CurrentLiability,TotalLiability,Inventory,RetainedEarnings,MarketCap,EnterpriseValue,bookValuePerShare,currentRatio,debtToAssets,debtToEquity,roic,shareholdersEquityPerShare,roe,priceToSalesRatio,peRatio,pbRatio,payoutRatio,inventoryTurnover,dividendYield,assetTurnover,quickRatio,returnOnAssets,priceToFreeCashFlowsRatio,grossProfitMargin,epsdilutedGrowth,fiveYNetIncomeGrowthPerShare,fiveYRevenueGrowthPerShare,fiveYShareholdersEquityGrowthPerShare,grossProfitGrowth,netIncomeGrowth,operatingIncomeGrowth,threeYNetIncomeGrowthPerShare,threeYRevenueGrowthPerShare,threeYShareholdersEquityGrowthPerShare,Industry,Sector,Symbol
2023Q1,2023,Q1,2023-05-11,2023-03-31,8278000.0,7074000.0,3259000.0,0.25,7074000.0,1.0,197118000.0,165729000.0,159065000.0,19604000.0,31389000.0,0.0,-61738000.0,291470820.0,264249820.0,5.083243873263196,8.113905325443787,0.0013342261995353036,0.001586928057250089,0.016583425240210465,5.083243873263196,0.049949013147970484,41.20311280746395,8.802573689296931,1.7587194757706859,0.5315293549166465,0.0,0.015095850761321493,0.035887133595105467,7.6586410936543565,0.04199515011313021,82.73369855237014,1.0,-0.5833333333333334,-0.8920922177456474,-0.9245559991828952,0.43411679303059636,-0.5874496996559165,-0.5798396101918587,-0.43625670299256186,2.6305958750930483,0.07519461159058094,1.3265685453235514,Software—Application,Technology,IMMR
2022Q4,2022,Q4,2023-02-22,2022-12-31,19702000.0,9164000.0,5781000.0,0.6,17147000.0,1.8711261458,190110000.0,157700000.0,160320000.0,19346000.0,32410000.0,0.0,-70016000.0,227258810.0,178924810.0,4.878275126055619,8.286984389537889,0.0025564147072747356,0.0030818008877615726,0.04870179512136773,4.878275126055619,0.12493341788205453,24.79908446093409,2.883702289107705,1.4410831325301205,0.0,0.0,0.0,0.04820367155857135,7.8038354181743,0.10363473778338857,28.178401735895847,1.8711261457878656,1.6086956521739129,2.450031955210982,0.2023981375929569,13.775763429339015,0.22426103098671998,1.5570408825438027,-0.47108874656907596,18.753587423308666,-0.21536575465933416,0.8481147608542668,Software—Application,Technology,IMMR
2022Q3,2022,Q3,2022-11-14,2022-09-30,7705000.0,14006000.0,10930000.0,0.23,14006000.0,1.0,171217000.0,143154000.0,144620000.0,13776000.0,28063000.0,675000.0,-89718000.0,182273490.0,146221490.0,4.311737598265113,10.497967479674797,0.004175987197532955,0.004994621177193791,0.06787097048850656,4.311737598265113,0.05382315548290652,13.013957589604455,5.914130110317975,1.2732685778951338,0.0,0.0,0.0,0.08180262473936584,10.438588850174217,0.045001372527260726,13.582227272727273,1.0,5.251386321626618,2.283700746284672,0.039968183085822305,5.35280195784489,0.7544782663159213,5.235843870258384,1.6619581100828056,6.305849840304365,0.25917134812857645,0.6194614525646993,Software—Application,Technology,IMMR
2022Q2,2022,Q2,2022-08-15,2022-06-30,-1819000.0,7983000.0,4106000.0,-0.0541,7983000.0,1.0,174018000.0,139737000.0,148339000.0,19453000.0,34281000.0,835000.0,-97423000.0,179509440.0,123088440.0,4.1568598286530225,7.625507633783992,0.00556838947695066,0.006934455441293287,0.026451549897023557,4.1568598286530225,-0.013017311091550555,22.486463735437805,-24.671445849367785,1.2846235427982566,0.0,0.0,0.0,0.04587456470020343,7.572765126201614,-0.010452941649714397,23.641438166732517,1.0,-1.3606666666666667,0.8935893271404065,-0.013848825120869664,4.064107539868451,0.09296276013143483,-1.3583530338849488,0.13960588398556759,0.8017724476025669,-0.14228256883061347,0.568096041920979,Software—Application,Technology,IMMR
2022Q1,2022,Q1,2022-05-13,2022-03-31,5076000.0,7308000.0,3603000.0,0.15,7304000.0,0.9994526546,180861000.0,143350000.0,160357000.0,21311000.0,37511000.0,701000.0,-95604000.0,189017760.0,127124760.0,4.216672549711731,7.524611702876449,0.005888500008293662,0.0074293686780606905,0.022301524322120687,4.216672549711731,0.03540983606557377,25.864499178981937,9.309385342789598,1.3185752354377396,0.0,0.005706134094151213,0.0,0.04040672118367144,7.483224625780114,0.028065752152205286,17.124276136981337,0.9994526546250684,2.7974683544303796,1.3368536578707255,-0.3235920720023487,2.2557782410969223,-0.2498716237033994,2.7994011976047903,-0.37900723888314375,1.4213826194085115,0.3047818198884045,0.441634312053798,Software—Application,Technology,IMMR
2021Q4,2021,Q4,2022-02-25,2021-12-31,1336000.0,9747000.0,5802000.0,0.0395,9737000.0,0.9989740433,175520000.0,141295000.0,153323000.0,16630000.0,34225000.0,0.0,-100680000.0,192626850.0,142234850.0,4.188380020749963,9.219663259170174,0.006255697356426618,0.007770975618387062,0.01047926567086628,4.188380020749963,0.009455394741498284,19.76268082486919,36.04544348802395,1.3632955872465409,0.0,0.0,0.0,0.05553213309024613,9.16049308478653,0.007611668185961714,29.72177904644345,0.998974043295373,-0.6708333333333333,1.0299605855139187,-0.10271451754661506,1.1842545608753874,0.3589672016748081,-0.6457173163617078,0.5796351756057718,1.3883896438118004,-0.18072696174527514,0.2950104551413742,Software—Application,Technology,IMMR
2021Q3,2021,Q3,2021-11-03,2021-09-30,3771000.0,7173000.0,3673000.0,0.12,7165000.0,0.9988847065384079,160523000.0,130789000.0,134539000.0,10722000.0,29734000.0,0.0,-102016000.0,222122160.0,132734160.0,4.027498922214694,12.547938817384816,0.00755654952872797,0.009274480269747455,0.02529163204467536,4.027498922214694,0.02883269999770623,30.96642409033877,14.725680190930788,1.6983244768290913,0.0,0.0,0.0,0.04468518530054883,12.456258160790897,0.0234919606536135,133.24664667066585,0.9988847065384079,-0.2941176470588236,-0.5226486601737272,-0.7577627138057813,0.26728018418668165,-0.34679551463214514,-0.2939524433626662,-0.36748751506802135,1.7703203676999955,-0.20500212503600057,0.2347621624726664,Software—Application,Technology,IMMR
2021Q2,2021,Q2,2021-08-16,2021-06-30,5341000.0,11010000.0,5807000.0,0.17,10969000.0,0.9962761126248865,141949000.0,111726000.0,122128000.0,9767000.0,30223000.0,0.0,-105787000.0,271712140.0,165727140.0,3.606158414563295,12.504146616156445,0.009080726176302756,0.01153715339312246,0.04640661397887643,3.606158414563295,0.04780445017274403,24.678668483197093,12.718224115334205,2.4319508440291426,0.0,0.0,0.0,0.07756306842598398,12.389372376369407,0.03762618968784563,58.90139605462822,0.9962761126248865,1.4285714285714286,1.894655395485216,0.30298452755654465,0.24061865970097776,0.5384291725105189,1.6232809430255404,1.3293221018852788,1.6783400823393884,0.7656750857856981,0.0797218231349854,Software—Application,Technology,IMMR
2021Q1,2021,Q1,2021-05-07,2021-03-31,2036000.0,7159000.0,2493000.0,0.07,7130000.0,0.9959491549099037,136408000.0,105298000.0,115871000.0,9218000.0,31110000.0,0.0,-111128000.0,273786820.0,172527820.0,3.6844536197907556,12.570080277717508,0.010006744472464957,0.01296320917776216,0.021582675812846223,3.6844536197907556,0.01933559991642766,38.24372398379662,33.61822445972495,2.6001141522156166,0.0,0.0,0.0,0.05248225910503783,12.457149056194401,0.01492581080288546,62.89612221456467,0.9959491549099037,-0.7666666666666666,1.7531997267477366,-0.4760730295189385,0.19272349961028432,-0.34617148097203115,-0.7482067771456838,-0.5244181610072491,-0.9697228038756728,-0.9128991178394201,0.039481272397080366,Software—Application,Technology,IMMR
2020Q4,2020,Q4,2021-03-05,2020-12-31,8086000.0,10935000.0,5242000.0,0.3,10905000.0,0.9972565157750343,96130000.0,63981000.0,74350000.0,8780000.0,32149000.0,0.0,-113164000.0,304367110.0,246227110.0,2.3732705219036316,8.468109339407745,0.014376365338603973,0.021600162548256512,0.10861227795667439,2.3732705219036316,0.1263812694393648,27.834212162780062,9.41031134058867,4.757148372172988,0.0,0.0,0.0,0.11375221054821595,7.031890660592255,0.08411526058462498,101.35434898434899,0.9972565157750343,1.7272727272727273,6.460206610689369,-0.3071237749591946,-0.22443662041814588,0.44169751454257006,1.8322241681260947,1.027852998065764,1.7136127812327346,0.7204562221278009,6.188377629251447,Software—Application,Technology,IMMR
2020Q3,2020,Q3,2020-11-06,2020-09-30,2855000.0,7596000.0,2585000.0,0.11,7564000.0,0.9957872564507636,87436000.0,54014000.0,67277000.0,8493000.0,33422000.0,0.0,-121250000.0,189630900.0,135058900.0,2.0081046917986467,7.921464735664665,0.015885905119172882,0.02571555522642278,0.047100747155858824,2.0081046917986467,0.05285666679009146,24.96457345971564,16.60515761821366,3.5107731328914724,0.0,0.0,0.0,0.08687497140765817,6.749911691981632,0.032652454366622445,107.13610169491525,0.9957872564507636,4.666666666666667,15.26160382055236,-0.44380206591491006,-0.32924377911246105,0.3492686407420621,5.009831460674158,3.440982058545798,1.587122114277894,-0.30381916725729763,1.9586891889592128,Software—Application,Technology,IMMR
2020Q2,2020,Q2,2020-08-07,2020-06-30,-712000.0,5668000.0,-1059000.0,-0.03,5606000.0,0.989061397318278,85620000.0,49730000.0,64681000.0,9340000.0,35890000.0,0.0,-124105000.0,172159820.0,119464820.0,1.7995947021784757,6.9251605995717345,0.016421396869890213,0.02827267243112809,-0.021386850494056534,1.7995947021784757,-0.014317313492861451,30.373997882851093,-60.449375,3.461890609290167,0.0,0.0,0.0,0.06619948610137819,5.983940042826553,-0.008315814062135015,-49.74279687951459,0.989061397318278,0.8125,-1.4534380549334642,-0.6451070821472267,-0.3837951707167887,-0.09769837437630774,0.8525269262634632,0.7671503957783641,0.9493318828833996,-0.14825520049671828,1.1923618971204042,Software—Application,Technology,IMMR
2020Q1,2020,Q1,2020-05-08,2020-03-31,-4828000.0,6257000.0,-4548000.0,-0.16,6213000.0,0.9929678759789037,107489000.0,67744000.0,91091000.0,11716000.0,39745000.0,0.0,-123393000.0,166192160.0,91386160.0,2.184867445010643,7.77492318197337,0.013238563946078204,0.02100555030703826,-0.06512987091570617,2.184867445010643,-0.07126830420406235,26.56099728304299,-8.605642087821044,2.45323807274445,0.0,0.0,0.0,0.058210607597056443,6.98327074086719,-0.044916223985710164,-124.30228870605833,0.9929678759789037,-6.333333333333334,-72.41679303185715,-0.6553286234148007,-0.22613424432057866,-0.45552537025676976,-5.931562819203268,-10.514644351464435,0.6487074063796537,-0.3650224316598432,0.6869803863790612,Software—Application,Technology,IMMR
2019Q4,2019,Q4,2020-03-06,2019-12-31,979000.0,11464000.0,478000.0,0.03,11411000.0,0.9953768318213538,124848000.0,83757000.0,106960000.0,11823000.0,41091000.0,0.0,-118565000.0,235761330.0,150433330.0,2.6395953483974663,9.046773238602723,0.00921120082019736,0.013730195685136764,0.004350251577442858,2.6395953483974663,0.011688575283259907,20.565363747383113,60.204629724208374,2.8148253877287868,0.0,0.0,0.0,0.0918236575676022,7.856043305421636,0.00784153530693323,-69.93809848709581,0.9953768318213538,1.7500000000000002,-0.1586536180633743,-0.2642944198230884,-0.04437296454307352,0.08038250331376633,1.7058399423215573,1.3749019607843138,1.0233412164258393,0.1219998734180577,0.3765580367681764,Software—Application,Technology,IMMR
2019Q3,2019,Q3,2019-11-07,2019-09-30,-1387000.0,10624000.0,-1275000.0,-0.04,10562000.0,0.994164156626506,127742000.0,84429000.0,109464000.0,13425000.0,43313000.0,0.0,-119544000.0,242589150.0,157165150.0,2.662451515247075,8.153743016759776,0.009088631773418296,0.013751199232491206,-0.01569289269229394,2.662451515247075,-0.016428004595577347,22.834069088855422,-43.72551369863014,2.873291759940305,0.0,0.0,0.0,0.08316763476382083,7.260782122905028,-0.010857822799079394,-34.88483606557377,0.994164156626506,0.8518518518518519,-2.161951087675763,-0.20754231158908357,-0.020126266047127618,0.2136045041939561,0.8390951276102088,0.8607318405243036,-1.1797976136344428,-0.6325873776273054,-0.16224135330741601,Software—Application,Technology,IMMR
2019Q2,2019,Q2,2019-08-14,2019-06-30,-8620000.0,8743000.0,-9155000.0,-0.27,8703000.0,0.9954249113576575,135036000.0,83710000.0,114818000.0,20026000.0,51326000.0,0.0,-118157000.0,239677020.0,148233020.0,2.650896193552473,5.733446519524618,0.00866435617168755,0.013976824752120415,-0.10635461840329058,2.650896193552473,-0.10297455501134871,27.41359030081208,-6.951189675174014,2.8631826544021024,0.0,0.0,0.0,0.06474569744364465,5.321981424148607,-0.06383482923072366,-14.668116279069768,0.9954249113576575,0.22857142857142848,-46.8452386707696,-0.3357788490395478,-0.05548096081345918,0.7041315841002546,0.21750181554103123,0.20384381250543526,-0.41665892645365876,0.015166428627989406,-0.08801807780544774,Software—Application,Technology,IMMR
2019Q1,2019,Q1,2019-05-10,2019-03-31,-11016000.0,5122000.0,-11499000.0,-0.35,5107000.0,0.9970714564623194,148481000.0,90933000.0,127892000.0,24865000.0,57548000.0,0.0,-109537000.0,271406970.0,169917970.0,2.924925214706166,5.143454655137744,0.007846121726012083,0.012811630541167672,-0.12459719927025394,2.924925214706166,-0.12114413909141895,52.988475204998046,-6.15938112745098,2.9846916960839303,0.0,0.0,0.0,0.03449599612071578,4.790589181580535,-0.07419131067274601,-35.78678401898734,0.9970714564623194,-2.4999999999999996,-6.393002258364709,-0.6971989427806222,0.06985544907575789,-0.5288310729772119,-2.5060471037555696,-2.242808798646362,-2.7462485075614205,-0.6554135128508582,-0.05314942236107617,Software—Application,Technology,IMMR
2018Q4,2018,Q4,2019-02-27,2018-12-31,-3142000.0,10867000.0,-3546000.0,-0.1,10839000.0,0.9974233919204932,145995000.0,99660000.0,135825000.0,15345000.0,46335000.0,0.0,-98521000.0,276093440.0,165105440.0,3.234244174725774,8.851417399804497,0.0,0.0,-0.03649866942314938,3.234244174725774,-0.03152719245434477,25.40659243581485,-21.967969446212606,2.770353602247642,0.0,0.0,0.0,0.07443405596082057,8.209123492994461,-0.02152128497551286,-49.07455385709207,0.9974233919204932,0.33333333333333326,-1.0812247263497667,-0.16374091500297908,0.14718626043563743,0.2765280885643623,0.3228448275862069,0.31319000581057527,-3.5361737292625874,-0.3975760357695848,0.056921796058569986,Software—Application,Technology,IMMR
2018Q3,2018,Q3,2018-11-02,2018-09-30,-4640000.0,8552000.0,-5163000.0,-0.15,8491000.0,0.992867165575304,146695000.0,100397000.0,139530000.0,13728000.0,46298000.0,0.0,-95379000.0,314263800.0,201630800.0,3.2617608836907084,10.163898601398602,0.0,0.0,-0.05167083042383237,3.2617608836907084,-0.046216520413956595,36.74740411599626,-16.93231681034483,3.1302110620835286,0.0,0.0,0.0,0.05829782882852176,9.595571095571096,-0.03163025324653192,-48.69287263712427,0.992867165575304,0.4,-4.572647000935564,-0.30042026112585163,0.5832305144291537,0.4034710743801653,0.40190770817220933,0.3775768535262206,-24.095460067237333,-0.4527780853449704,0.08950813805605864,Software—Application,Technology,IMMR
2018Q2,2018,Q2,2018-08-03,2018-06-30,-7758000.0,6144000.0,-8295000.0,-0.25,6050000.0,0.9847005208333334,151037000.0,101957000.0,143529000.0,15354000.0,49080000.0,0.0,-91156000.0,471336880.0,354899880.0,3.3398958299210535,9.34798749511528,0.0,0.0,-0.0796936899423732,3.3398958299210535,-0.07609090106613572,76.71498697916667,-15.188736787831914,4.622898672969978,0.0,0.0,0.0,0.0406787740752266,8.968868047414354,-0.05136489734303515,-110.46095148816498,0.9847005208333334,-1.1091703056768558,-10.217658425750535,-0.4446829395125803,0.679675303379873,-0.9291411438141975,-1.1110141236065996,-1.1183225162256616,-5.4724693582832735,-0.6517602641005704,0.14362413781772895,Software—Application,Technology,IMMR
2018Q1,2018,Q1,2018-05-11,2018-03-31,69883000.0,85416000.0,70105000.0,2.29,85381000.0,0.9995902407043177,155335000.0,105272000.0,147253000.0,15024000.0,50063000.0,0.0,-83398000.0,354915000.0,235787000.0,3.5445117845117844,9.801184771033014,0.0,0.0,0.6616525548935895,3.5445117845117844,0.6638327380500038,4.155134869345321,1.2696757437431134,3.371409301618664,0.0,0.0,0.0,0.5498825119902147,9.427382854100106,0.4498857308397979,4.117486687471722,0.9995902407043177,6.4523809523809526,27.640770659696535,4.690498986983835,0.9557107453966798,11.451655242817559,6.684317553278022,6.738785199738048,1110.4020966729443,3.9121043802053195,0.255442885974469,Software—Application,Technology,IMMR
2017Q4,2017,Q4,2018-02-27,2017-12-31,-12294000.0,6896000.0,-12216000.0,-0.42,6857000.0,0.9943445475638051,51975000.0,9657000.0,48080000.0,19100000.0,42318000.0,0.0,-171616000.0,206505000.0,181883000.0,0.33015384615384613,2.5172774869109946,0.0,0.0,-1.2843154949254432,0.33015384615384613,-1.2730661696178938,29.94562064965197,-4.199304538799414,21.383970177073625,0.0,0.0,0.0,0.13267917267917267,2.478743455497382,-0.23653679653679655,-120.3409090909091,0.9943445475638051,-1.3333333333333333,-56.34678153846155,-0.2738783816634832,-0.7981846698361114,-0.41899678020674463,-1.3253262719878949,-1.2443505419805254,-12.461546932909764,-0.5199096084341697,-0.8804726105324254,Software—Application,Technology,IMMR
2017Q3,2017,Q3,2017-11-03,2017-09-30,-5287000.0,11863000.0,-5443000.0,-0.18,11802000.0,0.9948579617297479,59772000.0,19849000.0,55579000.0,15651000.0,39923000.0,0.0,-159322000.0,238931650.0,219668650.0,0.6787143101384853,3.5511468915724236,0.0,0.0,-0.27652165995167005,0.6787143101384853,-0.26636102574437,20.140912922532245,-11.298073103839606,12.037465363494382,0.0,0.0,0.0,0.19847085591915947,3.488658871637595,-0.08845278725824801,-17.331470332221095,0.9948579617297479,0.6470588235294118,-0.6722733497593563,0.5708829685994189,-0.5775904502742973,0.6918004587155964,0.6438531492084877,0.6349674736771511,-5.802628658454293,-0.04050909241241343,-0.750209789153314,Software—Application,Technology,IMMR
2017Q2,2017,Q2,2017-08-04,2017-06-30,-14845000.0,7030000.0,-14911000.0,-0.51,6976000.0,0.9923186344238976,70777000.0,23963000.0,66339000.0,21482000.0,46814000.0,0.0,-154035000.0,265072440.0,231920440.0,0.8208474634330147,3.0881202867516993,0.0,0.0,-0.6264285672927462,0.8208474634330147,-0.619496724116346,37.705894736842104,-4.464002020882452,11.06173851354171,0.0,0.0,0.0,0.09932605224861184,3.042081742854483,-0.2097432781835907,-18.863680614859096,0.9923186344238976,-0.15909090909090912,-5.620806739180315,0.04334146709973682,-0.5367046562398711,-0.2401699161311404,-0.1539059463661096,-0.16020852785558667,-86.40298831465839,-0.422285270409985,-0.7075305855558718,Software—Application,Technology,IMMR
2017Q1,2017,Q1,2017-05-05,2017-03-31,-12865000.0,9224000.0,-12852000.0,-0.44,9181000.0,0.995338248048569,83196000.0,37590000.0,78613000.0,19262000.0,45606000.0,0.0,-139190000.0,251347840.0,208237840.0,1.2951350606394707,4.081248053161666,0.0,0.0,-0.3459872817469647,1.2951350606394707,-0.34224527799946797,27.249332176929748,-4.884334240186552,6.686561319499868,0.0,0.0,0.0,0.11087071493821818,4.043505347315959,-0.15463483821337565,-17.454711111111113,0.995338248048569,0.6666666666666667,-55.552310825743966,-0.08370486511712479,-0.3172967450981502,-0.005847319978343259,0.6627608262556359,-0.14668094218415417,-7.746304708313026,-0.41590082234487863,-0.5262759899133367,Software—Application,Technology,IMMR
2016Q4,2016,Q4,2017-03-03,2016-12-31,-38148000.0,9293000.0,-11208000.0,-1.32,9235000.0,0.9937587431399979,103767000.0,55340000.0,94030000.0,21022000.0,48427000.0,0.0,-119329000.0,306781800.0,249916800.0,1.9175329175329174,4.4729331176862335,0.0,0.0,-0.6799355283592303,1.9175329175329174,-0.6893386338995302,33.012138168513935,-2.010471060081787,5.543581496205277,0.0,0.0,0.0,0.08955641003401853,4.336124060508039,-0.3676313278788054,-54.249655172413796,0.9937587431399979,-6.500000000000001,-138.38447524447523,0.19216396901052302,0.05759438397318327,-0.6482574747667111,-6.435736677115988,-2.108166897369982,-2.052944793787198,-0.2364475579607758,-0.3198511620993058,Software—Application,Technology,IMMR
2016Q3,2016,Q3,2016-11-04,2016-09-30,7018000.0,26306000.0,10114000.0,0.24,26255000.0,0.998061278795712,137623000.0,91684000.0,101148000.0,17524000.0,45939000.0,0.0,-81181000.0,235407840.0,173433840.0,3.178065097577039,5.771969869892718,0.0,0.0,0.07182978746761418,3.178065097577039,0.07654552593691374,8.948826883600699,8.385859219150756,2.5676000174512454,0.0,0.0,0.0,0.19114537540963356,5.601061401506505,0.05099438320629546,6.043536660505238,0.998061278795712,2.1999999999999997,5.982142634447981,3.059879560294983,0.6045968833126638,2.3638693145419603,2.263138948884089,2.057839138165464,4.765319004707441,1.2959487967797887,0.5426053039280205,Software—Application,Technology,IMMR
2016Q2,2016,Q2,2016-08-05,2016-06-30,-5556000.0,7864000.0,-9561000.0,-0.2,7805000.0,0.9924974567650051,101158000.0,83813000.0,60877000.0,15047000.0,17345000.0,0.0,-88199000.0,211641560.0,191307560.0,2.906742040646459,4.045789858443544,0.0,0.0,-0.07429027560184735,2.906742040646459,-0.06629043227184327,26.91271108850458,-9.523108351331894,2.5251638767255677,0.0,0.0,0.0,0.07773977342375295,3.850402073503024,-0.05492398030803298,-37.28052844812401,0.9924974567650051,-1.2222222222222223,-3.2082729940851213,0.16775032601544154,0.4472249931763952,-0.4261029411764706,-1.061595547309833,-1.0748697916666667,-7.988955979088262,-0.24748953062926066,0.4618368558774119,Software—Application,Technology,IMMR
2016Q1,2016,Q1,2016-05-06,2016-03-31,-2695000.0,13623000.0,-4608000.0,-0.09,13600000.0,0.9983116787785363,105448000.0,88018000.0,68259000.0,15472000.0,17430000.0,0.0,-82643000.0,235352180.0,214473180.0,3.089109605868108,4.411776111685626,0.0,0.0,-0.03209534587091551,3.089109605868108,-0.03061873707650708,17.276090435293256,-21.8322987012987,2.6739096548433277,0.0,0.0,0.0,0.12919163948107124,4.238624612202689,-0.025557620817843865,-39.748721499746665,0.9983116787785363,-3.25,-2.925015381198335,0.38271287331144127,0.5603801029265656,-0.1746070279783941,-3.3681898066783833,-4.574864235841738,-2.15130449417428,-0.053976012639544074,0.7044392055072528,Software—Application,Technology,IMMR
2015Q4,2015,Q4,2016-02-26,2015-12-31,1138000.0,16570000.0,1289000.0,0.04,16477000.0,0.9943874471937236,105415000.0,86615000.0,68934000.0,15185000.0,18800000.0,0.0,-79948000.0,330036300.0,305023300.0,3.06006006006006,4.539611458676325,0.0,0.0,0.015652179109051537,3.06006006006006,0.013138601858800439,19.917700663850333,72.50358084358524,3.8103827281648677,0.0,0.0,0.0,0.15718825594080538,4.35587751070135,0.010795427595693213,-141.89006878761822,0.9943874471937236,5.333478260869565,1.4895467780153377,1.5867694508763324,0.6102309186468341,0.16067906452521838,5.184782608695652,0.004676539360872954,6.485558028616852,0.8030066715234689,0.8705431983808365,Software—Application,Technology,IMMR
2015Q3,2015,Q3,2015-10-30,2015-09-30,184000.0,14313000.0,1283000.0,0.006315644950916455,14196000.0,0.9918256130790191,108603000.0,84395000.0,74603000.0,19473000.0,24208000.0,0.0,-81086000.0,316573700.0,283406700.0,2.993792124866974,3.8310994710624966,0.0,0.0,0.0023329669090021653,2.993792124866974,0.0021802239469162865,22.117913784671277,430.1273097826087,3.751095444042894,0.0,0.0,0.0,0.1317919394491865,3.525907667026139,0.0016942441737336905,-58.15093681116826,0.9918256130790191,-0.8947392508180592,1.1620780938324513,1.181849234554868,0.5397489605683056,-0.11869878321331016,-0.8846394984326019,-0.42129003157419936,1.0603771113597293,0.966239977176119,0.8632381320785502,Software—Application,Technology,IMMR
2015Q2,2015,Q2,2015-07-31,2015-06-30,1595000.0,16223000.0,2217000.0,0.06,16108000.0,0.9929112987733465,113824000.0,81977000.0,87677000.0,25409000.0,31847000.0,0.0,-81270000.0,355646900.0,303010900.0,2.9204488778054865,3.4506277303317723,0.0,0.0,0.019061181010586098,2.9204488778054865,0.01945667687278139,21.92238796770018,55.744028213166146,4.338374178123132,0.0,0.0,0.0,0.1425270593196514,2.8625290251485693,0.014012861962327804,-48.519358799454295,0.9929112987733465,29.288543140028285,7.870897161857261,0.9163323171212296,0.49425610711940526,-0.003957457333663122,28.033898305084747,32.67142857142857,1.7398227996465583,1.504024802988558,0.6483334931901018,Software—Application,Technology,IMMR
2015Q1,2015,Q1,2015-05-01,2015-03-31,-59000.0,16287000.0,-70000.0,-0.002121,16172000.0,0.9929391539264444,118634000.0,78539000.0,90218000.0,33151000.0,40095000.0,0.0,-82865000.0,255369240.0,215014240.0,2.823315838665612,2.721426201321227,0.0,0.0,-0.0005535298922895162,2.823315838665612,-0.0007512191395357721,15.67932952661632,-1082.0730508474578,3.2514959446898994,0.0,0.0,0.0,0.13728779270698113,2.4205604657476396,-0.0004973279161117387,12.327745112237508,0.9929391539264444,-1.0530249999999999,0.97760637924093,0.6898175693321272,0.47275556937187546,0.19934737466627114,-1.0580137659783677,-1.0586264656616415,0.7294024006663009,0.688062589920409,0.48825166675764753,Software—Application,Technology,IMMR
2014Q4,2014,Q4,2015-02-27,2014-12-31,1017000.0,13619000.0,1194000.0,0.04,13484000.0,0.9900873779278948,97521000.0,76603000.0,70604000.0,12579000.0,20918000.0,0.0,-82806000.0,262631510.00000003,248251510.00000003,2.7621606028918615,5.612846808172351,0.0,0.0,0.011015867601880861,2.7621606028918615,0.013276242444812866,19.284199280417067,64.56035152409046,3.4284755166246756,0.0,0.0,0.0,0.13965197239568913,4.800222593210907,0.010428523087335035,-92.60631523272215,0.9900873779278948,0.0,1.2398688029641598,0.9816994315112458,0.3885876538676333,0.12865154432075,-0.0521901211556384,-0.2984723854289072,4.866901044483708,0.8181292331665173,0.5234395793365915,Software—Application,Technology,IMMR
2014Q3,2014,Q3,2014-10-31,2014-09-30,1073000.0,12051000.0,1702000.0,0.04,11947000.0,0.9913700107874865,104095000.0,77452000.0,74989000.0,17174000.0,26643000.0,0.0,-83823000.0,244572900.0,234433900.0,2.717137344325557,4.366425992779783,0.0,0.0,0.014102313592218375,2.717137344325557,0.01385374167226153,20.294822006472494,56.98343429636533,3.1577351133605327,0.0,0.0,0.0,0.11576924924347952,3.8500058227553278,0.01030789182957875,-36.64013483146067,0.9913700107874865,5.913609467455621,1.1169031143625927,0.7950804770188216,0.28273369788272196,0.018499573742540496,5.349112426035503,13.547008547008547,1.7709251843397087,0.8823099549408496,0.3718756477207589,Software—Application,Technology,IMMR
2014Q2,2014,Q2,2014-08-01,2014-06-30,169000.0,11831000.0,117000.0,0.00578568983224923,11730000.0,0.991463105401065,114163000.0,79660000.0,84423000.0,23565000.0,34503000.0,0.0,-84896000.0,361031760.0,343814760.0,2.8066095902476835,3.5825588796944623,0.0,0.0,0.000951024613226904,2.8066095902476835,0.002121516444890786,30.51574338601978,534.070650887574,4.532158674366056,0.0,0.0,0.0,0.10363252542417421,3.2058137067685126,0.001480339514553752,-50.91408263996615,0.991463105401065,-0.9035718361291795,1.0187722893263398,0.7446892968495681,0.16794514075775516,-0.2341342387046226,-0.9093347639484979,-0.9603926878808395,1.1300394037609331,0.7847383003027083,0.3973704884357974,Software—Application,Technology,IMMR
2014Q1,2014,Q1,2014-05-06,2014-03-31,1864000.0,15436000.0,2954000.0,0.06,15316000.0,0.9922259652759783,120010000.0,77562000.0,90448000.0,30019000.0,42448000.0,0.0,-85065000.0,299303500.0,274938500.0,2.733944307366937,3.0130250841133948,0.0,0.0,0.024089471048247598,2.733944307366937,0.024032386993630903,19.389965016843743,40.14263680257511,3.858893530337021,0.0,0.0,0.0,0.1286226147821015,2.735400912755255,0.01553203899675027,18.574128087377435,0.9922259652759783,-0.9523809523809523,1.2459708230867812,1.1773191801859169,0.013416089296903707,0.2772913018096906,-0.9481083488767017,4.541966426858513,0.3372117520740239,0.5735221538711139,0.3809779658258132,Software—Application,Technology,IMMR
2013Q4,2013,Q4,2014-02-27,2013-12-31,35921000.0,12067000.0,-834000.0,1.26,11991000.0,0.9937018314411205,110575000.0,80671000.0,80184000.0,15935000.0,29904000.0,0.0,-86929000.0,297013320.0,282877320.0,2.819284266443,5.031942265453404,0.0,0.0,0.43896173680137285,2.819284266443,0.4452777330143422,24.613683599900554,2.067128699089669,3.681785523918137,0.0,0.0,0.0,0.1091295500791318,4.500156887354879,0.3248564322857789,46.60494586536953,0.9937018314411205,30.5,4.609803160359338,0.31048470029822484,-0.033127078882449326,0.06766984240049861,28.809958506224067,-1.587323943661972,16.285686187494424,0.8634558776154952,0.4835325468062794,Software—Application,Technology,IMMR
2013Q3,2013,Q3,2013-11-06,2013-09-30,1205000.0,11342000.0,1420000.0,0.04,11231000.0,0.9902133662493388,84132000.0,58835000.0,65983000.0,16536000.0,25297000.0,0.0,-107487000.0,376965600.0,360301600.0,2.0601932908466978,3.9902636671504594,0.0,0.0,0.019892632564556888,2.0601932908466978,0.020481006203790262,33.23625462881326,78.20863070539419,6.40716580266848,0.0,0.0,0.0,0.13481196215470925,3.9276729559748427,0.014322730946607711,1111.9929203539823,0.9902133662493388,0.3333333333333334,1.0384715276518064,0.16014973024822898,-0.36160521051788796,0.11485010919197935,0.5528350515463918,0.8733509234828496,2.047757627020269,0.7066756643684239,0.05958608542066095,Software—Application,Technology,IMMR
2013Q2,2013,Q2,2013-08-05,2013-06-30,776000.0,10201000.0,758000.0,0.03,10074000.0,0.9875502401725321,83603000.0,55966000.0,65910000.0,18082000.0,27637000.0,41000.0,-108692000.0,386444580.0,379540580.0,1.9884175371278334,3.6450613870147106,0.0,0.0,0.013371622665487835,1.9884175371278334,0.013865561233606117,37.88300950887168,124.4988981958763,6.904988385805668,0.0,3.097560975609756,0.0,0.12201715249452771,3.5814069240128306,0.009281963565900745,-82.5736282051282,0.9875502401725321,-0.625,1.2707637853487672,0.18135658226521736,-0.5472041561741219,-0.2653150525087515,-0.6555703506435864,-0.6646017699115044,3.3042184798313556,0.20173340149875893,0.017379578508234374,Software—Application,Technology,IMMR
2013Q1,2013,Q1,2013-05-07,2013-03-31,2253000.0,13860000.0,2260000.0,0.08,13712000.0,0.9893217893217893,85787000.0,49703000.0,68323000.0,25740000.0,36084000.0,76000.0,-109468000.0,306326080.0,276103080.0,1.8123906067677946,2.6543512043512045,0.0,0.0,0.04512956742787842,1.8123906067677946,0.04532925577932922,22.101448773448773,33.990909897913895,6.1631305957386875,0.0,1.9473684210526316,0.0,0.16156294077191183,2.6246697746697745,0.026262720458810774,16.21974372551096,0.9893217893217893,11.9152,1.968626415975841,0.8888389481222551,-0.6084685437329436,0.6181260325702148,12.265,14.216374269005849,1.8674183428021727,0.458670022268792,-0.05458386077836262,Software—Application,Technology,IMMR
2012Q4,2012,Q4,2013-03-06,2012-12-31,-200000.0,8860000.0,-171000.0,-0.00732922896511287,8474000.0,0.9564334085778781,63442000.0,44641000.0,46436000.0,7796000.0,18801000.0,141000.0,-111721000.0,187468560.0,182910560.0,1.6359205511580182,5.95638789122627,0.0,0.0,-0.005283530139681397,1.6359205511580182,-0.004480186375753231,21.158979683972913,-234.3357,4.199470441970386,0.0,2.7375886524822697,0.0,0.13965511806059078,5.826577732170343,-0.0031524857350020493,-47.55671232876713,0.9564334085778781,0.9333706457717011,0.9632839841553731,0.0005808543642927163,-0.6483486740096477,0.23365846556995196,0.9331103678929766,0.9417971409121851,0.9520589042809541,0.3102417446537158,-0.1775934108726075,Software—Application,Technology,IMMR
2012Q3,2012,Q3,2012-11-07,2012-09-30,-2990000.0,7142000.0,-2938000.0,-0.11,6869000.0,0.9617754130495659,67496000.0,44440000.0,50623000.0,11258000.0,23056000.0,359000.0,-111521000.0,152395580.0,138506580.0,1.6067683852773158,4.496624622490673,0.0,0.0,-0.06882789602079985,1.6067683852773158,-0.06728172817281729,21.337941753010362,-12.742105351170569,3.4292434743474347,0.0,0.7604456824512534,0.0,0.10581367784757616,4.376976372357435,-0.04429892141756549,-121.81900879296563,0.9617754130495659,-0.375,-7.278051077951983,-0.24584360347762632,-0.6620150553944019,0.0969338869370808,-0.3874709976798144,-0.27186147186147186,0.6642640705951932,0.09643011638428184,-0.24146051844154645,Software—Application,Technology,IMMR
2012Q2,2012,Q2,2012-08-07,2012-06-30,-2155000.0,6476000.0,-2310000.0,-0.08,6262000.0,0.9669549104385423,72923000.0,49712000.0,56470000.0,10654000.0,23211000.0,403000.0,-108531000.0,157966540.0,149569540.0,1.7717585002494831,5.300356673549841,0.0,0.0,-0.047835568557316556,1.7717585002494831,-0.04334969423881558,24.392609635577518,-18.325584686774942,3.1776339716768587,0.0,0.5310173697270472,0.0,0.08880600085021187,5.172611225830674,-0.02955171893641238,-43.10137517053206,0.9669549104385423,-7.000000000000001,-12.475829896189063,-0.2938280635421076,-0.5896502326798836,-0.3321245733788396,-8.840182648401827,-8.12962962962963,0.7578528313642853,-0.0339378457276541,-0.2626987600437814,Software—Application,Technology,IMMR
2012Q1,2012,Q1,2012-05-08,2012-03-31,-219000.0,9691000.0,324000.0,-0.01,9376000.0,0.967495614487669,77813000.0,53006000.0,61686000.0,11554000.0,24807000.0,531000.0,-106376000.0,152557860.0,143970860.0,1.8970688235925701,5.338930240609312,0.0,0.0,-0.004007906911905351,1.8970688235925701,-0.004131607742519715,15.742220617067382,-174.1528082191781,2.8781243632796287,0.0,0.5932203389830508,0.0,0.12454217161656793,5.237753159079107,-0.0028144397465719095,417.9667397260274,0.967495614487669,0.0,-1.0016224140621024,0.3704263997324222,-0.5529803051918949,0.2759934676102341,0.18888888888888888,0.44,0.9706573595726067,0.3879483740813272,-0.29679618449000517,Software—Application,Technology,IMMR
2011Q4,2011,Q4,2012-03-05,2011-12-31,-270000.0,7690000.0,225000.0,-0.01,7348000.0,0.9555266579973992,74679000.0,51621000.0,58889000.0,9369000.0,23058000.0,423000.0,-106157000.0,147479780.0,140181780.0,1.8131080748832145,6.285516063614046,0.0,0.0,-0.00457916977503726,1.8131080748832145,-0.005230429476375894,19.178124837451236,-136.55535185185184,2.8569725499312293,0.0,0.8085106382978723,0.0,0.1029740623200632,6.166293094246985,-0.0036154742297031294,-180.95678527607362,0.9555266579973992,0.7999999999999999,0.8787405996456961,-0.20488685344271446,2.99850373789863,0.16579406631762653,0.8087818696883853,1.2159309021113245,0.9727306542738691,-0.16066596611013823,-0.3781949831983729,Software—Application,Technology,IMMR
2011Q3,2011,Q3,2011-11-07,2011-09-30,-1412000.0,6495000.0,-1042000.0,-0.05,6303000.0,0.9704387990762124,80942000.0,57275000.0,65892000.0,8860000.0,23667000.0,579000.0,-105887000.0,172929640.0,158420640.0,1.9806003181409502,7.4370203160270885,0.0,0.0,-0.026106113352709258,1.9806003181409502,-0.024652989960715844,26.62504080061586,-30.61785410764873,3.019286599738106,0.0,0.3316062176165803,0.0,0.08024264288008698,7.253611738148984,-0.017444589953299894,-91.88609989373008,0.9704387990762124,0.0,0.619678926549995,-0.15796178902737973,3.1851651930673888,-0.020512820512820513,-0.07786259541984733,0.0637915543575921,0.9554808752408063,-0.34391049347920005,-0.386268789066801,Software—Application,Technology,IMMR
2011Q2,2011,Q2,2011-08-05,2011-06-30,-1310000.0,6682000.0,-1113000.0,-0.05,6435000.0,0.9630350194552529,82241000.0,57463000.0,67576000.0,9163000.0,24778000.0,448000.0,-104475000.0,244043299.99999997,228144299.99999997,2.008493533729465,7.3748772236167195,0.0,0.0,-0.02424317853476604,2.008493533729465,-0.02279727824861215,36.52249326548937,-46.57314885496183,4.246964133442389,0.0,0.5513392857142857,0.0,0.08124901204995076,7.221324893593801,-0.015928794640142994,-109.24051029543419,0.9630350194552529,-2.0,0.5275675442188354,-0.13830847820345593,3.45691629018855,-0.3076178179470626,-1.9438040345821326,-1.5929675013319127,0.550324758114882,-0.23872151742575848,-0.5426325168417652,Software—Application,Technology,IMMR
2011Q1,2011,Q1,2011-05-06,2011-03-31,1388000.0,9768000.0,1877000.0,0.05,9294000.0,0.9514742014742015,81962000.0,55925000.0,67685000.0,9550000.0,26037000.0,502000.0,-103165000.0,215257380.0,199035380.0,1.9797160961449962,7.087434554973822,0.0,0.0,0.02328106026845152,1.9797160961449962,0.02481895395619133,22.036996314496314,38.77114193083574,3.8490367456414845,0.0,0.9442231075697212,0.0,0.11917717966862693,6.937801047120419,0.016934677045460093,56.601993163292136,0.9514742014742015,1.6088146551724138,1.4128750624576738,0.399810072852512,3.6150972277271807,0.5288698799144597,1.5982758620689654,1.9557026476578412,1.5793117066912488,0.2923051398986056,-0.572321152391466,Software—Application,Technology,IMMR
2010Q4,2010,Q4,2011-03-14,2010-12-31,-2320000.0,6393000.0,-1964000.0,-0.08212680094870616,6079000.0,0.9508837791334271,80875000.0,53684000.0,66588000.0,9817000.0,27191000.0,406000.0,-104553000.0,189550790.0,177307790.0,1.9003858543665262,6.782927574615463,0.0,0.0,-0.044327911106324655,1.9003858543665262,-0.043215855748453914,29.649740340997965,-20.42573168103448,3.5308618955368454,0.0,0.7733990147783252,0.0,0.07904791344667697,6.317510441071611,-0.028686244204018548,-146.25832561728396,0.9508837791334271,-1.0531700237176538,0.32362416446325276,-0.19583281013666465,3.76305580099888,-0.00180623973727422,-1.0476610767872905,-1.0695468914646997,0.5885830638864783,-0.3025841730091934,-0.5915002075692202,Software—Application,Technology,IMMR
2010Q3,2010,Q3,2010-11-05,2010-09-30,-1133000.0,6547000.0,-949000.0,-0.04,6090000.0,0.930197036810753,81923000.0,54702000.0,67606000.0,8993000.0,27221000.0,259000.0,-102233000.0,166271940.0,153143940.0,1.944337811900192,7.5176248193039035,0.0,0.0,-0.02398006798985206,1.944337811900192,-0.020712222587839568,25.396661066137163,-36.688424536628425,3.03959526159921,0.0,1.7644787644787645,0.0,0.0799165069638563,6.998665628822417,-0.013830059934328577,-81.14784773060029,0.930197036810753,-7.337555555555555,0.7662738752523355,0.042454717194538284,4.225016157589898,-0.21052631578947367,-7.294444444444444,-2.8607843137254902,-3.338691059924606,-0.3203689639041894,-0.5910070712922099,Software—Application,Technology,IMMR
2010Q2,2010,Q2,2010-08-06,2010-06-30,180000.0,8475000.0,510000.0,0.006311581752515867,7714000.0,0.9102064896755162,84681000.0,54922000.0,70648000.0,10621000.0,29759000.0,524000.0,-101100000.0,142191060.0,127204060.0,1.9544500195722572,6.651727709255249,0.0,0.0,0.002430862922019253,1.9544500195722572,0.003277375186628309,16.777706194690264,197.4875833333333,2.588963621135428,0.0,1.452290076335878,0.0,0.10008148226874977,6.204029752377366,0.002125624402168137,-322.4287074829932,0.9102064896755162,1.070128686139065,1.054454385734717,0.16126418698081,5.448658240650462,-0.07505995203836931,1.0678221552373774,1.2103092783505154,-0.042928753748653334,-0.07726231600510072,-0.5473377942550629,Software—Application,Technology,IMMR
2010Q1,2010,Q1,2010-05-07,2010-03-31,-2654000.0,9709000.0,-2425000.0,-0.09,8340000.0,0.8589968070862086,86041000.0,53719000.0,71998000.0,12314000.0,32322000.0,644000.0,-101280000.0,140110000.0,119405000.0,1.917029476839626,5.84684099399058,0.0,0.0,-0.051665436829111074,1.917029476839626,-0.04940523837003667,14.430940364610155,-13.19800301431801,2.6082019397233753,0.0,2.125776397515528,0.0,0.11284155228321381,5.435276920578204,-0.030845759579735243,-206.3475699558174,0.8589968070862086,0.41130252100840337,0.2846621605936679,0.42042678648738174,6.753033419208126,0.5133369624387588,0.38048552754435105,0.5410673732021196,-1.0196047506141837,0.36900312768196286,-0.5482768358123435,Software—Application,Technology,IMMR
2009Q4,2009,Q4,2010-03-30,2009-12-31,-4284000.0,6944000.0,-5284000.0,-0.1528798800942117,5511000.0,0.7936347926267281,87834000.0,55741000.0,73439000.0,12434000.0,32093000.0,2001000.0,-98626000.0,128340760.0,108512760.0,1.9891870673042609,5.906305291941451,0.0,0.0,-0.07849080745782967,1.9891870673042609,-0.0768554564862489,18.482252304147465,-7.489540149393091,2.302448108214779,0.0,0.7161419290354822,0.0,0.07905822346699455,5.365610423033617,-0.04877382334858939,-21.418684913217625,0.7936347926267281,0.5222503747055884,-0.26445180100291205,-0.21217026529116345,8.888408509070006,0.67,0.5247392944308853,0.4218818380743983,-0.9548106968857755,-0.27051578435969764,3.1925873280572326,Software—Application,Technology,IMMR
2009Q3,2009,Q3,2010-02-08,2009-09-30,-9014000.0,6593000.0,-9140000.0,-0.32,3300000.0,0.5005308660700744,92567000.0,59298000.0,78123000.0,13766000.0,33269000.0,2291000.0,-94342000.0,119814320.0,94042320.0,2.118239622776309,5.67506901060584,0.0,0.0,-0.15738318678059585,2.118239622776309,-0.15201187223852405,18.172959199150615,-3.323006434435323,2.020545718236703,0.0,1.4373635966826712,0.0,0.07122408633746367,5.243934330960337,-0.09737811531107197,-27.915731593662628,0.5005308660700744,0.0,-0.09454776798979145,0.007947840121465308,10.60287838316139,-0.2448512585812357,-0.01611994138203134,-0.035342093339374714,-1.5080520331419043,-0.11704409510007285,3.337020473980144,Software—Application,Technology,IMMR
2009Q2,2009,Q2,2010-02-08,2009-06-30,-8871000.0,6682000.0,-8828000.0,-0.32,4370000.0,0.653995809637833,100386000.0,67208000.0,86189000.0,14519000.0,33178000.0,3672000.0,-85328000.0,138161920.0,113114920.0,2.4030320366132725,5.936290378125215,0.0,0.0,-0.1358533558481492,2.4030320366132725,-0.13199321509344125,20.676731517509726,-3.893639950400181,2.0557362218783477,0.0,0.6296296296296297,0.0,0.06656306656306657,5.3856326193264,-0.08836889606120375,-19.109532503457814,0.653995809637833,-0.18518518518518512,-0.5183724061506293,0.005145291701838208,35.844373552779054,-0.2532467532467532,-0.1893015149483845,-0.07658536585365854,-2.2726341363648164,-0.11852851692651865,3.9395407341128963,Software—Application,Technology,IMMR
2009Q1,2009,Q1,2009-05-06,2009-03-31,-7459000.0,6978000.0,-8200000.0,-0.27,5852000.0,0.8386357122384638,107298000.0,75332000.0,92561000.0,13838000.0,31966000.0,4136000.0,-75372000.0,81817320.0,44820320.0,2.6977510385331613,6.6889001300766004,0.0,0.0,-0.11012632129820046,2.6977510385331613,-0.0990150268146339,11.725038693035254,-2.7422348840327126,1.0860898422980938,0.0,0.27224371373307543,0.0,0.06503383101269362,6.142072553837259,-0.06951667319055341,-16.488778718258768,0.8386357122384638,0.22361445783132522,0.09960309978854977,-0.02978219793862245,10.102392379445465,0.4094412331406551,0.23190196684172587,0.14216968302123653,-1.2445807951047543,0.011625755603405568,4.56358231147578,Software—Application,Technology,IMMR
2008Q4,2008,Q4,2009-03-09,2008-12-31,-9711000.0,8986000.0,-9559000.0,-0.3477653631284916,4152000.0,0.4620520810149121,113191000.0,81423000.0,99419000.0,14443000.0,31768000.0,3396000.0,-67913000.0,164472360.0,99703360.0,2.9158788139235066,6.883542200373884,0.0,0.0,-0.1243661197974786,2.9158788139235066,-0.11926605504587157,18.303178277320274,-4.234176706827309,2.019974208761652,0.0,1.423439340400471,0.0,0.07938793720348791,6.409471716402409,-0.08579304008269209,-5.951380807642206,0.4620520810149121,0.6838496698831895,-0.9776776982506752,-0.1923483714608964,50.73259755560592,-0.417671809256662,0.6993312279398105,0.6326852136489395,-1.864108735998191,0.14349299629011322,5.239526332670325,Software—Application,Technology,IMMR
2008Q3,2008,Q3,2008-11-07,2008-09-30,-32298000.0,10081000.0,-26024000.0,-1.1,7130000.0,0.7072711040571372,147532000.0,95033000.0,134268000.0,35091000.0,52499000.0,4892000.0,-58202000.0,171387360.0,69304360.0,3.227146155935887,3.8262802427972984,0.0,0.0,-0.3532728795528914,3.227146155935887,-0.3398608904275357,17.00102767582581,-1.3266096971948729,1.8034510117538118,0.0,0.6032297628781684,0.0,0.06833093837269202,3.5432162092844317,-0.218921996583792,-41.771230806726784,0.7072711040571372,-10.0,-3.285370737225287,0.7183207377897283,31.89107362129856,0.057392851846359186,-9.449045616305403,-3.6273115220483643,-5.3654433495509295,0.5335366208819596,6.352772770296572,Software—Application,Technology,IMMR
2008Q2,2008,Q2,2008-08-08,2008-06-30,-3091000.0,9313000.0,-5624000.0,-0.1,6743000.0,0.724041662192634,163265000.0,133306000.0,147070000.0,12465000.0,29959000.0,4328000.0,-25904000.0,206724360.0,109189360.0,4.391421794702859,11.79863618130766,0.0,0.0,-0.027657500116261904,4.391421794702859,-0.023187253386944325,22.197397186728228,-16.719860886444515,1.5507506038737942,0.0,0.5938077634011091,0.0,0.05704223195418492,10.80505415162455,-0.018932410498269683,-41.41942696854338,0.724041662192634,-0.25000000000000006,0.5376402172764384,0.4946331299609672,12.941866015624448,0.11105618718075465,-0.19574468085106383,-0.1027450980392157,0.13436143949115018,0.1812944392989718,10.995617467594526,Software—Application,Technology,IMMR
2008Q1,2008,Q1,2008-05-09,2008-03-31,-2585000.0,8155000.0,-5100000.0,-0.08,6069000.0,0.744206008583691,170200000.0,141082000.0,155229000.0,12420000.0,29118000.0,4042000.0,-22813000.0,216698580.0,78717580.0,4.6289782794146594,12.49830917874396,0.0,0.0,-0.04629068255524725,4.6289782794146594,-0.01832267759175515,26.57248068669528,-20.957309477756286,1.5359760990062519,0.0,0.5160811479465611,0.0,0.047914218566392476,11.537520128824477,-0.015188014101057579,240.24232815964524,0.744206008583691,0.5992373438527284,0.5328086049525755,0.44270104331934307,7.838496536543023,-0.2030203545633618,0.5751150558842867,-2.3864541832669324,0.3594050781937344,0.09693522273908127,14.891631328571856,Software—Application,Technology,IMMR
2007Q4,2007,Q4,2008-03-17,2007-12-31,-6084000.0,9890000.0,-1506000.0,-0.1996193975982676,7615000.0,0.7699696663296259,168368000.0,141787000.0,153667000.0,10592000.0,26581000.0,3674000.0,-20228000.0,394690100.0,308197100.0,4.652109718485465,14.507836102719033,0.0,0.0,0.20778652240849385,4.652109718485465,-0.042909434574396804,39.90799797775531,-16.218363740959894,2.783683271385952,0.0,0.6192161132280892,0.0,0.05874037821913903,13.55796827794562,-0.03613513256675853,-40.06599330017257,0.7699696663296259,-10.98096987991338,0.3690360669669696,0.19021388130571382,5.718676381500661,0.05179558011049724,-13.34077079107505,-0.38038496791934007,-0.6510289428059443,0.03164816875374487,19.448612748202038,Software—Application,Technology,IMMR
2007Q3,2007,Q3,2007-11-08,2007-09-30,493000.0,9803000.0,-1091000.0,0.02,7240000.0,0.7385494236458227,161954000.0,136106000.0,150660000.0,11484000.0,25848000.0,3077000.0,-14144000.0,467241600.0,361782600.0,4.753964373035278,13.119122257053291,0.0,0.0,-0.007133203834917157,4.753964373035278,0.0036221768327626995,47.66312353361216,236.93793103448277,3.4329243383833186,0.0,0.8329541761455964,0.0,0.06052953307729355,12.410135841170323,0.003044074243303654,-303.40363636363634,0.7385494236458227,2.252159090909091,1.0781452658782347,0.5382517358289752,3.7734254622763994,0.17380025940337224,1.8011363636363635,0.601679445052939,1.0585339315658908,0.46540475258155184,22.55173627254955,Software—Application,Technology,IMMR
2007Q2,2007,Q2,2007-08-08,2007-06-30,176000.0,8595000.0,-2739000.0,0.006149760648520214,6168000.0,0.7176265270506108,161203000.0,113542000.0,150480000.0,15570000.0,47661000.0,3090000.0,-14637000.0,393140150.0,325838150.0,4.317678822679393,9.664739884393063,0.114377523991489,0.1623892480315654,0.002754565171330634,4.317678822679393,0.0015500871924045726,45.740564281559045,558.4377130681818,3.4625085871307535,0.0,0.7854368932038835,0.0,0.05331786629281093,9.133654463712267,0.0010917910956992115,-69.64395925597874,0.7176265270506108,-0.9985109538381308,1.0646397674728747,0.19712891594966866,2.582453719302826,0.26626975980291523,-0.9985624790701854,-1.020906481848991,1.0320386048250916,0.3750657251105362,65.20060365400963,Software—Application,Technology,IMMR
2007Q1,2007,Q1,2007-05-10,2007-03-31,122433000.0,6414000.0,131012000.0,4.13,4871000.0,0.7594324914250078,159827000.0,107551000.0,149472000.0,21013000.0,52276000.0,3287000.0,-14813000.0,228593860.0,109287860.0,4.243814860119165,7.113310807595298,0.11437366652693225,0.16996587665386653,0.9733298450669562,4.243814860119165,1.138371563258361,35.63982850015591,0.46677337809250774,2.1254461604262165,0.0,0.4694250076057195,0.0,0.040130891526462986,6.702850616285157,0.7660345248299724,2.332590408163265,0.7594324914250078,53.8085721493441,26.584405956840296,0.019250546395236722,2.187225854155319,-0.2566763314512437,62.77245206861756,82.62741433021807,17.28438947983856,-0.01737720381132765,15.318915085481589,Software—Application,Technology,IMMR
