Quarters,Year,Quarter,FillingDate,Date,NetIncome,Revenue,OperatingIncome,EPSDiluted,GrossProfit,GrossProfitRatio,TotalAssets,CommonStockEquity,CurrentAssets,CurrentLiability,TotalLiability,Inventory,RetainedEarnings,MarketCap,EnterpriseValue,bookValuePerShare,currentRatio,debtToAssets,debtToEquity,roic,shareholdersEquityPerShare,roe,priceToSalesRatio,peRatio,pbRatio,payoutRatio,inventoryTurnover,dividendYield,assetTurnover,quickRatio,returnOnAssets,priceToFreeCashFlowsRatio,grossProfitMargin,epsdilutedGrowth,fiveYNetIncomeGrowthPerShare,fiveYRevenueGrowthPerShare,fiveYShareholdersEquityGrowthPerShare,grossProfitGrowth,netIncomeGrowth,operatingIncomeGrowth,threeYNetIncomeGrowthPerShare,threeYRevenueGrowthPerShare,threeYShareholdersEquityGrowthPerShare,Industry,Sector,Symbol
2023Q1,2023,Q1,2023-04-28,2023-03-31,163130000.0,560276000.0,251433000.0,1.36,274565000.0,0.4900531167,5782105000.0,3252852000.0,1006494000.0,601372000.0,2326275000.0,20039000.0,1153004000.0,5671970100.0,6393762100.0,27.327083018297294,1.673662890856242,0.20243752059154926,0.35984268574162,0.043168801317895876,27.327083018297294,0.05014983774238729,10.12352858234156,8.69240804879544,1.7436914129508503,0.10891926684239564,14.257747392584461,0.003132597613658083,0.09689827493620402,1.4327820384055128,0.028212908620649402,-1284.1227303599728,0.4900531166782086,-0.35545023696682454,1.4920641116688858,1.681441059081241,1.4153250185205009,-0.3252240119145339,-0.3572295423023578,-0.3235593220338983,0.2710187849465195,0.4770576271648207,0.6001861901226718,Oil & Gas E&P,Energy,MTDR
2022Q4,2022,Q4,2023-03-01,2022-12-31,253792000.0,707475000.0,371700000.0,2.11,406898000.0,0.5751411711,5554505000.0,3110797000.0,1071832000.0,575873000.0,2237414000.0,15184000.0,1007642000.0,6771377520.0,7426443520.0,26.296277198262015,1.8612298197692894,0.20888359988873895,0.3729735498651953,0.06706689199429819,26.296277198262015,0.08158423709422376,9.571189822961943,6.670203867734208,2.176733975248144,0.04630563611146135,19.79564014752371,0.001735540510817657,0.12736958558863481,1.6652925210940606,0.045691200205958946,39.792775995204686,0.5751411710661154,-0.25177304964539005,5.095155349354461,3.2412956606651258,1.4763231858157415,-0.20450359920391317,-0.2481840910976029,-0.2308711000384875,9.415262639670152,1.415734174999905,0.6722511418499557,Oil & Gas E&P,Energy,MTDR
2022Q3,2022,Q3,2022-10-28,2022-09-30,337572000.0,840928000.0,483274000.0,2.82,511502000.0,0.608258971,5305150000.0,2858811000.0,926891000.0,625189000.0,2239542000.0,14388000.0,765602000.0,5779213120.0,6618475120.0,24.19932112141938,1.482577268633965,0.2336872661470458,0.43365790882992966,0.08819459335633503,24.19932112141938,0.11808125825736644,6.872423227672286,4.279985543824725,2.021544313352649,0.034807389238443946,22.895885460105642,0.0020331487619546377,0.15851163492078452,1.3092680773334144,0.06363100006597362,18.245402889985446,0.608258971041516,-0.18731988472622488,18.069859112565876,4.657540951393683,1.6801554004469816,-0.17491293470142935,-0.18797838919652265,-0.1877597737101022,6.583231473927196,1.9717051833539718,0.5722555605062091,Oil & Gas E&P,Energy,MTDR
2022Q2,2022,Q2,2022-07-29,2022-06-30,415718000.0,943930000.0,594989000.0,3.47,619937000.0,0.6567616243,4963876000.0,2529170000.0,800927000.0,609139000.0,2221825000.0,13179000.0,439780000.0,5502418770.0,6632526770.0,21.414951356019746,1.314850961767347,0.2740805773552764,0.5379242992760471,0.11542316691926507,21.414951356019746,0.16436933855770866,5.8292656976682595,3.308985159410947,2.175582807798606,0.014139392569001102,24.584035207527126,0.0010682574783380217,0.1901598670071533,1.1307156494658854,0.08374866737202943,16.05640841803013,0.6567616242729863,0.8556149732620321,11.372894553181803,5.1794865900590095,1.4119505321071668,0.8255831416767034,0.8543524321430961,0.9236195753733346,10.164709924659338,2.854655267289299,0.43760170421063893,Oil & Gas E&P,Energy,MTDR
2022Q1,2022,Q1,2022-04-29,2022-03-31,224185000.0,565692000.0,309307000.0,1.87,339583000.0,0.6002966278,4567328000.0,2118600000.0,536263000.0,537934000.0,2229864000.0,12456000.0,29940000.0,6249043980.0,7718698980.0,17.961695958491237,0.9968936709707883,0.33556950584674455,0.7234286793165298,0.06426971602109552,17.961695958491237,0.10581752100443689,11.046725037653,6.968624105091777,2.949610110450297,0.026165889778531123,18.15261721258831,0.0009387035871045351,0.12385622403295757,0.8005535995122078,0.04908449754429724,95.92220639476875,0.6002966278469556,-0.031088082901554317,3.31257231825854,2.5503372148206878,1.103288642571814,-0.03208033337323779,-0.030530389846266947,0.007120995050794478,13.93295890721893,2.180475856775703,0.22499692129419643,Oil & Gas E&P,Energy,MTDR
2021Q4,2021,Q4,2022-02-28,2021-12-31,231245000.0,566358000.0,307120000.0,1.93,350838000.0,0.6194633077,4262153000.0,1907210000.0,371305000.0,464837000.0,2134765000.0,12188000.0,-171318000.0,4333817280.0,5845444280.0,16.247614666394057,0.7987853806818304,0.36595636055298814,0.8178239417788288,0.0666618198738569,16.247614666394057,0.12124779127626219,7.652080980581188,4.685309174252416,2.2723335552980535,0.02525460009946161,17.682966852641943,0.0013475418142224953,0.13288072952801083,0.6229086755142125,0.0542554431997162,-391.9169180683668,0.6194633076605257,0.1286549707602339,0.8876161425874654,4.666662836287952,1.3495681160535562,0.37401943314129954,0.13562476673149076,0.3342253655739272,0.6616495584644405,0.919369877922989,0.10937052085123322,Oil & Gas E&P,Energy,MTDR
2021Q3,2021,Q3,2021-10-29,2021-09-30,203628000.0,472351000.0,230186000.0,1.71,255337000.0,0.5405662314677009,3985493000.0,1688007000.0,396628000.0,472752000.0,2077593000.0,12137000.0,-380268000.0,4450984320.0,5930595320.0,14.426423834267743,0.8389768842860528,0.3895977235438627,0.919865261222258,0.07254070383841181,14.426423834267743,0.12063220116978188,9.423044134552484,5.464602510460251,2.6368281174189443,0.01431532009350384,17.88036582351487,0.0006549113163355292,0.11851758364648991,0.6800225065150438,0.0510922989953815,28.761303729742306,0.5405662314677009,0.9213483146067415,12.621268898105857,3.248509469643333,2.0854504930713693,0.5018586704624325,0.9227420801661866,0.5863299932463165,10.380061294796652,1.267262968056884,0.08497073003654815,Oil & Gas E&P,Energy,MTDR
2021Q2,2021,Q2,2021-07-30,2021-06-30,105905000.0,357427000.0,145106000.0,0.89,170014000.0,0.4756607642959262,3834549000.0,1479762000.0,333628000.0,422580000.0,2132423000.0,11657000.0,-580981000.0,4206004010.0,5826494010.0,12.669086737271085,0.789502579393251,0.4342419408384141,1.1252633869500637,0.04377060655380454,12.669086737271085,0.07156894149194262,11.767449045539369,9.928719158679948,2.84235168222998,0.027505783485198998,16.077292613880072,0.0006925813653705956,0.09321226564062683,0.6168417814378343,0.02761863259538475,36.272100951214675,0.4756607642959262,0.7450980392156863,1.7910151858526546,5.255342717174467,1.775788848438919,0.4738840582222954,0.746310495506637,0.565954048541489,0.7087250400138325,0.6317388293795931,-0.06339644572178546,Oil & Gas E&P,Energy,MTDR
2021Q1,2021,Q1,2021-04-30,2021-03-31,60645000.0,266845000.0,92663000.0,0.51,115351000.0,0.4322771646461429,3738881000.0,1359395000.0,256864000.0,376412000.0,2158348000.0,11045000.0,-683973000.0,2739124150.0,4459785150.0,11.63795834153775,0.6824011986865456,0.4650014268975129,1.2789402638673821,0.02852295152479797,11.63795834153775,0.044611757436212436,10.26485094343158,11.291632245032567,2.0149582350972306,0.04803363838733614,13.71607062019013,0.0010634786305688262,0.07137028431768756,0.5173533256112982,0.016220093659038627,45.485289770840254,0.4322771646461429,1.6623376623376622,1.411405834627695,3.4140167728936874,0.893855382728793,0.6955652570151842,1.677946206989067,2.5818197336975075,-0.055890140591334125,0.3014499266371816,0.028629800260581824,Oil & Gas E&P,Energy,MTDR
2020Q4,2020,Q4,2021-02-26,2020-12-31,-89454000.0,224235000.0,-58580000.0,-0.77,68031000.0,0.30339153120610074,3687280000.0,1286530000.0,261629000.0,290936000.0,2174255000.0,10584000.0,-741705000.0,1400925780.0,3182283780.0,11.075213277893994,0.8992665053482553,0.4988159293571413,1.4296394176583522,-0.018070239316427497,11.075213277893994,-0.069531219637319,6.247578567128236,-3.915212790931652,1.0889180819724376,0.0,14.758503401360544,0.0,0.06081311969798876,0.6704189237495531,-0.024260159250178992,32.657896356388555,0.30339153120610074,0.676470588235294,0.7148836824374447,1.4485632232582675,0.9359943866548917,0.4919078947368421,0.6759664425640431,0.7351011345702516,-3.1878432273268125,0.36899049910439125,0.04295399767522588,Oil & Gas E&P,Energy,MTDR
2020Q3,2020,Q3,2020-10-30,2020-09-30,-276064000.0,203386000.0,-221141000.0,-2.38,45600000.0,0.22420422251285732,3786230000.0,1371933000.0,237224000.0,286359000.0,2208601000.0,11813000.0,-652251000.0,959440300.0,2782109300.0,11.811226378545909,0.8284146822694589,0.49243759623689,1.3590182610958408,-0.07536162613064874,11.811226378545909,-0.20122265445907345,4.717336984846548,-0.8688567687202967,0.6993346613865254,0.0,13.356979598747143,0.0,0.053717286060276315,0.6282044566435837,-0.07291263341107117,-9.9591054412589,0.22420422251285732,0.21710526315789477,0.1685098204403633,0.5067819394184764,0.39745653300392764,1.47455016598849,0.21886954750209384,0.49199191380855023,-16.861169156139113,0.3916637049260841,0.3081326540331031,Oil & Gas E&P,Energy,MTDR
2020Q2,2020,Q2,2020-07-31,2020-06-30,-353416000.0,62920000.0,-435310000.0,-3.04,-96091000.0,-1.5271932612841703,4001133000.0,1643832000.0,227283000.0,344769000.0,2182632000.0,11940000.0,-376187000.0,986603500.0,2733263500.0,14.162297214635869,0.6592327036363478,0.4416831432496745,1.0750691068187017,-0.09624450697001591,14.162297214635869,-0.21499520632278724,15.680284488239034,-0.6979052306630147,0.6001851162405891,0.0,13.31750418760469,0.0,0.01572554573916938,0.47593316104406136,-0.08832898081618382,-8.921756311943861,-1.5271932612841703,-3.814814814814815,-0.6075509084256544,-0.4243085811925184,0.22929243172179428,-1.4570755838843172,-3.8109346292422592,-3.249292106731703,-11.702762617243284,-0.5808798677914838,0.5950893249682212,Oil & Gas E&P,Energy,MTDR
2020Q1,2020,Q1,2020-05-01,2020-03-31,125729000.0,371585000.0,193532000.0,1.08,210230000.0,0.5657655718072581,4333671000.0,1991349000.0,356635000.0,359898000.0,2179291000.0,11638000.0,-22771000.0,289185360.0,1945282360.0,17.07743960482647,0.9909335422814242,0.38358034100881216,0.8347662815508482,0.040645910989732935,17.07743960482647,0.06313760169613664,0.7782482070051266,0.5750172195754361,0.1452208327118953,0.0,13.864495617803746,0.0,0.08574370320220433,0.5025090442291983,0.029012123901422143,-2.0827477529384653,0.5657655718072581,4.243164161705317,2.584459838540757,2.248562053159911,0.3669692145418207,1.4157703621989337,4.234564303259919,1.9751725622223246,1.4464835856539795,1.358982651670539,0.9997435012843153,Oil & Gas E&P,Energy,MTDR
2019Q4,2019,Q4,2020-03-02,2019-12-31,24019000.0,288675000.0,65049000.0,0.20598248818681555,87024000.0,0.30146011951156143,4069676000.0,1833654000.0,278492000.0,399772000.0,2100224000.0,10744000.0,-148500000.0,2095427789.9999998,3656042790.0,15.725076539144306,0.6966270774341374,0.3888309536189122,0.862985056068375,0.014535314979401312,15.725076539144306,0.013098981596309883,7.258778176149648,21.81010647820475,1.142760733486252,0.0,18.768708116157857,0.0,0.07093316519546028,0.5739196341914892,0.005901944036822588,-31.623370710210978,0.30146011951156143,-0.4579408205610117,-0.6734441231135765,0.18714576873801375,0.3397953678210422,-0.18671439118529387,-0.453529906946056,-0.24451232259413255,-0.8026302749913014,1.9075673973977676,1.2740038594893135,Oil & Gas E&P,Energy,MTDR
2019Q3,2019,Q3,2019-11-01,2019-09-30,43953000.0,279402000.0,86102000.0,0.38,107003000.0,0.38297148910888257,3936639000.0,1795307000.0,269316000.0,403357000.0,2024221000.0,14678000.0,-172519000.0,1928108790.0000002,3449899790.0,15.391467983505226,0.6676864415393807,0.38459711444204053,0.8433209473365837,0.020651837606745778,15.391467983505226,0.02448216377477501,6.900841046234459,10.96687819944031,1.0739716327068296,0.0,11.745401280828451,0.0,0.07097475790896753,0.4980773855418401,0.011165108103638662,-22.455642011110726,0.38297148910888257,0.22580645161290325,-0.06694707724184164,0.5656329933298181,0.3794107984322594,0.10215790286862028,0.19593491510666086,0.12128039172277279,1.9493442648744859,1.520914621054559,2.291849249984889,Oil & Gas E&P,Energy,MTDR
2019Q2,2019,Q2,2019-08-02,2019-06-30,36752000.0,241704000.0,76789000.0,0.31,97085000.0,0.4016689835501274,3751451000.0,1736477000.0,273384000.0,336775000.0,1910848000.0,20281000.0,-216472000.0,2278963050.0,3723450050.0,14.896303540331644,0.8117704698983,0.39548030881917423,0.854387936033705,0.018434646167181587,14.896303540331644,0.021164691498937217,9.428735353986694,15.50230633707009,1.3124061245844316,0.0,7.130762782900251,0.0,0.06442947009037303,0.6150367456016629,0.009796742647045104,-35.313598047571084,0.4016689835501274,3.0666666666666664,0.18545796476312926,0.563086667415102,0.29675319396382294,2.6991807963421603,3.16864341771405,9.182866993767405,1.2750460253442109,3.238416478516609,2.2637706338034214,Oil & Gas E&P,Energy,MTDR
2019Q1,2019,Q1,2019-05-03,2019-03-31,-16947000.0,173889000.0,7541000.0,-0.15,26245000.0,0.15092961601941468,3583298000.0,1690823000.0,229954000.0,328423000.0,1791769000.0,18779000.0,-253224000.0,2260174000.0,3656660000.0,14.662645796297099,0.7001762970315721,0.3902072894858312,0.8269517270583615,0.002192145293089282,14.662645796297099,-0.010022929662063976,12.99779744549684,-33.341800908715406,1.3367301012583814,0.0,7.86218648490335,0.0,0.04852764129581185,0.5219884112866638,-0.004729441983334906,-14.378154521454245,0.15092961601941468,-1.1265223497399661,-1.5899343549774776,0.3388489183283323,0.6423935608636047,-0.8380298205337086,-1.1239604134208159,-0.9490689773947576,0.8835468227000955,1.9136010570091897,1.3860654808542474,Oil & Gas E&P,Energy,MTDR
2018Q4,2018,Q4,2019-03-01,2018-12-31,136713000.0,289874000.0,148063000.0,1.1855612886441487,162036000.0,0.5589876981033138,3455518000.0,1688880000.0,305685000.0,330022000.0,1675861000.0,17564000.0,-236277000.0,1790841950.0,3036838950.0,14.645796297099249,0.9262564313894225,0.37558392113714933,0.768460162948226,0.04936384410063006,14.645796297099249,0.0809489128890152,6.178001304014848,3.274820152436125,1.0603725249869735,0.0,7.27841038487816,0.0,0.08388727826045184,0.6384301652617098,0.03956367757308745,-16.960979201788117,0.5589876981033138,6.903741924294326,4.065201488441672,1.404556458336452,0.6909015685375677,0.8692722993862766,6.6830954254243,1.1821142764505623,1.4389490745603928,2.1885938261307443,1.560147485003271,Oil & Gas E&P,Energy,MTDR
2018Q3,2018,Q3,2018-11-01,2018-09-30,17794000.0,207178000.0,67853000.0,0.15,86684000.0,0.41840349844095415,3154202000.0,1547166000.0,225432000.0,326751000.0,1431759000.0,18758000.0,-372990000.0,3839814000.0,4877586000.0,13.296601866652916,0.6899198472231148,0.3376648039662647,0.6883960738537429,0.0257909900869671,13.296601866652916,0.011501028331801501,18.53388873335972,53.94815668202765,2.481837113793866,0.0,6.423605928137328,0.0,0.06568317438134907,0.590094598027244,0.005641363489085354,-6.825971948162764,0.41840349844095415,-0.7169811320754716,-0.5587130917159893,0.44724802292659255,0.3958080538620713,-0.07524243361746162,-0.7024713239474301,-0.08298082251023746,1.0535010857244425,0.5321971440299076,0.5732001529543042,Oil & Gas E&P,Energy,MTDR
2018Q2,2018,Q2,2018-08-06,2018-06-30,59806000.0,211367000.0,73993000.0,0.53,93737000.0,0.4434798241920451,2555847000.0,1524532000.0,320937000.0,263598000.0,876099000.0,12557000.0,-390784000.0,3386815300.0,3852738300.0,13.526626798928184,1.2175244121730817,0.22464725001144434,0.3766165616726969,0.035019558380523494,13.526626798928184,0.0392290880086479,16.02338728372925,14.157506353877537,2.2215442509570154,0.0,9.367683363860795,0.0,0.08269939476032799,1.0356224250563357,0.023399679245275636,-20.862224809353094,0.4434798241920451,-0.03636363636363639,0.17959522521430724,0.587646155289345,0.9365766651505696,0.022749094400558636,-0.0014692623635088656,0.008601183173850223,1.2801560295843386,0.9916586864240429,0.17411601371163218,Oil & Gas E&P,Energy,MTDR
2018Q1,2018,Q1,2018-05-04,2018-03-31,59894000.0,191180000.0,73362000.0,0.55,91652000.0,0.47940161104718065,2275705000.0,1232246000.0,206978000.0,306492000.0,912939000.0,8803000.0,-450590000.0,3257587830.0,3816909830.0,11.314039646323213,0.675312895605758,0.2522813809346994,0.4659118390321413,0.04033986620462576,11.314039646323213,0.04860555441040182,17.039375614604037,13.597304529669081,2.6436181006065347,0.0,11.306145632170852,0.0,0.08400913123625425,0.5382881119246179,0.026318877007344976,-38.50349069203948,0.47940161104718065,0.5625968436154951,2.960365299957041,0.7676909352339644,0.7174979726495835,0.5877899624066664,0.5623842441632972,0.7882266910420476,1.8081165365484828,0.7894532276544359,-0.0943640120232991,Oil & Gas E&P,Energy,MTDR
2017Q4,2017,Q4,2018-03-01,2017-12-31,38335000.0,153573000.0,41025000.0,0.3519781844224289,57723000.0,0.37586685159500693,2145690000.0,1156556000.0,257170000.0,282606000.0,888144000.0,5993000.0,-510484000.0,3390461690.0,3880640690.0,10.61908128506239,0.9099948337968762,0.267547036151541,0.4963642054513573,0.029133021474333852,10.61908128506239,0.033145822597435835,22.07719905191668,22.110745337159255,2.9315153697702487,0.0,15.993659269147338,0.0,0.07157278078380382,0.8411817158871362,0.017866047751539132,-23.250687070538053,0.37586685159500693,1.3465212294828595,1.9181866249479185,0.25894739532273586,0.5482238667699849,0.34152179975829694,1.5490391648380877,0.5452559418433839,-0.44198875510857805,-0.3238319528525354,-0.09524154742105274,Oil & Gas E&P,Energy,MTDR
2017Q3,2017,Q3,2017-11-09,2017-09-30,15039000.0,126279000.0,26549000.0,0.15,43028000.0,0.3407375731515137,1848537000.0,906203000.0,150345000.0,252095000.0,855740000.0,4801000.0,-548819000.0,2724909750.0,3292975750.0,9.029073880336771,0.5963823161903251,0.3105304356904947,0.6334419550586348,0.01776509973254321,9.029073880336771,0.016595619303842516,21.57848692181598,45.29738928785158,3.0069529123165557,0.0,17.34034576129973,0.0,0.06831294153160039,0.5124655387849818,0.008135622927753137,-21.646196101172507,0.3407375731515137,-0.46428571428571436,1.9005084784019899,0.8296631861690518,0.2500274089996034,-0.23817280453257791,-0.472482373987162,-0.31906435148375184,-0.6289665147008314,-0.1776286338038631,-0.190798303077601,Oil & Gas E&P,Energy,MTDR
2017Q2,2017,Q2,2017-08-07,2017-06-30,28509000.0,129611000.0,38989000.0,0.28,56480000.0,0.43576548286796646,1777076000.0,889742000.0,246787000.0,212184000.0,814705000.0,2957000.0,-563858000.0,2141509070.0,2596644070.0,8.878685972597818,1.1630801568450024,0.3229957525733283,0.6451173486246575,0.026409174561738025,8.878685972597818,0.03204187281256814,16.522587357554528,18.77923699533481,2.4068876932863685,0.0,24.731484612783227,0.0,0.07293497858279556,1.0169334162802097,0.016042645334245695,-25.071814903705437,0.43576548286796646,-0.3636363636363636,3.355307322221174,0.9814418587700735,0.20343681078494874,-0.2035647808675052,-0.3518324845398327,-0.2816795018239434,0.06970072747074291,-0.024973973489314745,-0.22709252251772508,Oil & Gas E&P,Energy,MTDR
2017Q1,2017,Q1,2017-05-05,2017-03-31,43984000.0,134814000.0,54278000.0,0.44,70916000.0,0.5260284540181287,1686393000.0,852265000.0,309976000.0,167305000.0,770897000.0,2929000.0,-592367000.0,2374218210.0,2749572210.0,8.539815028206695,1.8527599294701294,0.34035245639658135,0.6734618927211606,0.0377632322287807,8.539815028206695,0.05160836124914199,17.61106569050692,13.494783387140778,2.785774624089925,0.0,21.815636736087402,0.0,0.07994221987401513,1.7043722542661606,0.026081702189228728,-14.475616315580892,0.5260284540181287,-0.5783977571672716,4.800003541184196,1.3167321294618803,0.031469648692012915,1.9357509521443947,-0.577702248593429,5.6039664192724175,0.7691521922028505,0.19937245477359206,-0.043437493604668934,Oil & Gas E&P,Energy,MTDR
2016Q4,2016,Q4,2017-03-01,2016-12-31,104154000.0,84973000.0,8219000.0,1.0436377118007194,24156000.0,0.28427853553481697,1464665000.0,690125000.0,279182000.0,169505000.0,773220000.0,3045000.0,-636351000.0,2570822240.0,2947871240.0,6.915149450395295,1.6470428600926226,0.3918465997344103,0.8316232566564028,0.006414345969259376,6.915149450395295,0.1509204854193081,30.254577807068127,6.170723736006299,3.7251544865060677,0.0,19.97274220032841,0.0,0.05801531408205972,1.6020294386596265,0.07111114145555468,-36.2266221376735,0.28427853553481697,7.027982398467072,12.060267553360024,2.3849638427118767,0.08882094181503249,-0.20214030915576695,7.729695750565753,-0.5123412839681974,3.4588460688121803,-0.18554652548916054,-0.20162503866990217,Oil & Gas E&P,Energy,MTDR
2016Q3,2016,Q3,2016-11-04,2016-09-30,11931000.0,88733000.0,16854000.0,0.13,30276000.0,0.3412033854372105,1177693000.0,436629000.0,81020000.0,151629000.0,739899000.0,3182000.0,-740505000.0,2272966560.0,2722650560.0,4.6756296581855565,0.5343305040592499,0.38817671498429557,1.0470055813974792,0.020528965328493264,4.6756296581855565,0.0273252578275836,25.615797504874173,47.62732713100328,5.205715973973327,0.0,18.37115021998743,0.0,0.07534476302397994,0.47984224653595287,0.010130823567771906,-25.67395472823386,0.3412033854372105,1.1130434782608696,-0.18698165306444012,1.1513656792086602,-0.2556403532043459,4.088757396449704,1.1127129131909346,1.1661163622744162,-0.6313212739261259,-0.22766046035188156,-0.5091767355884147,Oil & Gas E&P,Energy,MTDR
2016Q2,2016,Q2,2016-08-05,2016-06-30,-105853000.0,45176000.0,-101459000.0,-1.15,-9802000.0,-0.2169736143084824,1086088000.0,421480000.0,94629000.0,136078000.0,663559000.0,3002000.0,-752437000.0,1828450800.0,2190264800.0,4.5641392155588765,0.6954026367230559,0.3607856821914983,0.9296882414349436,-0.12310490470984643,4.5641392155588765,-0.25114596184872356,40.47394191606163,-4.318372648862102,4.33816741007877,0.0,18.313790806129248,0.0,0.04159515619360494,0.6469304369552756,-0.097462636545105,-23.774520205960368,-0.2169736143084824,0.08730158730158738,-7.853879140836341,0.002751747989926581,-0.25626726055676213,-0.20063694267515925,0.016729522358667582,0.005820505031699215,-3.548122886201955,-0.5858542055916275,-0.34656247764222264,Oil & Gas E&P,Energy,MTDR
2016Q1,2016,Q1,2016-05-06,2016-03-31,-107654000.0,44150000.0,-102053000.0,-1.26,-8164000.0,-0.18491506228765572,1164152000.0,524209000.0,173086000.0,119393000.0,639000000.0,1928000.0,-646584000.0,1617382800.0,1900672800.0,6.145114588828322,1.4497164825408524,0.33634181790694,0.7469406286423926,-0.1102288978082322,6.145114588828322,-0.2053646541741939,36.633812004530014,-3.7559746967135452,3.0853777787104,0.0,27.133817427385893,0.0,0.03792460091122121,1.3018518673624082,-0.09247417862959476,-19.388197216528212,-0.18491506228765572,0.5334903060316578,-0.9557224727059896,0.6157461885857349,0.03135394143526911,-2.0653790943494714,0.5327537640895655,0.5434237958464195,-3.498721340223495,-0.47880550610837846,-0.06715707404809332,Oil & Gas E&P,Energy,MTDR
2015Q4,2015,Q4,2016-02-29,2015-12-31,-230401000.0,67251000.0,-223518000.0,-2.7009085047769767,7663000.0,0.11394626102214093,1140861000.0,488003000.0,127007000.0,136830000.0,651902000.0,2022000.0,-538930000.0,1686479850.0,2068744850.0,5.720684602309361,0.9282101878243075,0.3429462484912711,0.8017450712393162,-0.2538416937859813,5.720684602309361,-0.4721302942809778,25.077394388187535,-1.8299398114591516,3.4558800868027446,0.0,29.469831849653808,0.0,0.058947584324470725,0.44683914346269094,-0.20195361222795766,-18.15097670964548,0.11394626102214093,0.05562639693112697,-109.04126134586545,4.449898214477103,-0.17624383491500936,-0.7354393233212498,0.04816181178968764,0.169352890679292,-6.045715257505808,-0.29612312775994964,-0.16594475569014575,Oil & Gas E&P,Energy,MTDR
2015Q3,2015,Q3,2015-11-06,2015-09-30,-242059000.0,98410000.0,-269089000.0,-2.86,28965000.0,0.2943298445279951,1280522000.0,715753000.0,126540000.0,153281000.0,563918000.0,2106000.0,-308529000.0,1756366899.9999998,2146408899.9999998,8.451945444883982,0.8255426308544438,0.30531220861492425,0.5462205537385103,-0.2112542984698131,8.451945444883982,-0.3381878944272675,17.847443349253123,-1.813986362828897,2.4538729142595277,0.0,32.97483380816714,0.0,0.07685147150927513,0.39415844103313524,-0.1890315043396365,-44.75618326835359,0.2943298445279951,-0.5132275132275133,-44.26683109254829,3.899625700270403,0.0,24.861607142857142,-0.5408839462477163,-0.11655650023444081,-16.17773420972434,0.6898768042133485,0.1701270368916574,Oil & Gas E&P,Energy,MTDR
2015Q2,2015,Q2,2015-08-10,2015-06-30,-157091000.0,78096000.0,-240999000.0,-1.89,1120000.0,0.014341323499282934,1560297000.0,955503000.0,145004000.0,166923000.0,603950000.0,2021000.0,-66469000.0,2073450000.0,2422088000.0,11.520690154091008,0.868687957920718,0.250379895622436,0.4088600454420342,-0.11312382677388158,11.520690154091008,-0.16440660050256253,26.55001536570375,-3.2997593751392507,2.1700088853724164,0.0,38.08807521029193,0.0,0.05005200932899313,0.6848187487644003,-0.10068019101491575,-19.16542652998974,0.014341323499282934,-1.7794117647058822,-81.33603628105723,4.342557980741737,0.0,-0.8084487771506755,-2.1271847752518216,-2.221696410667736,-14.681180003858014,0.44254742502757044,0.5615399237984589,Oil & Gas E&P,Energy,MTDR
2015Q1,2015,Q1,2015-05-11,2015-03-31,-50234000.0,72412000.0,-74805000.0,-0.68,5847000.0,0.08074628514610838,1687426000.0,922215000.0,105193000.0,232198000.0,764592000.0,1718000.0,90621000.0,1618112480.0000002,2034033480.0000002,12.492921876481665,0.45303146452596493,0.25007437363179186,0.4575744267876797,-0.03626059895154642,12.492921876481665,-0.05447102898998606,22.34591614649506,-8.052874945256201,1.754593538383132,0.0,38.745634458672875,0.0,0.04291269661602939,0.22587619187073102,-0.029769601748461858,-33.47703486086687,0.08074628514610838,-2.0780430814165753,-6.127610766851223,3.5647377351202194,0.0,-0.9305028942269977,-2.0788394218585573,-1.9938882614761178,-9.955489508216457,0.6823230748054604,0.5089401464210983,Oil & Gas E&P,Energy,MTDR
2014Q4,2014,Q4,2015-03-02,2014-12-31,46563000.0,153939000.0,75265000.0,0.6307725653287094,84133000.0,0.5465346663288705,1436291000.0,866408000.0,113323000.0,161787000.0,569750000.0,1212000.0,140855000.0,1493358370.0,1833985370.0,11.736924098131917,0.7004456476725571,0.23672083164205582,0.39242481602201273,0.03882112624935232,11.736924098131917,0.053742578554214646,9.700974866667966,8.01794541803578,1.723620245888773,0.0,57.5957095709571,0.0,0.10717814147690127,0.33005742117722686,0.03241891789337954,-16.78873940415964,0.5465346663288705,0.5769314133217734,26.699133676085037,13.415995409383637,0.6900710766448784,0.5364512947879762,0.5720652284006887,0.617593328891659,6.89359983389068,7.290481901731234,0.8480307392068045,Oil & Gas E&P,Energy,MTDR
2014Q3,2014,Q3,2014-11-07,2014-09-30,29619000.0,112209000.0,46529000.0,0.4,54758000.0,0.48800007129552886,1277403000.0,818339000.0,59055000.0,152620000.0,459064000.0,1278000.0,94292000.0,1895864850.0,2148011850.0,11.158001663462457,0.3869414231424453,0.19570957638270772,0.30549686621314637,0.02771236626635868,11.158001663462457,0.03619404672146873,16.895835895516402,16.002100425402613,2.316723081754627,0.0,44.95383411580595,0.0,0.08784150342530901,0.34072860699777224,0.02318688777151768,-17.74722305431262,0.48800007129552886,0.5384615384615385,5.113133917182082,5.450762146223288,0.0,0.43008618438234525,0.6250960166794689,0.5475105597498919,1.5699196050786521,2.4640360921479267,0.7763524454123097,Oil & Gas E&P,Energy,MTDR
2014Q2,2014,Q2,2014-08-08,2014-06-30,18226000.0,90907000.0,30067000.0,0.26,38290000.0,0.4211996875928146,1133441000.0,787242000.0,67344000.0,150928000.0,346199000.0,954000.0,64673000.0,2006587680.0,2150703680.0,11.487385270899301,0.44619951235025973,0.13234036884143066,0.19053861455562585,0.02007230345103881,11.487385270899301,0.02315171192593891,22.072972158359644,27.523698013826404,2.548882910210583,0.0,55.15408805031446,0.0,0.08020443940178625,0.39520168557192836,0.016080237083359435,-33.007972890723956,0.4211996875928146,0.040000000000000036,12.56102943349658,6.5263475478748045,0.0,0.10687133235047552,0.11385442767218726,0.10309278350515463,0.5902143069689569,1.7190299943958025,0.8718851711274294,Oil & Gas E&P,Energy,MTDR
2014Q1,2014,Q1,2014-05-07,2014-03-31,16363000.0,73980000.0,27257000.0,0.25,34593000.0,0.4675993511759935,1021731000.0,586401000.0,58978000.0,132875000.0,435330000.0,923000.0,46447000.0,1608601160.0,1872646160.0,8.927607941051093,0.44386077140169333,0.2642574219633152,0.4604357768830544,0.019913579797460407,8.927607941051093,0.027904113396805257,21.743730197350637,24.57680682026523,2.7431760177762317,0.0,42.67280606717227,0.0,0.07240653361794837,0.3985324553151458,0.016014978502169357,-25.96486304133779,0.4675993511759935,0.06810199037335767,0.8771059450358856,4.241169196099755,0.0,0.15745976511526752,0.06432938727722129,0.17720480262589616,1.3860600657375401,2.5161844913762628,0.49834856689750273,Oil & Gas E&P,Energy,MTDR
2013Q4,2013,Q4,2014-03-17,2013-12-31,15374000.0,68667000.0,23154000.0,0.234060045064247,29887000.0,0.4352454599734953,890330000.0,568924000.0,42172000.0,100327000.0,321406000.0,785000.0,30084000.0,1224349760.0,1424313760.0,8.661530966445405,0.4203454703120795,0.22463580919434367,0.3515408033410438,0.02047311256036256,8.661530966445405,0.027022941552826037,17.830249756069144,19.90942110055939,2.1520444910040712,0.0,49.40127388535032,0.0,0.07712533554973998,0.37837272120167054,0.0172677546527692,-22.417008623688595,0.4352454599734953,-0.3312570141021514,10.536147760646422,6.226909453290594,0.24722651722551928,-0.007768666378938282,-0.23531459835861726,-0.06030844155844156,10.536147760646422,6.226909453290594,0.24722651722551928,Oil & Gas E&P,Energy,MTDR
2013Q3,2013,Q3,2013-11-08,2013-09-30,20105000.0,71376000.0,24640000.0,0.35,30121000.0,0.4220045953822013,795820000.0,552666000.0,43691000.0,85935000.0,243154000.0,687000.0,14710000.0,947401279.9999999,1086111280.0,9.526096249310536,0.5084191540117531,0.18220200547862583,0.26236461081376455,0.031072584272577707,9.526096249310536,0.03637821034766025,13.273387132929834,11.780667495647847,1.714238400770085,0.0,60.0509461426492,0.0,0.08968862305546481,0.42786990166986677,0.025263250483777738,-23.150260971557028,0.4220045953822013,-0.2222222222222223,4.245617750838834,4.18721904320793,0.0,-0.03253677651442153,-0.19960985708029777,-0.08418509570711763,4.245617750838834,4.18721904320793,0.0,Oil & Gas E&P,Energy,MTDR
2013Q2,2013,Q2,2013-08-09,2013-06-30,25119000.0,65959000.0,26905000.0,0.45,31134000.0,0.4720204975818311,734711000.0,390025000.0,38810000.0,91738000.0,344686000.0,597000.0,-5395000.0,672301560.0,912257560.0,6.984813481616791,0.4230526063354335,0.33346445064794183,0.6281648612268445,0.041930018286880776,6.984813481616791,0.06440356387411063,10.19271911338862,6.691165651498865,1.723739657714249,0.0,58.333333333333336,0.0,0.08977543551137794,0.35881532189496174,0.03418895320745164,-16.966172714884166,0.4720204975818311,2.6071428571428568,20.55495963627887,5.7020928905466075,0.0,1.6706124549665466,2.62005804579168,2.8874079270431428,20.55495963627887,5.7020928905466075,0.0,Oil & Gas E&P,Energy,MTDR
2013Q1,2013,Q1,2013-05-10,2013-03-31,-15505000.0,54886000.0,-14255000.0,-0.28,11658000.0,0.21240389170280216,650322000.0,364105000.0,37268000.0,72483000.0,286217000.0,966000.0,-30515000.0,486946320.0,687435320.0,6.587512664640324,0.5141619414207469,0.3152284560571532,0.5630244023015339,-0.024887537380791476,6.587512664640324,-0.04258387003748919,8.871958605108771,-7.851440180586907,1.337378833028934,0.0,44.749482401656316,0.0,0.08439819043489226,0.4491397982975318,-0.023842035176420296,-9.269518008071271,0.21240389170280216,0.26315789473684204,-3.1137422978091505,3.6209348651922246,0.0,1.2294927065493415,0.2682178591655654,0.30358102496458056,-3.1137422978091505,3.6209348651922246,0.0,Oil & Gas E&P,Energy,MTDR
2012Q4,2012,Q4,2013-03-18,2012-12-31,-21188000.0,61906000.0,-20469000.0,-0.38,-50799000.0,-0.8205828191128485,632029000.0,379104000.0,38197000.0,96492000.0,252925000.0,877000.0,-15010000.0,453230399.99999994,601365400.0,6.858879722101607,0.39585665132860753,0.23733088196902358,0.3956697898202077,-0.03797144228299216,6.858879722101607,-0.055889676711403734,7.321267728491583,-5.347725127430621,1.1955305140541908,0.0,128.51197263397947,0.0,0.09794803719449582,0.3299651784603905,-0.03352377818106447,-9.827411695830351,-0.8205828191128485,-1.2352941176470587,-14.618181735152916,6.742686866714479,-0.012348197910302302,-2.443727618939351,-1.3037947156681526,-1.1099886609627874,-14.618181735152916,6.742686866714479,-0.012348197910302302,Oil & Gas E&P,Energy,MTDR
2012Q3,2012,Q3,2012-11-14,2012-09-30,-9197000.0,38008000.0,-9701000.0,-0.17,35186000.0,0.9257524731635445,588836000.0,399228000.0,35180000.0,77450000.0,189608000.0,1478000.0,6178000.0,576476530.0,678564530.0,7.223100721897559,0.4542285345384119,0.18001616748975946,0.26551243900728405,-0.018038174663896123,7.223100721897559,-0.02303696133537728,15.167241896442855,-15.670232956398825,1.4439782029316581,0.0,1.909336941813261,0.0,0.06454768390519601,0.34,-0.015618949928333186,-11.247444687243922,0.9257524731635445,-0.4166666666666668,-3.5187740457676235,1.8993981620756188,0.0,0.05161540990465943,-0.3776213301378071,0.06342923344274956,-3.5187740457676235,1.8993981620756188,0.0,Oil & Gas E&P,Energy,MTDR
2012Q2,2012,Q2,2012-08-14,2012-06-30,-6676000.0,36078000.0,-10358000.0,-0.12,33459000.0,0.9274072842175287,537689000.0,407777000.0,44582000.0,64062000.0,129912000.0,1381000.0,15376000.0,593610540.0,644444540.0,7.3777749633623415,0.6959195779089008,0.11158866928652064,0.1471392452247184,-0.014229171837563061,7.3777749633623415,-0.01637169335200367,16.453532346582406,-22.229274266027563,1.4557234468839588,-5.3325344517675254e-05,1.8964518464880522,5.997198095572899e-07,0.06709826684198486,0.4000811713652399,-0.012416099269280197,-15.556716406567144,0.9274072842175287,-2.6,-4.250627584199674,2.7035579475937355,0.0,0.2392598131032197,-2.7565758453455476,-2.4589955073699836,-4.250627584199674,2.7035579475937355,0.0,Oil & Gas E&P,Energy,MTDR
2012Q1,2012,Q1,2012-03-31,2012-03-31,3800576.0,29163667.0,7099405.0,0.075,26999181.0,0.92578141836553,497433232.0,414096117.0,38676948.0,58045125.0,83337115.0,1343416.0,22051585.0,547675440.9,560301587.9,8.279269330935595,0.6663255182928799,0.030154800755249903,0.03622347417471678,0.009160384439024812,8.279269330935595,0.009178004439003228,18.779375066242526,36.02581825097038,1.3225804793045186,0.02535299912434326,1.61118075115973,0.0001759363170304977,0.058628304511830445,0.4070621779176115,0.007640374135678977,-11.347924075937737,0.92578141836553,-0.06143668877975625,-0.4274337810181389,1.7133538162092166,0.0,1.91046052320241,0.11250686795695954,0.3770132020082802,-0.4274337810181389,1.7133538162092166,0.0,Oil & Gas E&P,Energy,MTDR
2011Q4,2011,Q4,2011-12-31,2011-12-31,3416227.0,10753498.0,5155655.0,0.07990936690513833,9276601.0,0.8626589227058953,439468516.0,271515193.0,36276082.0,74576077.0,167953323.0,1343416.0,18278652.0,502327434.25,605043254.25,6.3510437619503755,0.48643054796245183,0.20024187580254327,0.3241070933367622,0.010108137119148848,6.3510437619503755,0.012582084126688263,46.712933247395405,36.760396356126215,1.850089597932739,0.02011371024232289,1.0993593942606013,0.00013678926396403561,0.024469325124532926,0.3324214144436694,0.007773542075537443,-19.590914066104784,0.8626589227058953,-0.5005664568428854,4.25569248719037,0.7388609709615626,-0.08547458611523101,-0.4554186356514133,-0.4914968320392867,-0.242616485622853,4.25569248719037,0.7388609709615626,-0.08547458611523101,Oil & Gas E&P,Energy,MTDR
2011Q3,2011,Q3,2011-09-30,2011-09-30,6718202.0,18881978.0,6807192.0,0.16,17034371.0,0.9021497112219917,383243569.0,268538349.0,32177204.0,50101674.0,114705220.0,1737393.0,14931138.0,502327434.25,577474145.25,6.281412054392488,0.6422381016650262,0.15655840007063498,0.22343177510188683,0.02071944181401098,6.281412054392488,0.025017663305884105,26.60353879503514,18.692778002581644,1.8705985052808975,0.010227885377665035,1.0634364245740602,0.00013678926396403561,0.04926887109748213,0.4772850903145472,0.017529849274522336,-283.8022533730398,0.9021497112219917,-0.043308240105714435,1.3787257411093177,0.8622098542349186,0.0,-0.11324454484704218,-0.06068337075060439,-0.053957900854749316,1.3787257411093177,0.8622098542349186,0.0,Oil & Gas E&P,Energy,MTDR
2011Q2,2011,Q2,2011-06-30,2011-06-30,7152223.0,20863572.0,7195443.0,0.167243,19209773.0,0.9207327009967421,364718463.0,262442635.0,33282753.0,38372009.0,102275828.0,1737393.0,8281649.0,502493297.25,577570216.25,6.136800188432762,0.8673706138242593,0.16451045419107285,0.2286213899658491,0.022458722314908027,6.136800188432762,0.027252519393428588,24.08472035613077,17.564234827759144,1.9146786010969599,0.00960736263396709,0.9518853822940463,0.00013674610263669543,0.05720459509613584,0.7095630828190413,0.019610257570097295,-10.200648669423849,0.9207327009967421,1.259178961071163,8.270107797943657,1.7680266725219558,0.0,0.5492975614768295,1.2591792225336842,1.2087659411053429,8.270107797943657,1.7680266725219558,0.0,Oil & Gas E&P,Energy,MTDR
2011Q1,2011,Q1,2011-03-31,2011-03-31,-27595665.0,13698578.0,-34466556.0,-0.64528,12399021.0,0.905131977932308,336196609.0,254808939.0,35098865.0,37444214.0,81387670.0,1736609.0,1198140.0,502493297.25,528032430.25,5.958298448228704,0.9373641812857922,0.11897799956691413,0.15698036402090274,-0.09350930237456408,5.958298448228704,-0.10829943842747213,36.682150311514086,-4.552284727057674,1.9720395180092172,-0.002489992540495038,0.7483302228653658,0.0001367441125603989,0.04074573518378349,0.7883631099854306,-0.08208192546046769,-22.27161131916447,0.905131977932308,-25.29020012920555,-5.862212157193231,0.4905842423667364,0.0,1.4194873482042083,-26.69976070071328,-24.428465610963883,-5.862212157193231,0.4905842423667364,0.0,Oil & Gas E&P,Energy,MTDR
2010Q4,2010,Q4,2010-12-31,2010-12-31,-996242.0,5871464.0,-1355432.0,-0.024544506958057124,5124648.0,0.8728058283249288,346381757.0,281877143.0,42501291.0,30096506.0,64504614.0,1423197.0,28862518.0,476923147.0,480863628.0,6.9446334301111206,1.4121669472197205,0.07217470174100422,0.08869112172035885,-0.0028980193636632466,6.9446334301111206,-0.00353431281939735,81.22729646302864,-119.68054624278037,1.691953955273344,-0.06897219751827367,0.5247453444603944,0.0001440756239914688,0.016950846519321744,1.1648303959270223,-0.002876138768474461,-7.0329615325113135,0.8728058283249288,-1.3506358136865304,0.0,0.0,0.0,-0.4436888103860283,-1.3715306589375238,-1.3237079036216743,0.0,0.0,0.0,Oil & Gas E&P,Energy,MTDR
2010Q3,2010,Q3,2010-09-30,2010-09-30,2681453.0,9626765.0,4187207.0,0.07,9211837.0,0.956898501209908,,,,,,,,476923147.0,,,0.0,0.0,0.0,0.0,,0.0,49.54137210163539,44.46499220758297,0.0,0.025625285992333262,0.0,0.0001440756239914688,0.0,0.0,0.0,-15.835593904897149,0.956898501209908,4.042949052338724,0.0,0.0,0.0,0.31882858690284976,3.7256494051037574,3.576078537287924,0.0,0.0,0.0,Oil & Gas E&P,Energy,MTDR
2010Q2,2010,Q2,2010-06-30,2010-06-30,-983785.0,7537345.0,-1625419.0,-0.023004,6984863.0,0.9267007149069069,,,,,,,,502493297.25,,,0.0,0.0,0.0,0.0,,0.0,66.66714834600248,-127.69388058620532,0.0,-0.06984656200287664,0.0,0.00013674610263669543,0.0,0.0,0.0,-23.03535578891026,0.9267007149069069,-1.1733364478234989,0.0,0.0,0.0,-0.2171848608539812,-1.173337782838875,-1.190010391181395,0.0,0.0,0.0,Oil & Gas E&P,Energy,MTDR
2010Q1,2010,Q1,2010-03-31,2010-03-31,5675537.0,9190073.0,8554369.0,0.132713,8922749.0,0.9709116565232943,,,,,,,,502493297.25,,,0.0,0.0,0.0,0.0,,0.0,54.67783523047097,22.134174142904893,0.0,0.012106872001715433,0.0,0.0001367441125603989,0.0,0.0,0.0,-36.83109242770492,0.9709116565232943,0.0,0.0,0.0,0.0,0.0,0.0,0.0,0.0,0.0,0.0,Oil & Gas E&P,Energy,MTDR
