Quarters,Year,Quarter,FillingDate,Date,NetIncome,Revenue,OperatingIncome,EPSDiluted,GrossProfit,GrossProfitRatio,TotalAssets,CommonStockEquity,CurrentAssets,CurrentLiability,TotalLiability,Inventory,RetainedEarnings,MarketCap,EnterpriseValue,bookValuePerShare,currentRatio,debtToAssets,debtToEquity,roic,shareholdersEquityPerShare,roe,priceToSalesRatio,peRatio,pbRatio,payoutRatio,inventoryTurnover,dividendYield,assetTurnover,quickRatio,returnOnAssets,priceToFreeCashFlowsRatio,grossProfitMargin,epsdilutedGrowth,fiveYNetIncomeGrowthPerShare,fiveYRevenueGrowthPerShare,fiveYShareholdersEquityGrowthPerShare,grossProfitGrowth,netIncomeGrowth,operatingIncomeGrowth,threeYNetIncomeGrowthPerShare,threeYRevenueGrowthPerShare,threeYShareholdersEquityGrowthPerShare,Industry,Sector,Symbol
2023Q1,2023,Q1,2023-05-10,2023-03-31,-15905000.0,100437000.0,-19064000.0,-0.58,23193000.0,0.2309208758,832302000.0,359878000.0,206871000.0,64802000.0,472424000.0,32454000.0,-221109000.0,928602240.0,1273398240.0,13.161132241076652,3.192355174223018,0.4727310519498932,1.0933010631380635,-0.02568994982324365,13.161132241076652,-0.04419553293060426,9.245619044774337,-14.59607419050613,2.5803251101762266,0.0,2.380107228692919,0.0,0.12067374582783653,2.405882534489676,-0.019109650102967432,-51.44040771105695,0.23092087577287254,-0.15999999999999992,-137.41714065673082,0.05241470851577068,2.0132036087842096,-0.11311230928071585,-0.17980861953860988,-0.2641071546979643,0.043481170612903214,0.20402918642729864,2.0948394874850087,Software—Application,Technology,PAR
2022Q4,2022,Q4,2023-03-01,2022-12-31,-13481000.0,97650000.0,-15081000.0,-0.5,26151000.0,0.2678033794,854858000.0,375194000.0,223949000.0,67824000.0,479664000.0,37594000.0,-205204000.0,706966260.0,1030005260.0,13.83560734567446,3.301913776834159,0.46015478594105685,1.0484362756334056,-0.02046198121915554,13.83560734567446,-0.03593074516116995,7.239797849462366,-13.110419479267117,1.8842685650623412,0.0,1.9018726392509444,0.0,0.11422949776454101,2.51500943618778,-0.015769870551600382,-61.034814814814816,0.2678033794162826,0.3670886075949367,-0.5079950563335609,0.0409701012289897,2.22013903606745,0.22155269058295965,0.3682755388940956,0.1822913842650328,-0.41268039882711066,0.12743793885840568,2.1470892928717142,Software—Application,Technology,PAR
2022Q3,2022,Q3,2022-11-09,2022-09-30,-21340000.0,92767000.0,-18443000.0,-0.79,21408000.0,0.2307717184,864741000.0,383086000.0,233256000.0,65759000.0,481655000.0,39707000.0,-191723000.0,800558300.0,1102893300.0,14.130800442641092,3.5471342325765294,0.45312874028177225,1.022848655393306,-0.024368611824412446,14.130800442641092,-0.055705507379544016,8.6297745965699,-9.378611761949392,2.0897613068606007,0.0,1.7971390434935905,0.0,0.10727720785761286,2.803631442083973,-0.024677909339328192,-212.34968169761274,0.23077171839123825,-0.1285714285714287,-7.289863290430087,0.11708399575557327,2.0763755620734243,0.01358837176270063,-0.1322156196943973,-0.14559910553450525,-1.1739687488789285,0.2290996851213711,3.555978463783721,Software—Application,Technology,PAR
2022Q2,2022,Q2,2022-08-09,2022-06-30,-18848000.0,85093000.0,-16099000.0,-0.7,21121000.0,0.2482107811,859113000.0,395500000.0,261229000.0,61555000.0,463613000.0,42042000.0,-170383000.0,1011555180.0,1255247180.0,14.657920094878067,4.243830720493867,0.456588364976435,0.9918103666245259,-0.020384511772065003,14.657920094878067,-0.04765613147914033,11.887642696814074,-13.417274777164687,2.5576616434892543,0.0,1.52162123590695,0.0,0.099047505974185,3.399268946470636,-0.021938906756154314,-82.2803953147877,0.2482107811453351,-0.20689655172413793,-6.6247114592253125,-0.19365780190040738,2.147705787000728,0.02464464173094649,-0.20434504792332267,-0.2568506518853931,-9.260787023028879,0.16106611660996448,3.2801641663033267,Software—Application,Technology,PAR
2022Q1,2022,Q1,2022-05-10,2022-03-31,-15650000.0,80285000.0,-12809000.0,-0.58,20613000.0,0.2567478358,871696000.0,411470000.0,270087000.0,58337000.0,460226000.0,40930000.0,-151535000.0,1087969800.0,1317245800.0,15.256581386725992,4.6297718429127315,0.4502521521264294,0.9538556881425134,-0.015858501621705684,15.256581386725992,-0.03803436459523173,13.551345830478919,-17.37970926517572,2.644104795003281,0.0,1.4579037380894209,0.0,0.09210206310456856,3.7331024907005848,-0.017953506727115875,-47.20861754751367,0.2567478358348384,0.3894736842105263,-7.32847959505545,-0.2867639454540966,2.378813462030718,0.10798752956353472,0.3896017785405047,0.25198551740247604,-2.4114775140001243,0.06889123131854687,4.62898911736534,Software—Application,Technology,PAR
2021Q4,2021,Q4,2022-03-01,2021-12-31,-25639000.0,81599000.0,-17124000.0,-0.95,18604000.0,0.2279929901,888149000.0,504345000.0,283007000.0,60517000.0,383804000.0,35078000.0,-122505000.0,1418352060.0,1541189060.0,18.76423096956619,4.676487598526034,0.35045470973901904,0.6171489754037415,-0.023507421862243832,18.76423096956619,-0.050836233134064976,17.381978455618327,-13.830025156987404,2.8122655325223804,0.0,1.7958549518216547,0.0,0.09187534974424337,3.9393393591883274,-0.02886790392152668,-124.14460043763677,0.2279929901101729,0.22764227642276424,-13.808276420009722,-0.20433500878012598,3.254717907543055,0.021412100581969913,0.1971001784987317,-0.2136933871996598,-1.4886911317859508,0.046349220571104965,5.56662320462401,Software—Application,Technology,PAR
2021Q3,2021,Q3,2021-11-09,2021-09-30,-31933000.0,77860000.0,-14109000.0,-1.23,18214000.0,0.23393269971744157,906392000.0,524681000.0,296294000.0,60465000.0,381711000.0,33988000.0,-96866000.0,1599136980.0,1706396980.0,20.181590891607048,4.90025634664682,0.3393156603323948,0.5861714070073054,-0.016842031799548414,20.181590891607048,-0.060861742658872724,20.53862034420755,-12.51947029718473,3.0478271178106313,0.0,1.7549134988819584,0.0,0.0859010229569546,4.1213098486727855,-0.03523089347655319,-127.70619549592716,0.23393269971744157,-2.1538461538461537,-38.39398204376279,-0.23195346396830405,3.6272035643657863,0.2059855657816328,-2.207412615508236,0.16883652430044183,-0.18174072215325135,0.03813826337578612,5.231882932443402,Software—Application,Technology,PAR
2021Q2,2021,Q2,2021-08-09,2021-06-30,-9956000.0,68950000.0,-16975000.0,-0.39,15103000.0,0.21904278462654098,797675000.0,436561000.0,177005000.0,60353000.0,361114000.0,29947000.0,-64933000.0,1782350960.0,1982091960.0,17.13078794537749,2.93282852550826,0.3572369699438995,0.6527358146971443,-0.010450733170293217,17.13078794537749,-0.022805518587322274,25.849905148658447,-44.75569907593411,4.082707708659271,0.0,1.798076601996861,0.0,0.08643871250822703,2.1617152419929417,-0.012481273701695553,-55.02271972339703,0.21904278462654098,-0.026315789473684233,-83.43802152489955,-0.1976861256365049,2.9207524076901694,0.48068627450980395,-0.20372385443114496,-1.8192991197475503,-3.822182382780629,-0.1595601808439638,3.0725243066488255,Software—Application,Technology,PAR
2021Q1,2021,Q1,2021-05-10,2021-03-31,-8271000.0,54467000.0,-6021000.0,-0.38,10200000.0,0.1872693557566967,338675000.0,177852000.0,245094000.0,45140000.0,160823000.0,25296000.0,-54977000.0,1434375890.0,1371323890.0,8.110356149391217,5.429641116526362,0.3250018454270318,0.6188853653599622,-0.02082703646144146,8.110356149391217,-0.04650495917954254,26.334769493454754,-43.35557641155845,8.064997244900253,0.0,1.749960468058191,0.0,0.1608237986270023,4.692689410722197,-0.02442164316822913,-281.08483049186754,0.1872693557566967,0.36666666666666664,-394.4153130557709,-0.29732652949649463,0.8645894102325324,0.35494155154091395,0.362051677593521,0.4886624203821656,-89.4578760867291,-0.2883444343344071,0.856842858975152,Software—Application,Technology,PAR
2020Q4,2020,Q4,2021-03-16,2020-12-31,-12965000.0,58516000.0,-11775000.0,-0.6,7528000.0,0.12864857474878666,343749000.0,188405000.0,248929000.0,39959000.0,155344000.0,21638000.0,-46706000.0,1356891900.0,1282715900.0,8.718417399352152,6.2296103506093745,0.3098481741037792,0.5653246994506516,-0.043900371335682566,8.718417399352152,-0.06881452190759269,23.188391209241917,-26.16451793289626,7.201995169979565,0.0,2.356410019410297,0.0,0.17022885884758937,5.597387322005055,-0.037716473357013405,-169.10417497507478,0.12864857474878666,-1.9999999999999998,-11.622309945110235,-0.2555007447266854,1.0003938599512667,-0.35498243509553595,-2.493667475074104,-10.798597194388778,-0.819923863714948,-0.2172131362183666,1.0291495341663257,Software—Application,Technology,PAR
2020Q3,2020,Q3,2020-11-06,2020-09-30,-3711000.0,54847000.0,-998000.0,-0.2,11671000.0,0.21279194851131328,221801000.0,66775000.0,126412000.0,41507000.0,155026000.0,27113000.0,-33741000.0,739307500.0,789076500.0,3.658904109589041,3.045558580480401,0.4757598027060293,1.5802920254586297,-0.005699350351914738,3.658904109589041,-0.055574691126918756,13.479451929914125,-49.8051401239558,11.071621115687009,0.0,1.5924464279128094,0.0,0.24728021965635863,2.309514057869757,-0.016731214016167645,-245.86215497173262,0.21279194851131328,0.5918367346938775,-1.1288822690598637,-0.19307859795487897,-0.15078080927279328,0.2854939971362485,0.5865641711229946,0.8254634487583071,-1.1414629089497115,-0.01890323400534189,-0.20343060307163072,Software—Application,Technology,PAR
2020Q2,2020,Q2,2020-08-07,2020-06-30,-8976000.0,45691000.0,-5718000.0,-0.49,9079000.0,0.1987043400231993,222886000.0,68610000.0,127170000.0,37327000.0,154276000.0,25992000.0,-30030000.0,546042920.0,591763920.0,3.760688445516334,3.4069172448897582,0.46883160001076785,1.5230432881504155,-0.03667449410020231,3.760688445516334,-0.13082641014429383,11.950776301678667,-15.208414661319072,7.958649176504883,0.0,1.4085872576177285,0.0,0.20499717344292598,2.5989498218447773,-0.04027170840698833,-426.59603125,0.1987043400231993,0.19672131147540983,-76.91373265807178,-0.38334718305800786,-0.15261894197787007,-0.17814791346066805,0.17726856095325388,-0.04821264894592117,-4.961611591846023,-0.35966050291200635,-0.19241333651457537,Software—Application,Technology,PAR
2020Q1,2020,Q1,2020-05-11,2020-03-31,-10910000.0,54732000.0,-5455000.0,-0.61,11047000.0,0.20183804721186874,228982000.0,76296000.0,133438000.0,38362000.0,152686000.0,23339000.0,-21054000.0,230721260.0,273187260.0,4.252605763335377,3.4783900735102447,0.4478736319885406,1.3441726958162945,-0.020254683870439015,4.252605763335377,-0.14299570095417846,4.215472849521304,-5.286921631530706,3.024028258362168,0.0,1.8717597154976648,0.0,0.23902315465844476,2.6825504405401177,-0.04764566647160039,-13.44294470663637,0.20183804721186874,-0.7428571428571429,-23.633754072692817,-0.2020295843810182,-0.03895497181680659,0.013486238532110091,-0.8710341279368891,-0.5211935303959844,-7.631993518492446,-0.2690721736246967,-0.05819257685286239,Software—Application,Technology,PAR
2019Q4,2019,Q4,2020-03-16,2019-12-31,-5831000.0,52923000.0,-3586000.0,-0.35,10900000.0,0.20595960168546756,189612000.0,72847000.0,93563000.0,42104000.0,116765000.0,19326000.0,-10144000.0,509361800.0,544369800.0,4.396318648159324,2.2221879156374693,0.33248950488365714,0.8654302853926723,-0.027471557222458608,4.396318648159324,-0.08004447678010077,9.624582884568147,-21.83852683930715,6.992213818002114,0.0,2.1744282313981165,0.0,0.2791120815138282,1.6580372411172335,-0.030752273062886314,-60.60944788196097,0.20595960168546756,0.027777777777777804,-1.6937556411256085,-0.215332375772411,-0.015282301845112789,0.1800368084876042,0.012029820399864452,0.10147832623402656,-5.725057435252122,-0.16292512018726849,-0.0031514901981940513,Software—Application,Technology,PAR
2019Q3,2019,Q3,2019-11-08,2019-09-30,-5902000.0,45380000.0,-3991000.0,-0.36,9237000.0,0.20354781842221242,152569000.0,50556000.0,103126000.0,31959000.0,102013000.0,19081000.0,-4313000.0,387451000.0,403689000.0,3.10159509202454,3.2268218655151912,0.39416264116563654,1.1895126196692776,-0.03463081455465373,3.10159509202454,-0.11674183084104756,8.537924195680917,-16.41185191460522,7.663798560012658,0.0,1.894187935642786,0.0,0.29743919144780395,2.3627147282455647,-0.03868413635797573,-88.11712531271321,0.20354781842221242,-4.142857142857142,-50.74506331963753,-0.22959029835431205,-0.33231693271881896,0.07745246704770792,-4.321911632100992,-0.15580654503330438,-12.02334841414596,-0.2860135629394058,-0.28887113299854605,Software—Application,Technology,PAR
2019Q2,2019,Q2,2019-08-07,2019-06-30,-1109000.0,44247000.0,-3453000.0,-0.07,8573000.0,0.1937532488078288,155072000.0,55787000.0,114114000.0,30333000.0,99285000.0,20433000.0,1589000.0,430707600.0,434660600.0,3.4246163290362186,3.7620413411136386,0.3821128250103178,1.062165020524495,-0.006377921117366525,3.4246163290362186,-0.019879183322279385,9.7341650281375,-97.0936880072137,7.720572893326403,0.0,1.745901238193119,0.0,0.2853319748245976,2.7872943658721523,-0.007151516714816343,-91.15504761904762,0.1937532488078288,0.5882352941176471,-1.0478665233112268,-0.26125549362920925,-0.25702658205259177,-0.12197869725522327,0.5936240381091975,-0.6435030937648739,-15.36549947737793,-0.1945466828690672,-0.21620226925364894,Software—Application,Technology,PAR
2019Q1,2019,Q1,2019-05-07,2019-03-31,-2729000.0,44682000.0,-2101000.0,-0.17,9764000.0,0.2185219999104785,105048000.0,43485000.0,61191000.0,51381000.0,61563000.0,22639000.0,2698000.0,402704400.0,418418400.0,2.710359012715034,1.1909266071115783,0.15363452897722946,0.37113947338162584,-0.03381398077067803,2.710359012715034,-0.06275727262274347,9.012676245467974,-36.89120556980579,9.260765781303897,0.0,1.5423826140730597,0.0,0.4253484121544437,0.651077246452969,-0.02597860025892925,-78.45400350672122,0.2185219999104785,0.5526315789473684,-1.6656201890705513,-0.23658595809579056,-0.4187051402032725,0.45340875260494196,0.5571961706960896,0.66384,-178.42015291282306,-0.2121221698641727,-0.3768822700324822,Software—Application,Technology,PAR
2018Q4,2018,Q4,2019-03-18,2018-12-31,-6163000.0,46652000.0,-6250000.0,-0.38,6718000.0,0.14400240075452286,94681000.0,45946000.0,55692000.0,40917000.0,48735000.0,22737000.0,5427000.0,349718250.0,354052250.0,2.85751601467753,1.361096854608109,0.08258256672405234,0.17017803508466461,-0.11573957570093149,2.85751601467753,-0.13413572454620643,7.496318485809826,-14.186201930877818,7.611505898228355,0.0,1.7563442846461714,0.0,0.492728213685956,0.7259574260087495,-0.06509225715824717,-95.91833516182118,0.14400240075452286,0.6346153846153846,-25.18043766047995,-0.24840926637895377,-0.3926599625569871,-0.21316467556804872,0.6310464559386973,-1.3478587528174304,-7.786320208370265,-0.20227053212139395,-0.34435835901844974,Software—Application,Technology,PAR
2018Q3,2018,Q3,2018-11-09,2018-09-30,-16704000.0,46362000.0,-2662000.0,-1.04,8538000.0,0.1841594409214443,102796000.0,52045000.0,62699000.0,42687000.0,50751000.0,24345000.0,11590000.0,368186610.0,369569610.0,3.2384419140065956,1.4688078337667205,0.07004163586131756,0.1383418195792103,-0.31951688375015236,3.2384419140065956,-0.3209530214237679,7.941560113886372,-5.510455729166667,7.074389662791815,0.0,1.5536660505237214,0.0,0.4510097669170007,0.7722960151802657,-0.16249659519825674,-76.75351469668543,0.1841594409214443,-12.0,-37.390381319259426,-0.19981440661289657,-0.3128726008860172,-0.24841549295774648,-11.625850340136054,-1.3683274021352314,-9.881810020418543,-0.22543033022619027,-0.24836865382114726,Software—Application,Technology,PAR
2018Q2,2018,Q2,2018-08-09,2018-06-30,-1323000.0,52571000.0,-1124000.0,-0.08,11360000.0,0.21608871811454985,127215000.0,68691000.0,73023000.0,50260000.0,58524000.0,26748000.0,28294000.0,288714400.0,286161400.0,4.206429883649724,1.4529048945483485,0.04814683803010651,0.08916743095893202,-0.012532233767018296,4.206429883649724,-0.019260165087129317,5.491894770881284,-54.5567649281935,4.203089196546855,0.0,1.5407133243606999,0.0,0.4132452934009354,0.8375646637485078,-0.010399717014503007,298.5671147880041,0.21608871811454985,-20.16167664670659,-22.563190124730074,-0.17938296769692336,-0.11143641982135694,-0.04110745336372077,-20.455882352941178,-9.144927536231885,-13.500610550950991,-0.2073341035139999,-0.05218178614271857,Software—Application,Technology,PAR
2018Q1,2018,Q1,2018-05-10,2018-03-31,68000.0,55661000.0,138000.0,0.004175,11847000.0,0.21284202583496523,122140000.0,69658000.0,69378000.0,42141000.0,52482000.0,22394000.0,29617000.0,224707320.0,223227320.0,4.3678204163531476,1.6463301772620489,0.035058130014737184,0.06147176203738264,0.0008692720124795743,4.3678204163531476,0.0009761979959229378,4.037069402274483,826.1298529411765,3.225865227253151,0.0,1.9565062070197374,0.0,0.45571475356148683,0.9888944258560547,0.0005567381693139021,-53.33665321623546,0.21284202583496523,1.0126515151515152,1.1682669195719422,-0.20674001066805148,-0.07778759994126486,-0.06013486711622372,1.0128471566219535,1.0547619047619048,1.1727249925895524,-0.08707122531024707,-0.012917648909701332,Software—Application,Technology,PAR
2017Q4,2017,Q4,2018-03-16,2017-12-31,-5293000.0,55541000.0,-2520000.0,-0.33,12605000.0,0.22694946075871877,114624000.0,68986000.0,62632000.0,38587000.0,45638000.0,21746000.0,29549000.0,150123600.0,144853600.0,4.296586945690085,1.6231373260424495,0.011603154662199888,0.019279274055605485,-0.11488043535337182,4.296586945690085,-0.07672571246339838,2.7029329684377306,-7.090666918571698,2.1761458846722523,0.0,1.9744320794628898,0.0,0.4845494835287549,0.9505014642237023,-0.04617706588498046,25.049824795594862,0.22694946075871877,-2.3,-0.3818657429414984,-0.21134347967694667,-0.10642650170997318,0.3456816483399167,-2.4891232696110746,0.029275808936825885,-1.5234935469220563,-0.15015421873920948,-0.037620894733436674,Software—Application,Technology,PAR
2017Q3,2017,Q3,2017-11-13,2017-09-30,-1517000.0,48938000.0,-2596000.0,-0.1,9367000.0,0.19140545179615023,114733000.0,73383000.0,60473000.0,33320000.0,41350000.0,26716000.0,34264000.0,166789440.0,167494440.0,4.593327491236855,1.8149159663865546,0.016368438025677008,0.02559175830914517,-0.019344299827972655,4.593327491236855,-0.020672362808824934,3.4081785115860885,-27.4867237969677,2.272862107027513,0.0,1.4811723311873035,0.0,0.4265381363687867,0.8916266506602641,-0.013222002388153365,-51.79796273291925,0.19140545179615023,-1.8333333333333335,-2.061124876014169,-0.24081800360568384,-0.08778529636560108,-0.383628347700204,-1.7673242286292363,-1.9426289034132171,-12.569843871311555,-0.15233740228576695,-0.011190404491480203,Software—Application,Technology,PAR
2017Q2,2017,Q2,2017-08-14,2017-06-30,1977000.0,62261000.0,2754000.0,0.12,15197000.0,0.2440853825026903,123207000.0,74130000.0,70180000.0,41030000.0,49077000.0,28845000.0,35598000.0,135470690.0,133662690.0,4.656699541428481,1.710455764075067,0.011963605963946853,0.019883987589370027,0.025765823031010184,4.656699541428481,0.026669364629704574,2.1758514961211675,17.130840920586746,1.8274745716983678,0.0,1.6316172646905875,0.0,0.5053365474364281,0.9039483304898854,0.016046166208088825,-20.11144447743468,0.2440853825026903,0.3333333333333333,4.598923243739088,-0.04888497009425834,-0.058898768837094176,-0.02962773769235681,0.36627505183137526,0.2289156626506024,4.735786697613315,0.06373102784450753,0.010274916145988066,Software—Application,Technology,PAR
2017Q1,2017,Q1,2017-05-15,2017-03-31,1447000.0,65865000.0,2241000.0,0.09,15661000.0,0.23777423517801563,125538000.0,71257000.0,73117000.0,46245000.0,54281000.0,24800000.0,33804000.0,113149770.0,109199770.0,4.515366580064635,1.581079035571413,0.012107887651547739,0.02133123763279397,0.019848019941352355,4.515366580064635,0.0203067768780611,1.7179043498064221,19.549027297857634,1.587910942082883,0.0,2.0243548387096775,0.0,0.5246618553744683,0.9407503513893394,0.011526390415651037,-24.70518995633188,0.23777423517801563,0.211591489361702,-0.4389457988160204,0.13236854394609868,-0.09397126305904174,0.2482863063924757,0.23148936170212767,1.2984615384615386,2.4369491438329067,0.1440904733516126,-0.031582395256112485,Software—Application,Technology,PAR
2016Q4,2016,Q4,2017-04-17,2016-12-31,1175000.0,60198000.0,975000.0,0.07428246301681629,12546000.0,0.20841223960928934,124511000.0,69580000.0,82024000.0,46840000.0,54931000.0,26237000.0,32357000.0,88035660.0,79546660.0,4.410217405083349,1.7511528608027327,0.004545783103500896,0.008134521414199482,0.00958609470621265,4.410217405083349,0.016887036504742742,1.4624349646167647,18.730991489361703,1.2652437482035068,0.0,1.8162137439493844,0.0,0.4834753555910723,0.9293552519214346,0.009436917220165287,7.71295426669003,0.20841223960928934,1.4760821005605431,0.5783561736776748,0.03395907161997174,-0.08299996829647274,-0.004285714285714286,1.2683397683397684,0.18757612667478685,3.698340260234156,-0.011611184366504728,-0.06264686175786244,Software—Application,Technology,PAR
2016Q3,2016,Q3,2016-11-14,2016-09-30,518000.0,61492000.0,821000.0,0.03,12600000.0,0.20490470305080336,124960000.0,68781000.0,82016000.0,46951000.0,56179000.0,29785000.0,31182000.0,84582395.0,87090395.0,4.36150919467343,1.7468424527699091,0.043141805377720874,0.07837920355912244,0.007436670666903646,4.36150919467343,0.007531149590729998,1.375502423079425,40.821619208494205,1.2297348831799482,0.0,1.6414973980191372,0.0,0.49209346991037134,0.8651359928436029,0.0041453265044814345,-16.673052434456928,0.20490470305080336,5.352702702702702,-0.5892463100497268,-0.019302331296165206,-0.08408063170425378,0.20631881282910483,6.0,1.3323863636363635,0.1500244999135297,0.08157936183039928,-0.07458199074508029,Software—Application,Technology,PAR
2016Q2,2016,Q2,2016-08-08,2016-06-30,74000.0,52658000.0,352000.0,0.004722399489470326,10445000.0,0.19835542557636066,119103000.0,68226000.0,76065000.0,41642000.0,50877000.0,25392000.0,30663000.0,74795850.0,72053850.0,4.36926032660903,1.8266413716920418,0.022098519768603647,0.038577668337583915,0.003425987477626453,4.36926032660903,0.0010846304927740159,1.420408105131224,252.68868243243244,1.0962954005804237,0.0,1.6624527410207939,0.0,0.44212152506653907,0.9467604822054656,0.0006213109661385523,113.15559757942512,0.19835542557636066,3.950104286656526,1.003981764824333,-0.13235712939149713,-0.07213158878667403,-0.015458572909793572,3.933333333333333,4.5,0.2613310413401419,-0.14038725707902214,-0.07704022034579151,Software—Application,Technology,PAR
2016Q1,2016,Q1,2016-05-11,2016-03-31,15000.0,55305000.0,64000.0,0.000954,10609000.0,0.19182714040321852,118616000.0,68055000.0,72583000.0,41339000.0,50561000.0,22376000.0,30589000.0,103732980.0,100613980.0,4.349674038092803,1.7557996081182419,0.02234943009374789,0.038953787377856146,0.00059031949813004,4.349674038092803,0.00022040996253030638,1.8756528342826146,1728.8829999999998,1.5242521489971348,0.0,1.9974973185555953,0.0,0.4662524448640993,0.9631340864558892,0.00012645848789370742,-48.83850282485876,0.19182714040321852,-0.9841000000000001,-0.964584627962988,-0.055403216162245285,-0.2611257586903912,-0.1197311649518752,-0.9829931972789115,-0.9697685403873406,1.0378341509011888,-0.1965999712165115,-0.08161898801417894,Software—Application,Technology,PAR
2015Q4,2015,Q4,2016-03-30,2015-12-31,882000.0,56797000.0,2117000.0,0.06,12052000.0,0.2121943060372907,115312000.0,68060000.0,69602000.0,37803000.0,47252000.0,21499000.0,30574000.0,105095680.0,99740680.0,4.358350409836065,1.8411766261936884,0.023145899819619814,0.03921539817807817,0.029250376596268616,4.358350409836065,0.012959153687922421,1.8503737873479233,29.78902494331066,1.5441622098148695,0.0,2.0812595934694635,0.0,0.4925506452060497,0.9934132211729227,0.007648813653392535,-53.078626262626265,0.2121943060372907,1.5999999999999999,-0.2695706487768844,-0.15759874689450679,-0.25029078808661415,0.00895772289660946,1.5923438549361988,0.10260416666666666,1.2367555131628498,-0.1707849809494002,-0.09358137709803074,Software—Application,Technology,PAR
2015Q3,2015,Q3,2015-11-16,2015-09-30,-1489000.0,58060000.0,1920000.0,-0.1,11945000.0,0.20573544609025146,128071000.0,67166000.0,84862000.0,51582000.0,60905000.0,25090000.0,29692000.0,82465810.0,86533810.0,4.308550901276541,1.6451863053002986,0.04782503455114741,0.09119197212875563,0.017273732804728513,4.308550901276541,-0.02216895453056606,1.4203549776093696,-13.84583781061115,1.2277909954441235,0.0,1.837983260263053,0.0,0.4533422867003459,0.6087588693730371,-0.011626363501495264,49.58858087793145,0.20573544609025146,-16.515841584158416,-3.641605187720538,-0.0940860694930086,-0.24950914469569593,-0.17773800509396295,-15.742574257425742,2.1735537190082646,-2.0673955985136283,-0.07694727196964012,-0.14434067873454076,Software—Application,Technology,PAR
2015Q2,2015,Q2,2015-08-14,2015-06-30,101000.0,63292000.0,605000.0,0.006445025843915513,14527000.0,0.22952347848069266,135481000.0,69162000.0,74474000.0,55026000.0,66319000.0,24936000.0,31181000.0,76517440.0,80361440.0,4.438013347022587,1.3534329226183985,0.06628235693565887,0.1298400855961366,0.001533282044101713,4.438013347022587,0.0014603394927850553,1.208959110156102,189.39960396039606,1.1063508863248606,0.0,1.9556063522617901,0.0,0.4671651375469623,0.7197143168683895,0.0007454919878064083,-27.182039076376554,0.22952347848069266,1.3222512921957756,-0.887021329599021,0.06926931981619965,-0.22553239552017107,0.11840788359381015,1.2623376623376623,1.9043348281016443,1.1878123435818813,-0.012351029315145326,-0.10309441533796006,Software—Application,Technology,PAR
2015Q1,2015,Q1,2015-05-08,2015-03-31,-385000.0,59624000.0,-669000.0,-0.02,12989000.0,0.21784851737555347,136947000.0,69012000.0,76492000.0,56648000.0,67935000.0,27227000.0,31080000.0,65347240.00000001,66328240.00000001,4.424980764298538,1.3503036294308715,0.05074225795380695,0.10069263316524663,-0.0034458873471977436,4.424980764298538,-0.00557873992928766,1.0959888635448813,-42.43327272727273,0.946896771575958,0.0,1.7128218312704302,0.0,0.43538011055371784,0.6770053664736619,-0.0028113065638531694,-514.5451968503937,0.21784851737555347,0.8461538461538461,-1.6235925768260253,-0.032911615867720616,-0.22524631181711197,-0.05849521600463903,0.8107177974434612,-9.060240963855422,-1.1510491585973832,0.03723103298292319,-0.11210758600068044,Software—Application,Technology,PAR
2014Q4,2014,Q4,2015-03-31,2014-12-31,-2034000.0,63376000.0,83000.0,-0.13,13796000.0,0.21768492804847261,137297000.0,69513000.0,76643000.0,56371000.0,67784000.0,25922000.0,31465000.0,95755500.0,96327500.0,4.464547206165704,1.3596175338383212,0.07821729535241119,0.1544890883719592,-0.3506080845337188,4.464547206165704,-0.029260713823313626,1.5109110704367583,-11.769358407079647,1.3775193129342713,0.0,1.912661060103387,0.0,0.46159784991660413,0.7381809795816998,-0.014814599007989978,44.892405063291136,0.21768492804847261,-17.578073394495416,0.6074784196841306,0.02810486600879486,-0.21141619480929688,0.04105040748566254,-17.660550458715598,1.4742857142857142,-3.7685597980949277,0.10301628216093811,-0.07170337569368163,Software—Application,Technology,PAR
2014Q3,2014,Q3,2014-11-14,2014-09-30,-109000.0,56291000.0,-175000.0,-0.006997496308660204,13252000.0,0.23541951644134942,137170000.0,72360000.0,76766000.0,53903000.0,64810000.0,25518000.0,33499000.0,76327300.0,82394300.0,4.645310393528921,1.424150789380925,0.11909309615805205,0.2257600884466556,-0.0009956501441461304,4.645310393528921,-0.0015063571033720287,1.3559414471229858,-175.0626146788991,1.0548272526257603,0.0,1.6866133709538365,0.0,0.4103739884814464,0.7787136151976699,-0.0007946343952759349,-19.333156028368794,0.23541951644134942,0.7667501230446598,0.869188192399545,0.052971545030618315,-0.22906802725495665,0.08082538129026996,0.789980732177264,0.8272458045409674,-1.0875036331243524,-0.09112666570039275,-0.024482221343282495,Software—Application,Technology,PAR
2014Q2,2014,Q2,2014-08-08,2014-06-30,-519000.0,57402000.0,-1013000.0,-0.03,12261000.0,0.2135988293090833,120748000.0,71961000.0,74910000.0,44249000.0,48787000.0,22425000.0,33608000.0,65570400.0,53619400.0,4.609338970023059,1.6929196140025764,0.00829827409149634,0.013924208946512695,-0.01140137007191264,4.609338970023059,-0.007212239963313462,1.1423016619629978,-31.584971098265893,0.9111935631800558,0.0,2.0129765886287627,0.0,0.47538675588829626,1.0066216185676513,-0.004298207837810979,23.843781818181817,0.2135988293090833,0.5,-3.025488635115845,-0.02096825967236468,-0.23605289103923308,0.020644302006159992,0.4752275025278059,0.09066427289048475,0.9720684723091675,-0.05400876461359624,-0.021147812866022873,Software—Application,Technology,PAR
2014Q1,2014,Q1,2014-05-07,2014-03-31,-989000.0,56541000.0,-1114000.0,-0.06,12013000.0,0.21246529067402417,120705000.0,72266000.0,75146000.0,43891000.0,48439000.0,22844000.0,34127000.0,75790110.0,66523110.0,4.662623395057746,1.7121049873550387,0.008524916117807878,0.014239061245952454,-0.012433140242324956,4.662623395057746,-0.013685550604710375,1.3404451636865284,-19.158268452982806,1.0487658096476904,0.0,1.9492208019611277,0.0,0.4684230147881198,1.0145132259460938,-0.008193529679797855,233.9200925925926,0.21246529067402417,-4.0,-4.738989298774141,-0.12684214619611778,-0.219805438566019,-0.1326980001443939,-5.036734693877551,-5.456,-3.357200304842408,-0.025133382997487106,-0.2079654030704585,Software—Application,Technology,PAR
2013Q4,2013,Q4,2014-03-14,2013-12-31,245000.0,59666000.0,250000.0,0.02,13851000.0,0.23214225857272147,117508000.0,72720000.0,72333000.0,40156000.0,44788000.0,24465000.0,35116000.0,84235200.0,75304200.0,4.704968944099379,1.8012999302719395,0.009224903836334548,0.014906490649064906,0.0022737008722844587,4.704968944099379,0.003369086908690869,1.4117789025575704,85.95428571428572,1.1583498349834984,0.0,1.8726752503576538,0.0,0.5077611737073221,1.013621874688714,0.0020849644279538415,-7019.6,0.23214225857272147,-0.3333333333333333,-0.8428643661901926,-0.145425158283171,-0.21055664435407773,0.12108458114123836,-0.4431818181818182,26.77777777777778,-0.7950025745359556,-0.10588532652274,-0.19066659918003737,Software—Application,Technology,PAR
2013Q3,2013,Q3,2013-11-08,2013-09-30,440000.0,55538000.0,9000.0,0.03,12355000.0,0.22246029745399545,112977000.0,72604000.0,79977000.0,35821000.0,40373000.0,25299000.0,34871000.0,76100700.0,67122700.0,4.713015254787407,2.2326847380028476,0.009948927657841862,0.015481240702991571,0.00037462957974137933,4.713015254787407,0.006060272161313426,1.3702455976088443,43.239034090909094,1.0481612583328743,0.0,1.7069054112810782,0.0,0.49158678315055276,1.0214120208816058,0.0038945980155252837,186.52132352941177,0.22246029745399545,7.073684210526315,-0.501887052795143,-0.1019202539366893,-0.20685344351576077,-0.08202689650048295,6.719298245614035,-0.9652509652509652,-0.21008121488098902,-0.12308661916031502,-0.17905696586300834,Software—Application,Technology,PAR
2013Q2,2013,Q2,2013-08-08,2013-06-30,57000.0,59516000.0,259000.0,0.0037157757496740548,13459000.0,0.22614086968210229,117582000.0,71819000.0,84272000.0,40910000.0,45763000.0,28236000.0,34431000.0,60987419.99999999,52565419.99999999,4.7339661195702325,2.0599364458567586,0.009907979112449184,0.016221334187332043,0.0017566533052496343,4.7339661195702325,0.0007936618443587351,1.0247230996706767,267.4886842105263,0.8491822498224704,0.0,1.6311446380507153,0.0,0.5061659097480907,0.9705206550965534,0.0004847680767464408,-13.807430382612631,0.22614086968210229,1.1238591916558018,-0.9197616020100822,-0.013386790248710874,-0.20126703092105439,0.021943811693242218,1.1484375,1.2204255319148936,-0.9345040158215192,0.032848808412315654,-0.17388635102417827,Software—Application,Technology,PAR
2013Q1,2013,Q1,2013-05-09,2013-03-31,-384000.0,66674000.0,-1175000.0,-0.03,13170000.0,0.1975282718900921,117951000.0,71773000.0,84864000.0,41602000.0,46178000.0,25835000.0,34374000.0,73496900.0,60579900.0,4.736241256433945,2.039901927791933,0.010207628591533773,0.016775110417566495,-0.00486191118171057,4.736241256433945,-0.005350201329190642,1.1023322434532201,-47.84954427083333,1.0240187814359158,0.0,2.070988968453648,0.0,0.5652686284982747,1.0356713619537523,-0.0032555891853396747,-14.708204922953772,0.1975282718900921,0.875,0.5102666388518735,0.21412063849014504,-0.19178746275039224,0.333265843288115,0.893717132576806,0.7980405637676178,-1.6401140728384462,0.11298039156885138,-0.17074885135057924,Software—Application,Technology,PAR
2012Q4,2012,Q4,2013-03-14,2012-12-31,-3613000.0,66429000.0,-5818000.0,-0.24,9878000.0,0.14870011591323068,123765000.0,72822000.0,90638000.0,46688000.0,50943000.0,26172000.0,34758000.0,74210500.0,55978500.0,4.80831957741829,1.9413553803975325,0.010043227083585828,0.01706901760457005,-0.05234897261549031,4.80831957741829,-0.04961412759880256,1.1171401044724443,-5.134964018820925,1.0190670401801654,0.0,2.1607443068928625,0.0,0.5367349412192461,1.0750728238519534,-0.029192421120672243,71.77030947775629,0.14870011591323068,-3.6666666666666665,-8.10199295013626,0.04767804696792733,-0.18647761182654296,-0.2950328290037111,-3.6683899556868536,-6.0372294372294375,0.2831968807286091,0.10787213515126058,-0.15069484679277106,Software—Application,Technology,PAR
2012Q3,2012,Q3,2012-11-13,2012-09-30,1354000.0,61052000.0,1155000.0,0.09,14012000.0,0.22950927078555985,121976000.0,76190000.0,84452000.0,41384000.0,45786000.0,25469000.0,38371000.0,81253470.0,64318470.0,5.035357874562157,2.0406920549004446,0.010420082639207713,0.01668197926237039,0.014233961177421869,5.035357874562157,0.017771361071006693,1.3308895695472711,15.002487075332349,1.0664584591153694,0.0,1.8469511955710864,0.0,0.5005246933823048,1.0999903344287647,0.011100544369384142,58.879326086956524,0.22950927078555985,4.0,2.4897930080391495,0.12268611409020523,-0.14353619217235947,0.16893301076165845,3.598848368522073,3.1270718232044197,2.672843456775693,0.17569252092251786,-0.16433606134885195,Software—Application,Technology,PAR
2012Q2,2012,Q2,2012-08-14,2012-06-30,-521000.0,62085000.0,-543000.0,-0.03,11987000.0,0.1930740114359346,123003000.0,74707000.0,86142000.0,43921000.0,48296000.0,23469000.0,37017000.0,74433140.0,59310140.0,4.948138826334614,1.9612941417545138,0.014406152695462712,0.02371933018324923,-0.003901176329660809,4.948138826334614,-0.006973911413923729,1.1988908754127405,-35.71647792706334,0.9963342123228076,0.0,2.134645702842047,0.0,0.5047437867369089,1.1299378429452882,-0.004235669048722389,47.109582278481014,0.1930740114359346,-1.1875,0.5150645557090995,0.18304658840394816,-0.16142948064385806,-0.20447305548181577,-1.2113590263691683,-1.4439901880621422,-3.1025159434551406,0.09495319355254114,-0.17990055066487334,Software—Application,Technology,PAR
2012Q1,2012,Q1,2012-05-15,2012-03-31,2465000.0,55593000.0,1223000.0,0.16,15068000.0,0.27104131815156585,119382000.0,75169000.0,82273000.0,39520000.0,44213000.0,25925000.0,37538000.0,74057530.0,61605530.0,4.9836902472982825,2.0818066801619435,0.01889732120420164,0.03001237212148625,0.009210585437065402,4.9836902472982825,0.03279277361678352,1.3321376792042163,7.510905679513185,0.9852137184211578,0.0,1.5631629701060752,0.0,0.46567321706789966,1.1216093117408907,0.020648003886683086,18.362888668485,0.27104131815156585,2.1999999999999997,2.7892229763909833,0.1033683966862026,-0.16034538100698392,0.1538402634198637,2.471830985915493,-0.709432169161321,8.57614693970019,-0.11780348579100648,-0.16608147444738314,Software—Application,Technology,PAR
2011Q4,2011,Q4,2012-04-04,2011-12-31,710000.0,55527000.0,4209000.0,0.05,13059000.0,0.23518288400237722,115943000.0,72367000.0,77010000.0,38565000.0,43576000.0,25260000.0,35073000.0,59286684.7,54287684.7,4.8093972220376155,1.9968883702839362,0.023658176862768773,0.0379040170243343,0.03612997134404216,4.8093972220376155,0.009811101745270634,1.067709127091325,20.87559320422535,0.8192502756781406,0.0,1.6812351543942994,0.0,0.47891636407545085,0.9962919745883573,0.00612369871402327,8.988278456640389,0.23518288400237722,-0.375,-0.17698398044227956,-0.024888869144452014,-0.199951579062316,-0.1437282801127795,-0.40931780366056575,1.0785185185185184,-0.5322496360718151,-0.18308931285712687,-0.1930346986963329,Software—Application,Technology,PAR
2011Q3,2011,Q3,2011-11-10,2011-09-30,1202000.0,59764000.0,2025000.0,0.08,15251000.0,0.2551870691386119,119080000.0,71576000.0,82958000.0,43566000.0,47504000.0,29769000.0,34363000.0,50353850.0,51731850.0,4.761892089681325,1.9041913418721022,0.03971279811891166,0.06606963227897619,0.015949479064281503,4.761892089681325,0.01679333854923438,0.8425448430493273,10.472930532445924,0.7035018721359115,0.0,1.4952803251704794,0.0,0.5018810883439705,0.922026350824037,0.010094054417198522,29.48117681498829,0.2551870691386119,1.0672268907563025,1.0618675343683661,0.1617496585270319,-0.19704647177442486,1.1073649302197044,1.067346481398476,1.0731363767697197,0.3946121654538753,-0.009537241070669625,-0.19862803129190224,Software—Application,Technology,PAR
2011Q2,2011,Q2,2011-08-22,2011-06-30,-17848000.0,58285000.0,-27688000.0,-1.19,7237000.0,0.12416573732521231,125860000.0,70615000.0,90377000.0,50603000.0,55245000.0,35245000.0,33161000.0,57434680.0,60383680.0,4.708922379301147,1.7860008299903167,0.05273319561417448,0.09398852934928839,-0.2291819737415594,4.708922379301147,-0.252750831976209,0.9854109976837951,-0.8044974226804124,0.8133495716207604,0.0,1.4483756561214356,0.0,0.46309391387255683,0.8145959725707962,-0.14180835849356427,36.35106329113924,0.12416573732521231,-40.666666666666664,-8.214918104194766,0.032679889236733546,-0.20001490084823484,-0.5147837747234328,-45.17821782178218,-42.82477341389728,-26.417669439842708,-0.02251800116610755,-0.20549250708981592,Software—Application,Technology,PAR
2011Q1,2011,Q1,2011-05-16,2011-03-31,404000.0,55847000.0,662000.0,0.03,14915000.0,0.2670689562554837,143512000.0,87856000.0,95425000.0,50587000.0,55656000.0,39044000.0,51009000.0,68053440.0,72600440.0,5.886893594210667,1.8863542016723664,0.061987847706115165,0.10125660171189219,0.004305706029662761,5.886893594210667,0.004598433800764888,1.218569305423747,42.11227722772277,0.7746020761245674,0.0,1.0483557012601168,0.0,0.38914515859300963,0.9094629054895527,0.0028150956017615253,-9.4940625,0.2670689562554837,-0.6120277296360486,-0.8096051138891657,0.006794339986973165,0.031531238025175545,-0.14163213627992632,-0.6499133448873483,-0.4450963956412406,1.523180890706461,0.03263590623991611,0.004564791084523302,Software—Application,Technology,PAR
2010Q4,2010,Q4,2011-03-16,2010-12-31,1154000.0,64435000.0,1193000.0,0.07732511391047976,17376000.0,0.2696671063862808,144285000.0,86759000.0,97943000.0,52057000.0,57526000.0,38707000.0,50605000.0,85216040.0,82890040.0,5.813387831680514,1.881456864590737,0.03087639047718058,0.05134913957053447,0.011940916936746053,5.813387831680514,0.013301213706935303,1.3225116784356328,18.461013864818025,0.9822155626505608,0.0,1.2157749244322733,0.0,0.44658141871989465,0.969129992124018,0.007998059396333645,22.91369723043829,0.2696671063862808,0.933127847761994,-0.6614394532960398,0.14275768949159112,0.04807179338163075,0.0810676289429478,1.1449814126394051,0.1719056974459725,1.3019830495213012,0.03127858425278499,-0.01642952884871668,Software—Application,Technology,PAR
2010Q3,2010,Q3,2010-11-10,2010-09-30,538000.0,61171000.0,1018000.0,0.04,16073000.0,0.2627552271501202,143335000.0,85420000.0,98250000.0,52136000.0,57915000.0,41052000.0,49451000.0,91505850.0,92780850.0,5.740977216210767,1.8844943992634648,0.037415844001813935,0.06278389136033716,0.00629738164997691,5.740977216210767,0.006298290798407867,1.4959024701247323,42.52130576208178,1.0712461952704286,0.0,1.098557926532203,0.0,0.4267694561691143,0.9262697560227099,0.003753444727386891,91.50585,0.2627552271501202,-0.3333333333333333,-0.8012428583363129,0.10099884764631678,0.08852273366613592,0.06521306912320234,-0.3663133097762073,0.3537234042553192,1.6019818960340404,0.1439259795384835,-0.02351742820759357,Software—Application,Technology,PAR
2010Q2,2010,Q2,2010-08-09,2010-06-30,849000.0,56214000.0,752000.0,0.06,15089000.0,0.26842067812288756,135003000.0,84810000.0,90792000.0,44240000.0,50193000.0,34532000.0,48913000.0,137788000.0,139741000.0,5.730405405405405,2.0522603978300182,0.04367310356066161,0.0695201037613489,0.007339574921114124,5.730405405405405,0.010010611956137248,2.451133169673035,40.573616018845705,1.6246669024879143,0.0,1.1909243600139001,0.0,0.4163907468722917,1.0386754068716093,0.006288749138908025,-61.76064545047064,0.26842067812288756,0.4999999999999999,-0.6663516962304712,0.014001915425773271,0.10760567550376014,0.0708253495138741,0.4587628865979381,-0.13761467889908258,1.806142097043174,0.09274129880602444,-0.028857272282381233,Software—Application,Technology,PAR
2010Q1,2010,Q1,2010-05-10,2010-03-31,582000.0,58119000.0,872000.0,0.04,14091000.0,0.24245083363443967,136461000.0,83970000.0,91510000.0,46059000.0,52491000.0,33104000.0,48064000.0,147020000.0,147025000.0,5.711467827506461,1.986799539720793,0.04050241460930229,0.06582112659283078,0.006019772644409174,5.711467827506461,0.0069310468024294395,2.5296374679536813,63.15292096219932,1.7508634035965227,0.0,1.3299903334944418,0.0,0.4259019060390881,1.048720119846284,0.004264954822256909,37.01409869083585,0.24245083363443967,1.120188023707337,-0.5928900298591538,0.08896291029101262,0.17864182274044757,0.7567634958234634,1.1189454322501533,1.1538733015704958,1.4333929478483236,0.18339539656698314,-0.037729051239572625,Software—Application,Technology,PAR
2009Q4,2009,Q4,2010-03-16,2009-12-31,-4893000.0,58207000.0,-5667000.0,-0.33281186233165555,8021000.0,0.1378012953768447,136103000.0,83235000.0,92916000.0,46201000.0,52868000.0,32867000.0,47482000.0,174218700.0,178170700.0,5.661474629302136,2.011125300318175,0.05774303285012086,0.09441941490959332,-0.052051265380115605,5.661474629302136,-0.05878536673274464,2.993088460150841,-8.901425505824648,2.0930942512164354,0.0,1.5269419174247725,0.0,0.42766875087250095,1.0825306811540876,-0.035950713797638555,560.1887459807074,0.1378012953768447,-5.656237246633111,-3.412302278994315,0.03400919660547929,0.1960749008424353,-0.296711968434897,-5.289203084832905,-3.306231003039514,-6.804952336893188,0.046161232973712746,-0.0582075823146663,Software—Application,Technology,PAR
2009Q3,2009,Q3,2009-11-09,2009-09-30,-778000.0,49914000.0,-1316000.0,-0.05,11405000.0,0.2284930079737148,134517000.0,87636000.0,91877000.0,39926000.0,46881000.0,40125000.0,52375000.0,160420320.0,164826320.0,6.025577557755776,2.301182187046035,0.06887605284090487,0.10572139303482588,-0.007493558718004286,6.025577557755776,-0.008877630197635674,3.2139343671114315,-51.548946015424164,1.8305299192112827,0.0,0.9597258566978193,0.0,0.371060906799884,1.0520963782998547,-0.005783655597433782,-198.78602230483273,0.2284930079737148,-3.5000000000000004,-1.4011500955458867,0.04672477465290789,0.31952842324481706,-0.07741465782235885,-4.26890756302521,-5.40133779264214,-2.379240174017402,0.0027652606093839433,0.016037043359508413,Software—Application,Technology,PAR
2009Q2,2009,Q2,2009-08-10,2009-06-30,238000.0,54459000.0,299000.0,0.02,12362000.0,0.22699645604950514,139378000.0,87493000.0,96460000.0,46418000.0,51885000.0,41875000.0,53153000.0,179812400.0,183639400.0,6.033583890766154,2.078073161273644,0.0855945701617185,0.13635376544409267,0.0019189004739653427,6.033583890766154,0.0027202176174093927,3.3017940101727907,188.8785714285714,2.0551632702044733,0.0,1.0053014925373134,0.0,0.3907288094247299,0.9998922831660132,0.0017075865631591787,34.74635748792271,0.22699645604950514,0.0,-0.8379499899922797,0.1333532614002038,0.3577764874050582,-0.09680718930371886,-0.03643724696356275,-0.284688995215311,-0.9005061389530434,-0.0021711412024004568,0.025027982689194102,Software—Application,Technology,PAR
2009Q1,2009,Q1,2009-05-11,2009-03-31,247000.0,60468000.0,418000.0,0.02,13687000.0,0.22635112786928624,144362000.0,86494000.0,101215000.0,50593000.0,57868000.0,43702000.0,52915000.0,95087610.0,104729610.0,5.97623160367581,2.00057320182634,0.09949986838641747,0.16606932272758804,0.002652012571514643,5.97623160367581,0.002855689411982334,1.5725277832903355,96.24252024291498,1.099354984160751,0.0,1.0704544414443276,0.0,0.41886368989069145,0.9655881248394047,0.001710976572782311,399.5277731092437,0.22635112786928624,-0.8017397260273972,-0.7019201233781645,0.4171728768829196,0.37301766241761014,-0.17038428900472785,-0.8308219178082191,-0.8354330708661417,-0.8799678609061446,0.12406959172908998,0.047185495407525986,Software—Application,Technology,PAR
2008Q4,2008,Q4,2009-03-16,2008-12-31,1460000.0,65379000.0,2540000.0,0.10087749602708491,16498000.0,0.25234402483978036,153988000.0,86257000.0,110038000.0,59969000.0,67731000.0,41132000.0,52668000.0,110428990.0,119932990.0,5.959856284115249,1.834914705931398,0.10215731095929553,0.18237360446108722,0.01601107024497421,5.959856284115249,0.01692616251434666,1.689059025069212,18.909073630136987,1.2802322130377826,0.0,1.1883934649421375,0.0,0.42457204457490194,1.0008004135469992,0.009481258279865963,26.590173368649168,0.25234402483978036,0.6812916004514153,0.20183522838570578,0.40908969714102056,0.38695400952771625,0.13302657784492825,0.7632850241545893,0.7024128686327078,-0.55831762181953,0.19563128765961282,0.0744779885404231,Software—Application,Technology,PAR
2008Q3,2008,Q3,2008-11-10,2008-09-30,828000.0,57967000.0,1492000.0,0.06,14561000.0,0.2511946452291821,147869000.0,85805000.0,102650000.0,53718000.0,62064000.0,42638000.0,51208000.0,92127200.0,104065200.0,5.9421745152354575,1.9109050969879742,0.10029147421028071,0.17283375094691453,0.008566509850169497,5.9421745152354575,0.00964978730843191,1.589304259319958,27.816183574879226,1.0736810209195267,0.0,1.0180121018809514,0.0,0.39201590597082553,0.9460888342827357,0.005599550953884857,145.54060031595577,0.2511946452291821,0.1999999999999999,-0.10645807566108903,0.41247604277403455,0.41698179742354324,0.03769954389965793,0.228486646884273,0.47576656775469833,-0.6848064264185102,0.0750499897389588,0.12667091396585706,Software—Application,Technology,PAR
2008Q2,2008,Q2,2008-08-11,2008-06-30,674000.0,57234000.0,1011000.0,0.05,14032000.0,0.24516895551595205,145461000.0,85311000.0,99578000.0,51401000.0,60150000.0,40808000.0,50380000.0,112848960.0,124700960.0,5.926844518549395,1.9372774848738352,0.10455723527268478,0.1782771272168888,0.006057989073440096,5.926844518549395,0.00790050521034802,1.971711919488416,41.857922848664685,1.3227949502408833,0.0,1.0586649676534012,0.0,0.39346628993338423,0.978132721153285,0.004633544386467851,-33.239752577319585,0.24516895551595205,2.0,0.9205878531639266,0.5692056225618256,0.4318409470441849,0.1353669390727405,1.9059139784946237,1.8334707337180545,-0.7276537845681836,0.06152102944103842,0.1455745557515645,Software—Application,Technology,PAR
2008Q1,2008,Q1,2008-05-12,2008-03-31,-744000.0,52107000.0,-1213000.0,-0.05,12359000.0,0.23718502312549178,141572000.0,84263000.0,94947000.0,48068000.0,57309000.0,41720000.0,49707000.0,98927520.0,107568520.0,5.860143264482926,1.9752642090371972,0.08570903851043991,0.14400151905343983,-0.007507645620046323,5.860143264482926,-0.008829498118984608,1.8985456848408084,-33.24177419354839,1.1740327308545864,0.0,0.952732502396932,0.0,0.3680600683751024,0.916992593825414,-0.005255276467098014,-21.838304635761588,0.23718502312549178,-2.4885093167701866,-3.8377956572403167,0.4901921236527038,0.42633804248509344,-0.23059204382742948,-2.540372670807453,-6.075313807531381,-1.532119805906329,-0.0017512857644377197,0.20932309300703994,Software—Application,Technology,PAR
2007Q4,2007,Q4,2007-12-31,2007-12-31,483000.0,60199000.0,239000.0,0.03359065303567703,16063000.0,0.2668316749447665,146518000.0,84987000.0,97879000.0,52284000.0,61531000.0,40319000.0,50451000.0,188364900.0,194137900.0,5.910494471103693,1.8720641113916303,0.06964332027464203,0.12006542177038841,0.0030700966438030187,5.910494471103693,0.005683222139856684,3.1290370271931427,97.49736024844721,2.2163966253662326,0.0,1.0946700066965946,0.0,0.41086419416044445,0.9287736209930381,0.003296523294066258,55.093565369991225,0.2668316749447665,1.5598442172612839,2.5980371469757033,0.6545988439472121,0.4499170926564872,0.2951943234962103,1.560324825986079,1.2100175746924429,-0.7565266805600765,0.09341794430519432,0.24868423005306722,Software—Application,Technology,PAR
2007Q3,2007,Q3,2007-11-09,2007-09-30,-862000.0,51577000.0,-1138000.0,-0.06,12402000.0,0.24045601721697657,140523000.0,84373000.0,92852000.0,45191000.0,56150000.0,38282000.0,49968000.0,115669060.0,124460060.0,5.87924186467842,2.0546569007103184,0.09462507916853469,0.15759780972586016,-0.009147154193622144,5.87924186467842,-0.010216538466096974,2.242648079570351,-33.546711136890956,1.3709250589643607,0.0,1.0233268899221566,0.0,0.36703600122399893,0.9932729968356531,-0.006134227137194623,75.01236057068742,0.24045601721697657,0.14285714285714296,-11.95178893992914,0.27836618864640117,0.41979450157381,-0.018440838939453898,0.15572967678746327,0.14564564564564564,-1.4504392951891516,0.09614474925700713,0.2874826808242815,Software—Application,Technology,PAR
2007Q2,2007,Q2,2007-08-09,2007-06-30,-1021000.0,49872000.0,-1332000.0,-0.07,12635000.0,0.25334857234520375,137919000.0,84663000.0,90425000.0,42806000.0,53256000.0,38012000.0,50830000.0,122388439.99999999,133010439.99999999,5.900683022023975,2.112437508760454,0.10108831995591615,0.16467642299469662,-0.009747081325121486,5.900683022023975,-0.012059577383272504,2.454051170997754,-29.96778648383937,1.4455953604289948,0.0,0.9796117015679259,0.0,0.36160354990972965,1.010232210437789,-0.007402895902667508,49.54997570850202,0.25334857234520375,0.22222222222222213,-2.4855067092661183,0.15597523162921892,0.42569627039104246,0.16904145077720206,0.21941896024464833,0.3672209026128266,-1.7025939920240434,0.04896018902141117,0.32786894356366103,Software—Application,Technology,PAR
2007Q1,2007,Q1,2007-05-10,2007-03-31,-1308000.0,47836000.0,-2105000.0,-0.09,10808000.0,0.22593862363073836,141213000.0,84995000.0,94206000.0,45599000.0,56218000.0,38841000.0,51851000.0,142054400.0,155362400.0,5.935405027932961,2.0659663589113797,0.11183106371226445,0.1857991646567445,-0.013089795955566159,5.935405027932961,-0.015389140537678687,2.969612843883268,-27.151070336391438,1.6713265486205071,0.0,0.9533225200175073,0.0,0.33875068159447075,1.0135309984868088,-0.009262603301395764,-73.11085949562532,0.22593862363073836,-2.5697929354445797,-3.894866101517217,0.15744632660032018,0.4618703364316414,-0.2311850903400199,-2.5931790499390988,-2.6031987814166033,-2.5953610790624237,0.1330984064547266,0.3636379038492702,Software—Application,Technology,PAR
