Quarters,Year,Quarter,FillingDate,Date,NetIncome,Revenue,OperatingIncome,EPSDiluted,GrossProfit,GrossProfitRatio,TotalAssets,CommonStockEquity,CurrentAssets,CurrentLiability,TotalLiability,Inventory,RetainedEarnings,MarketCap,EnterpriseValue,bookValuePerShare,currentRatio,debtToAssets,debtToEquity,roic,shareholdersEquityPerShare,roe,priceToSalesRatio,peRatio,pbRatio,payoutRatio,inventoryTurnover,dividendYield,assetTurnover,quickRatio,returnOnAssets,priceToFreeCashFlowsRatio,grossProfitMargin,epsdilutedGrowth,fiveYNetIncomeGrowthPerShare,fiveYRevenueGrowthPerShare,fiveYShareholdersEquityGrowthPerShare,grossProfitGrowth,netIncomeGrowth,operatingIncomeGrowth,threeYNetIncomeGrowthPerShare,threeYRevenueGrowthPerShare,threeYShareholdersEquityGrowthPerShare,Industry,Sector,Symbol
2023Q4,2023,Q4,2023-06-22,2023-04-30,12836000.0,144777000.0,17827000.0,0.28,41962000.0,0.2898388556,541294000.0,384623000.0,291920000.0,87213000.0,156671000.0,177118000.0,523184000.0,554822320.0,563017320.0,8.37429510766618,3.3472074117390758,0.11908315998329928,0.167590081716382,0.028186347311990288,8.37429510766618,0.033372939215803525,3.8322545708227134,10.805981614210035,1.4425094703124879,0.3575101277656591,0.5804887137388633,0.00827111641795521,0.26746463105077833,1.259961244309908,0.02371354568866457,42.94955256231615,0.2898388556193318,0.16666666666666682,0.9755049672520318,-0.007313946772175022,0.0746682754927363,0.002891900289190029,0.15858832024550953,1.1344588122605364,1.2331294913546962,-0.2555611212834835,0.1936114599571625,Aerospace & Defense,Industrials,SWBI
2023Q3,2023,Q3,2023-03-09,2023-01-31,11079000.0,129036000.0,8352000.0,0.24,41841000.0,0.3242583465,529193000.0,374368000.0,309888000.0,85348000.0,154825000.0,193426000.0,514936000.0,508538760.0,528237760.0,8.156698694903806,3.630875943197263,0.12149631608883715,0.17174277716044106,0.013454546057313414,8.156698694903806,0.02959387554491837,3.9410610992281225,11.47528567560249,1.3583927045046587,0.4143875801065078,0.4507925511565146,0.009027827102107222,0.24383542488279322,1.2947930824389557,0.020935651076261403,-27.872773910660456,0.32425834650795127,0.14285714285714285,0.1419076537852853,0.17461417964237333,0.12554069077753371,0.06568692374305944,0.14832089552238806,-0.33328011495170434,1.307446634992412,0.2454480065809954,0.00855514312553939,Aerospace & Defense,Industrials,SWBI
2023Q2,2023,Q2,2022-12-06,2022-10-31,9648000.0,121035000.0,12527000.0,0.21,39262000.0,0.3243855083,505995000.0,366640000.0,302883000.0,93562000.0,139355000.0,196474000.0,508447000.0,517251349.99999994,514122349.99999994,8.002619229509985,3.237243752805626,0.07874781371357424,0.10867881300458215,0.020996052375470656,8.002619229509985,0.026314641064804713,4.273568389308877,13.403071880182422,1.4107881027711107,0.47439883913764513,0.4162026527683052,0.008848696093301642,0.23920196839889724,1.0511425578760607,0.01906738208875582,-8.164591258503938,0.3243855083240385,1.9999999999999996,2.519144287838259,-0.03808242584200869,0.08822299629278448,0.24756124686219058,1.9130434782608696,2.198110799080929,7.943311152767371,-0.06036971878680745,-0.01592245631877218,Aerospace & Defense,Industrials,SWBI
2023Q1,2023,Q1,2022-09-08,2022-07-31,3312000.0,84394000.0,3917000.0,0.07,31471000.0,0.3729056568,521256000.0,359446000.0,326375000.0,115052000.0,161810000.0,182501000.0,503376000.0,660013770.0,589683770.0,7.8586326767091546,2.836760769043563,0.07697177586445048,0.11162177350700801,0.007097694242810529,7.8586326767091546,0.00921417959860452,7.820624333483423,49.81987998188405,1.836197286936007,1.3816425120772946,0.28998745212355,0.006933188681805836,0.16190509078072962,1.173217327816987,0.006353883696302776,-147.09466681524404,0.37290565680024645,-0.9113924050632911,2.8101709837022364,-0.3654581938651667,0.03493439325897123,-0.5642765170919463,-0.9083437110834371,-0.9160378976249679,2.891475902813476,-0.390505081243034,-0.03944792394586253,Aerospace & Defense,Industrials,SWBI
2022Q4,2022,Q4,2022-06-23,2022-04-30,36135000.0,181299000.0,46652000.0,0.79,72227000.0,0.3983860915,497476000.0,360514000.0,327597000.0,88949000.0,136962000.0,136660000.0,504640000.0,625360310.0,544913310.0,7.9152084659801965,3.6829756377249883,0.08097074029701935,0.11173213800296243,0.08225642537386926,7.9152084659801965,0.10023189113321536,3.4493312704427495,4.326555348000554,1.7346352984904887,0.10078870900788708,0.7981267378896532,0.005823842578049125,0.3644376814157869,2.083980708046184,0.07263666990970419,37.690471914175504,0.3983860914842332,-0.4968152866242038,0.577659775797633,-0.04354922538369836,0.10867919641656473,-0.44415970202090166,-0.5299940168049738,-0.5329475602186493,3.4096527004463795,0.23682076080706732,-0.02754443062256968,Aerospace & Defense,Industrials,SWBI
2022Q3,2022,Q3,2022-03-03,2022-01-31,76882000.0,274609000.0,99886000.0,1.57,129942000.0,0.4731891526,492670000.0,300059000.0,318255000.0,138821000.0,192611000.0,97140000.0,398219000.0,826569519.9999999,696115519.9999999,6.200334752242013,2.292556601666895,0.08313678527208883,0.13650315437963867,0.20104042563721566,6.200334752242013,0.25622294282124514,3.0099869996977517,2.6877862178403262,2.754689977637731,0.0499986993054291,1.4892629194976323,0.004650546514224236,0.5573893275417622,1.5315478205746968,0.15605171818864555,8.005593468217608,0.47318915257693667,0.49523809523809526,1.7437603200878211,0.5368220594650455,0.0210410785266603,0.2740036276288053,0.5094139589673112,0.5274957181306582,16.080552553250584,1.2212126148982527,-0.21028125970143377,Aerospace & Defense,Industrials,SWBI
2022Q2,2022,Q2,2021-12-02,2021-10-31,50935000.0,230479000.0,65392000.0,1.05,101995000.0,0.4425348947,505176000.0,348308000.0,333932000.0,103737000.0,156868000.0,120277000.0,445306000.0,1051530480.0,932843480.0,7.234261740087648,3.2190250344621494,0.08057389899757708,0.11686208757766114,0.1178702504056279,7.234261740087648,0.14623551569300733,4.5623700206960285,5.161139098851478,3.018967350735556,0.07554726612349072,1.0682341594818627,0.003659427922621891,0.45623505471360476,1.9793709091259628,0.10082624669422142,-128.95885209713023,0.4425348947192586,0.6153846153846154,0.8313306059613258,0.15265403855298448,0.08045953063867313,0.448813193369224,-0.3374912203116464,0.6462413775741402,7.641655522610168,0.6117366337531227,-0.09714757823104633,Aerospace & Defense,Industrials,SWBI
2022Q1,2022,Q1,2021-09-01,2021-07-31,76882000.0,177738000.0,39722000.0,0.65,70399000.0,0.3960829986,469305000.0,326309000.0,300676000.0,93044000.0,142996000.0,134268000.0,472147000.0,1096592350.0,1029861350.0,6.977931270448859,3.231546365160569,0.08637666336391046,0.12422887508465902,0.0746760638532664,6.977931270448859,0.23561103126177949,6.169712441908877,3.565829290341042,3.360594865602849,0.04813870606904087,0.7994384365597164,0.0033750007466311436,0.37872598842969923,1.7076544430591978,0.1638209693056754,10.620852017937219,0.39608299857093027,-0.6176470588235293,1.840036152953282,-0.08297637971689961,-0.04643373400203829,-0.5171834386080421,-0.1365065816074397,-0.6579581855130369,10.729832265666706,0.2796418864512901,-0.1189450534035456,Aerospace & Defense,Industrials,SWBI
2021Q4,2021,Q4,2021-06-17,2021-04-30,89036000.0,322948000.0,116132000.0,1.7,145809000.0,0.4514937389,446388000.0,266384000.0,268253000.0,125655000.0,180004000.0,78477000.0,325181000.0,901598399.9999999,829763399.9999999,5.140960321136329,2.1348374517528153,0.09225606423111732,0.15459637215448374,0.25493721212999787,5.140960321136329,0.33423929365127036,2.7917757657579543,2.5315557751920568,3.384581656555949,0.02952738218248798,2.257209118595257,0.0029159324151418193,0.7234692688871565,1.4433806852095021,0.19945876681272795,7.824880665150752,0.4514937389301064,0.9767441860465116,1.677898457590813,0.5658924000806106,-0.07217003118613846,0.24872822568213349,0.4270876743067799,0.7743078897512681,11.146108717598128,0.9627638571388857,-0.34026364109923657,Aerospace & Defense,Industrials,SWBI
2021Q3,2021,Q3,2021-03-04,2021-01-31,62390000.0,277965000.0,65452000.0,0.86,116766000.0,0.4200744698,658169000.0,437065000.0,327867000.0,145301000.0,221104000.0,149567000.0,390101000.0,933964019.9999999,936201019.9999999,7.875896493314593,2.256467608619349,0.10256940086816609,0.15445757496024617,0.08993158841429524,7.875896493314593,0.14274764623110978,3.360005828071879,3.7424427792915527,2.1368995915939273,0.0448629588075012,1.0777711660994738,0.0029969034567305926,0.4223307387616251,1.1512997157624518,0.09479328257635956,16.420190580003162,0.42007446980734986,-0.06521739130434788,0.9391562316020383,0.837900003580042,1.033425823457988,0.15526401709655396,0.19427269768955419,0.005824228174511702,4.318432805997487,1.0927277443636814,0.08679286941372119,Aerospace & Defense,Industrials,SWBI
2021Q2,2021,Q2,2020-12-03,2020-10-31,52241000.0,248729000.0,65073000.0,0.92,101073000.0,0.4063579237,401085000.0,226878000.0,215387000.0,125143000.0,174207000.0,78889000.0,179195000.0,927613260.0,913738260.0,4.057624208606073,1.7211270306769055,0.10390316267125423,0.18368462345401493,0.16204002277370888,4.057624208606073,0.23026031611703207,3.7294133776117784,4.439105587565322,4.088599423478698,0.0,1.8716931384603683,0.0,0.6201403692484136,1.0300136643679632,0.13024919904758342,20.747797087834662,0.4063579236840095,-0.1785714285714286,3.080728980831941,0.6908669712963788,-0.019551392014525895,-0.07846533976422104,0.07969412007853674,-0.19044301514039388,14.613432471357143,0.6197218371619793,-0.4482306545541072,Aerospace & Defense,Industrials,SWBI
2021Q1,2021,Q1,2020-09-03,2020-07-31,48385000.0,257634000.0,80381000.0,1.12,109679000.0,0.4257163263,405851000.0,237709000.0,223537000.0,116374000.0,168142000.0,84446000.0,238715000.0,1317222930.0,1298998930.0,4.31124290403903,1.920850018045268,0.10213600557840193,0.17438128131454847,0.19323346518844353,4.31124290403903,0.2035471942585262,5.112768229348611,6.805946729358272,5.5413254441354765,0.05784850676862664,1.7520664093029865,0.002124925049702862,0.6347994707417254,1.1215305824325021,0.11921862949703216,17.368445806962026,0.4257163262612854,1.9333333333333336,2.3402226206544863,0.21604692751976873,-0.10589029572732674,0.34836861645890194,1.7314879206603573,1.4363046706877216,22.937318929405365,0.6069241516029101,-0.432235384622646,Aerospace & Defense,Industrials,SWBI
2020Q4,2020,Q4,2020-06-19,2020-04-30,-66146000.0,233637000.0,32993000.0,-1.2,81342000.0,0.348155472,728961000.0,387118000.0,395851000.0,129971000.0,341843000.0,164191000.0,341716000.0,401634265.832,486427265.832,7.015930550772967,3.045687114817921,0.2883432721366438,0.5429636441601785,0.04920944274666496,7.015930550772967,-0.17086779741577504,1.7190524866866121,-1.5179839515314608,1.0374982972427014,0.0,0.9275477949461298,0.0,0.3205068583916012,1.695962945580168,-0.09074010818137047,3.416419409935352,0.3481554719500764,-30.16883116883117,-3.9491228858441416,0.2596955854544201,0.9436116501359323,0.6997952104317299,-12.541790263479323,27.865266841644793,-3.3839139408441303,0.017444031942365257,-0.017282200642312107,Aerospace & Defense,Industrials,SWBI
2020Q3,2020,Q3,2020-03-05,2020-01-31,5731000.0,123665000.0,1143000.0,-0.0385,47854000.0,0.3869647839,772455000.0,443058000.0,307912000.0,164448000.0,329397000.0,195448000.0,400838000.0,396660913.272,585903913.2720001,8.087508898745961,1.8723973535707337,0.2847738703225431,0.49649255853635416,0.0023149190515770177,8.087508898745961,0.012935101047718358,3.20754387475842,17.303302794974698,0.8952798804490609,0.0,0.38788322213581106,0.0,0.16009346822792267,0.627031037166764,0.007419202413085552,59.81916954788117,0.3869647838919662,-2.925,-0.29370617088262996,-0.06142581956664892,1.899012319702288,-0.04874170079115811,3.4323279195668985,-0.765970515970516,-0.8193251861167142,-0.38863393340011404,0.3318117712247067,Aerospace & Defense,Industrials,SWBI
2020Q2,2020,Q2,2019-12-05,2019-10-31,1293000.0,154388000.0,4884000.0,0.02,50306000.0,0.3258413866,808796000.0,446550000.0,353060000.0,170225000.0,362246000.0,201213000.0,402131000.0,298829346.816,501951346.816,8.132102272727273,2.074078425613159,0.30535264763920694,0.5530578882543948,0.0044332310362711,8.132102272727273,0.0028955324151830704,1.9355736638598853,57.77829598143851,0.6691957156331877,0.0,0.5172727408268849,0.0,0.19088620616323523,0.8397297694228227,0.0015986725948199546,-27.12192292757306,0.32584138663626705,-0.7999999999999999,-0.7503343423284635,0.388198799472325,1.7263663105664062,-0.08870894697751934,1.6133776091081593,-0.5522141743834235,-0.9592384267461904,-0.3230086394480761,0.21455481158608777,Aerospace & Defense,Industrials,SWBI
2020Q1,2020,Q1,2019-08-29,2019-07-31,-2108000.0,166695000.0,10907000.0,0.1,55203000.0,0.3311617025,808147000.0,450499000.0,363783000.0,95335000.0,357648000.0,201536000.0,407862000.0,408006894.84,604843894.8399999,8.181370768560221,3.8158388839355957,0.3006111511890782,0.5392642381004176,0.01059156798053659,8.181370768560221,-0.004679255669823907,2.4476252727436334,-48.387914473434535,0.9056776926030912,0.0,0.5532113369323595,0.0,0.20626816655880675,1.6014265484869146,-0.0026084363364585897,-12.3803524347615,0.3311617025105732,-0.4444444444444444,-1.1412957644789323,0.24579413263646754,1.5919550597671224,-0.12879553058519033,-1.2145765472312704,-0.28651795643357103,-1.0661308965924763,-0.2696056334380464,0.11802178498943718,Aerospace & Defense,Industrials,SWBI
2019Q4,2019,Q4,2019-06-19,2019-04-30,9824000.0,175733000.0,15287000.0,0.18,63364000.0,0.3605697279,766789000.0,444444000.0,298684000.0,111283000.0,322345000.0,163770000.0,402946000.0,413412289.796,574212289.796,8.139403706688155,2.6840038460501603,0.2631949597607686,0.4540842040842041,0.01700900214644191,8.139403706688155,0.022104022104022104,2.3525023176978714,10.520467472414495,0.9301785822195823,0.0,0.6861390975148074,0.0,0.22918038730341725,1.1536892427414789,0.012811868714861585,14.463066393646795,0.36056972793954467,0.28571428571428553,-0.6042705903496701,0.04073877194314009,1.688950666772553,0.2087291595131815,2.7159825327510916,0.13438705847432472,-0.719614052193063,-0.19142172934500912,0.46898287782751297,Aerospace & Defense,Industrials,SWBI
2019Q3,2019,Q3,2019-03-07,2019-01-31,-5725000.0,138833000.0,13476000.0,0.14,52422000.0,0.3775903424,726845000.0,426680000.0,243917000.0,93868000.0,300165000.0,166891000.0,392181000.0,504184596.255,673577596.255,7.85132026865397,2.598510674564282,0.26777511023670797,0.4561521514952658,0.013711749024476971,7.85132026865397,-0.013417549451579637,3.6315904450310805,-22.016794596288207,1.1816457210438736,0.0,0.5177690828145316,0.0,0.19100771141027317,0.7220351983636596,-0.007876507370897508,97.67233557826424,0.37759034235376315,0.16666666666666682,-1.3255649159043736,-0.0404713611357353,1.5917680724860488,-0.0703011385804987,-1.8589647411852963,0.18982871269645066,-1.1817020145160801,-0.06263030545789494,1.0270806499389562,Aerospace & Defense,Industrials,SWBI
2019Q2,2019,Q2,2018-12-06,2018-10-31,6665000.0,161703000.0,11326000.0,0.12,56386000.0,0.3487010136,769630000.0,436242000.0,284882000.0,99032000.0,333388000.0,175217000.0,398846000.0,572478006.672,758407006.672,8.012673572845493,2.8766661281202035,0.2888868677156556,0.509662068301539,0.011949867910439126,8.012673572845493,0.015278217136360094,3.540305415929204,21.4732935735934,1.312294567400663,0.0,0.6010661065992455,0.0,0.210104855579954,1.0241740043622263,0.00866000545716773,-40.05863877069485,0.34870101358663724,2.1999999999999997,-0.5703395159839435,0.27124018768294234,2.647212942434768,0.0430455613311382,-0.12818835840418574,-0.3962364731595501,-0.46531627963259536,0.1289420019131453,0.9361119332036806,Aerospace & Defense,Industrials,SWBI
2019Q1,2019,Q1,2018-08-30,2018-07-31,7645000.0,162008000.0,18759000.0,-0.1,54059000.0,0.3336810528,772838000.0,431987000.0,297407000.0,101296000.0,340851000.0,173515000.0,393122000.0,397026648.704,587338648.704,7.919972865943092,2.936019191280998,0.2947344721662237,0.5272890156416744,0.033581462311802555,7.919972865943092,0.01769729181665189,2.4506607618389213,12.983212841857423,0.9190708255202125,0.0,0.6221306515286863,0.0,0.20962737339520054,1.1480216395514138,0.009892111930313986,112.47213844305949,0.33368105278751664,-1.7142857142857142,-0.7057586436621552,0.13170368095725166,2.1687758816590117,-0.05827120061319769,-0.002479123173277662,0.1427266081871345,-0.4664952311810005,-0.22699951278475827,0.6425250802690254,Aerospace & Defense,Industrials,SWBI
2018Q4,2018,Q4,2018-06-20,2018-04-30,7664000.0,172025000.0,16416000.0,0.14,57404000.0,0.3336956838,745060000.0,422148000.0,270364000.0,100682000.0,322912000.0,153353000.0,389146000.0,458043066.09000003,596218066.09,7.792446561080961,2.685326076160585,0.25103347381418945,0.44305551607493104,0.014787915032124935,7.792446561080961,0.018154770364895725,2.6626540682458946,14.941383940827244,1.0850295775178374,0.0,0.7474323945407002,0.0,0.23088744530641828,1.0937208239804532,0.010286419885646794,7.455492066507154,0.33369568376689435,4.4825870646766175,-0.6389044562614961,0.1413176301343153,1.7608966671136386,0.41277810592636344,-0.32742430890741553,6.13,-0.6519737840620551,-0.05532432322325215,1.1587285976640707,Aerospace & Defense,Industrials,SWBI
2018Q3,2018,Q3,2018-03-01,2018-01-31,11395000.0,129021000.0,-3200000.0,-0.0402,40632000.0,0.3149254772,778122000.0,390645000.0,317748000.0,195072000.0,387477000.0,161067000.0,366999000.0,494301788.445,692157788.4449999,7.2469158705129395,1.6288754921259843,0.31001308278136336,0.6175120633823549,-0.002551539250469899,7.2469158705129395,0.029169706511026634,3.831173130304369,10.844707951842913,1.2653477926122183,0.0,0.5487716291977872,0.0,0.16581075975232676,0.7603602772309711,0.014644233166521445,22.54512147981756,0.3149254772478899,-1.67,-0.05222379168295319,0.15018392860579316,2.583972378388437,-0.20014173507352506,2.523500309214595,-1.4005507572912754,0.42720412978265476,-0.0048261273288823245,1.5976970970283142,Aerospace & Defense,Industrials,SWBI
2018Q2,2018,Q2,2017-12-07,2017-10-31,3234000.0,148427000.0,7989000.0,0.06,50799000.0,0.3422490517,816263000.0,397431000.0,347798000.0,181768000.0,418832000.0,178946000.0,370231000.0,595273258.576,816394258.576,7.3538413144844945,1.9134171031204612,0.3544102819801951,0.7279049696676907,0.00749010085168983,7.3538413144844945,0.008137261562384413,4.010545645846106,46.01679488064317,1.497802784825542,0.0,0.545572407318409,0.0,0.18183722648215098,0.8869658025615069,0.003961958339407765,-399.78056318065813,0.3422490517223955,-0.7142857142857143,-0.8139377285515678,0.324756846809974,2.049755601611797,0.08274186329049171,2.4937644341801386,0.3675111263266005,-0.3655168762379902,0.35603471999125297,1.46544676157128,Aerospace & Defense,Industrials,SWBI
2018Q1,2018,Q1,2017-09-07,2017-07-31,-2165000.0,157376000.0,5842000.0,0.21,46917000.0,0.298120425,765421000.0,410968000.0,291422000.0,93248000.0,354453000.0,162296000.0,381628000.0,859878375.038,1059645375.038,7.59336314252984,3.1252359299931367,0.3108864272080332,0.5790207510073777,0.03497907965444408,7.59336314252984,-0.005268050067158514,5.463846933700183,-99.29311490046189,2.0923244024790253,0.0,0.6806021097254399,0.0,0.20560711033535792,1.309475806451613,-0.002828508755312436,-21.890997327851323,0.2981204249694998,-0.5800000000000001,-1.1465173693825461,0.39046931534460955,2.1995809911953415,-0.48321896306739953,-1.0781786010905283,-0.8703247430689662,-1.1476421487736495,0.1966196495141953,1.4056672866560505,Aerospace & Defense,Industrials,SWBI
2017Q4,2017,Q4,2017-06-29,2017-04-30,27693000.0,229186000.0,45051000.0,0.5,90787000.0,0.3961280357,788036000.0,393162000.0,318441000.0,151245000.0,394874000.0,131682000.0,369164000.0,929967695.7700001,1086397695.77,7.139313600871618,2.105464643459288,0.2766104594206356,0.5544254022514892,0.04785982540839909,7.139313600871618,0.07043661391487478,4.057698532065659,8.395331814628246,2.36535498285694,0.0,1.051009249555748,0.0,0.2908318909288408,1.1943270851928989,0.03514179555248745,116.17335362523424,0.3961280357438936,-0.12280701754385957,0.8363824563139883,1.0852037620475512,3.1159682830447775,0.03674816430471971,-0.14667365112624411,-0.14227781585560886,0.10608718475336505,0.34581658970637047,1.3585587788928184,Aerospace & Defense,Industrials,SWBI
2017Q3,2017,Q3,2017-03-02,2017-01-31,32453000.0,206951000.0,52524000.0,0.57,87569000.0,0.4231388106,654683000.0,340361000.0,365789000.0,126466000.0,314322000.0,87649000.0,273926000.0,917635517.127,874128517.127,6.072561508679905,2.89239004949947,0.2619664784330737,0.5038914564242084,0.06625789639589079,6.072561508679905,0.09534876204970605,4.43407143298172,7.06895754727606,2.6960654044587953,0.0,1.3620463439400334,0.0,0.31610871215534847,2.1509417550962313,0.04957055552076348,21.632143260891088,0.4231388106363342,0.0,7.41888579659797,1.4020515697051144,3.0652369656569594,-0.10282260130116284,-0.0009235600160083736,0.007152307721807827,0.7894051414933236,0.3868340214633227,1.0045891006688645,Aerospace & Defense,Industrials,SWBI
2017Q2,2017,Q2,2016-12-01,2016-10-31,32483000.0,233528000.0,52151000.0,0.57,97605000.0,0.4179584461,728256000.0,376497000.0,273712000.0,120765000.0,351759000.0,116497000.0,309016000.0,1142340749.802,1263067749.802,6.695541605164411,2.2664844946797498,0.26724530934176993,0.5169310778040728,0.05938690480634339,6.695541605164411,0.08627691588511993,4.89166502433113,8.791835343117938,3.034129753496044,0.0,1.166751075134982,0.0,0.3206674575973284,1.2408810499730882,0.044603820634502155,73.84709740784795,0.4179584460963996,0.0,38.42358647237769,1.9110542575357454,3.5184726577863743,-0.017178358892771195,-0.004077753249938681,0.038678324603158794,1.0274754773705361,0.7775536390432823,2.0476801253609476,Aerospace & Defense,Industrials,SWBI
2017Q1,2017,Q1,2016-09-01,2016-07-31,32616000.0,233523000.0,50209000.0,0.57,99311000.0,0.4252728853,739720000.0,412295000.0,262578000.0,134538000.0,327425000.0,128096000.0,341471000.0,1314791052.4320002,1428828052.4320002,7.317720350715274,1.9517013780493244,0.22750500189260803,0.4081786099758668,0.05815208557981514,7.317720350715274,0.07910840538934501,5.630242213537853,10.07780730647535,3.1889570633454207,0.0,1.0477454409193105,0.0,0.3156910722976261,0.9495235546834352,0.04409235927107554,59.310314526885605,0.42527288532607066,-0.09523809523809532,46.47802361602281,1.740238783209096,3.7017380585358155,0.07865839750621816,-0.08502819311583022,-0.11753023059617548,0.21526683802111454,0.5792127936213145,1.9278150504510203,Aerospace & Defense,Industrials,SWBI
2016Q4,2016,Q4,2016-06-16,2016-04-30,35647000.0,221117000.0,56896000.0,0.63,92069000.0,0.4163813728,619503000.0,307816000.0,333231000.0,122592000.0,311687000.0,77789000.0,241310000.0,932162787.5999999,915202787.5999999,5.540843143608021,2.7182116288175413,0.2813852394580817,0.5663090937443148,0.07634042341849986,5.540843143608021,0.11580619590924449,4.215699324791852,6.537456080455579,3.028311678405281,0.0,1.6589492087570221,0.0,0.35692643941998664,2.04854313495171,0.05754128712855305,10.704917287948735,0.416381372757409,1.423076923076923,34.05792996414426,1.2182559067773369,2.6295806316547186,0.5639374893833872,0.13402684990774322,0.9081731897910588,0.6378162955565854,0.4305816886445843,0.9631440842457005,Aerospace & Defense,Industrials,SWBI
2016Q3,2016,Q3,2016-03-03,2016-01-31,31434000.0,147763000.0,29817000.0,0.26,58870000.0,0.3984082619,514095000.0,209998000.0,223226000.0,89079000.0,304097000.0,90086000.0,161764000.0,903494390.6719999,1025124390.6719999,3.8732155372754438,2.5059329359332727,0.3443857652768457,0.8430889817998267,0.04910288023412676,3.8732155372754438,0.14968713987752263,6.114483264903933,7.185646041483743,4.302395216487775,0.0,0.9867570987722842,0.0,0.2874235306704014,1.2006421266516238,0.06114434102646398,19.518554962777333,0.39840826187881945,0.18181818181818185,1.6577228995548938,0.7216543350236011,0.3894257578462641,0.04722938717424175,1.52157869404781,0.36888256358461113,1.5994213343464947,0.30965874847702585,0.9155041605523127,Aerospace & Defense,Industrials,SWBI
2016Q2,2016,Q2,2015-12-08,2015-10-31,12466000.0,143242000.0,21782000.0,0.22,56215000.0,0.3924477458,523816000.0,225331000.0,234856000.0,86244000.0,298485000.0,100897000.0,174230000.0,747443080.194,868961080.194,4.138538395136555,2.7231575529891936,0.3351978557356018,0.7792181279983669,0.03476670167403115,4.138538395136555,0.05532305807900378,5.218044150416778,14.98963340674635,3.317089438177614,0.0,0.8625330782877588,0.0,0.27345861905707347,1.2834863874588378,0.02379843303755517,-171.98414178416934,0.3924477457728878,-0.6071428571428572,1.3688728164618302,0.6407147030801758,0.7023569949179838,-0.3513005146668513,-0.1350263669164585,-0.5656456887612666,-0.28810006144167877,0.26901620892318706,0.7163180592696781,Aerospace & Defense,Industrials,SWBI
2016Q1,2016,Q1,2015-08-27,2015-07-31,14412000.0,210786000.0,50148000.0,0.56,86658000.0,0.4111183855,577030000.0,264511000.0,292998000.0,100889000.0,312519000.0,75542000.0,205663000.0,683920486.381,752923486.381,4.821827661009534,2.904161999821586,0.30193057553333447,0.6586606984208596,0.07475359156955033,4.821827661009534,0.05448544673000367,3.2446200714516147,11.863733110966557,2.585603193746196,0.0,1.6431653914378757,0.0,0.365294698715838,1.9331542586406842,0.02497617108295929,79.35032908469661,0.41111838547152085,0.4000000000000001,1.5484335001746183,1.5913195959283954,2.116810858962968,0.29062909567496725,-0.34155701754385964,0.34354989953114534,-0.037729329486244655,0.8374115951653459,1.0317516543593088,Aerospace & Defense,Industrials,SWBI
2015Q4,2015,Q4,2015-06-22,2015-04-30,21888000.0,180997000.0,37325000.0,0.4,67144000.0,0.3709674746,494992000.0,194370000.0,197076000.0,81011000.0,300622000.0,76895000.0,147352000.0,615441956.974,748219956.974,3.609738884968243,2.4327066694646406,0.3535410673303811,0.9003447034007306,0.06476366087515313,3.609738884968243,0.1126099706744868,3.400288164853561,7.029444866753472,3.166342321212121,0.0,1.4806294297418559,0.0,0.3656564146491256,1.2035649479700288,0.04421889646701361,7.628184890604858,0.3709674745990265,0.5384615384615385,4.730283594386402,0.9052241538495649,0.3474392270686117,0.36699377010464596,1.695234577022534,0.4483896003104385,0.48443381567514154,0.6841990617230869,1.0810923278098878,Aerospace & Defense,Industrials,SWBI
2015Q3,2015,Q3,2015-03-03,2015-01-31,8121000.0,131869000.0,25770000.0,0.26,49118000.0,0.3724757145,435755000.0,152959000.0,263263000.0,85563000.0,282796000.0,101317000.0,112295000.0,518367950.514,609909950.5139999,2.789746302139379,3.076832275633159,0.4016018175350828,1.144097437875509,0.04825395123683673,2.789746302139379,0.05309265881706863,3.9309310794348935,15.957639161248617,3.3889339660562636,0.0,0.8167533582715635,0.0,0.3026218861516219,1.599628344027208,0.018636619201156612,17.137263637728115,0.3724757145348793,1.888888888888889,2.3468399995647276,0.26514778908004477,0.09978790314076437,0.4098163030998852,0.6081188118811881,1.378403322565759,1.1536088263801147,0.5646422526375678,0.8675775907829695,Aerospace & Defense,Industrials,SWBI
2015Q2,2015,Q2,2014-12-04,2014-10-31,5050000.0,108446000.0,10835000.0,0.09,34840000.0,0.3212658835,415989000.0,159712000.0,244918000.0,59019000.0,256277000.0,99243000.0,117345000.0,418153091.465,528780091.465,2.9827621626669156,4.1498161608973385,0.42068420078415536,1.0957223001402525,0.02078200966854055,2.9827621626669156,0.03161941494690443,3.8558645912712315,20.70064809232673,2.618169526804498,0.0,0.7416744757816672,0.0,0.2606943933613629,2.0334807434893847,0.01213974407977134,-20.03608488092956,0.32126588348117957,-0.4,-0.5780468082405057,0.10800185459824273,0.17258666676514053,-0.2050018254837532,-0.65306402857928,-0.3098286515064654,5.4364775792907345,0.41965155365262485,1.0129109893506916,Aerospace & Defense,Industrials,SWBI
2015Q1,2015,Q1,2014-08-26,2014-07-31,14556000.0,130550000.0,15699000.0,0.15,43824000.0,0.3356874761,547217000.0,169577000.0,242941000.0,59200000.0,377640000.0,97021000.0,125464000.0,509985707.35200006,725975707.352,3.156447770084134,4.103733108108108,0.5025428669065471,1.6216821856737647,0.022626601886300036,3.156447770084134,0.08583711234424479,3.9064397345997706,8.759029049051938,3.0073990420398995,0.0,0.8938889518763979,0.0,0.23857080463508992,2.0586824324324327,0.026600050802515273,-132.73964272566374,0.3356874760628112,-0.6590909090909092,0.28705292316347186,0.6236787825522824,0.215706390968564,-0.3716448726772196,-0.4190613026819923,-0.6355849582172702,21.2212200184847,0.6065695911208359,1.0280620055307876,Aerospace & Defense,Industrials,SWBI
2014Q4,2014,Q4,2014-06-19,2014-04-30,25056000.0,170425000.0,43080000.0,0.44,69744000.0,0.4092357342,381503000.0,166823000.0,239171000.0,92543000.0,214680000.0,86742000.0,97739000.0,650245324.9920001,681854324.9920001,3.0269814196545215,2.5844310212549844,0.26335048479304224,0.6022490903532487,0.10238700231883843,3.0269814196545215,0.1501951169802725,3.815433915165029,6.487920308429119,3.8978157987327893,0.0,1.1606949344031727,0.0,0.44671994715637886,1.3980203797153756,0.06567707200205503,29.52976044468665,0.40923573419392695,0.09999999999999995,2.297173310676978,0.6707740579545465,2.2155025830126913,-0.041622579802948895,0.20548472456098146,-0.10276169450576915,23.839576441466566,0.7234233732095756,0.9828522209352027,Aerospace & Defense,Industrials,SWBI
2014Q3,2014,Q3,2014-03-04,2014-01-31,20785000.0,171020000.0,48014000.0,0.4,72773000.0,0.4255233306,398871000.0,194589000.0,287181000.0,83894000.0,204282000.0,63232000.0,34911000.0,646299874.385,604910874.385,3.0293298046236474,3.4231411066345627,0.25501477921433247,0.5227325285601961,0.10354677223354554,3.0293298046236474,0.10681487648325445,3.7790894303882587,7.77363332192687,3.3213587324309186,0.0,1.5537544281376519,0.0,0.42876017559561863,2.401304026509643,0.05210957928753908,93.19392565032445,0.4255233306046077,0.4285714285714285,5.245612968926507,0.5423091286119798,0.21716346919755847,0.2560712498058236,0.22358273974215576,0.6686592062278446,1.3670837059039387,0.6818951855760675,0.08670142909636926,Aerospace & Defense,Industrials,SWBI
2014Q2,2014,Q2,2013-12-10,2013-10-31,16987000.0,139294000.0,28774000.0,0.28,57937000.0,0.415933206,342480000.0,130981000.0,225632000.0,92640000.0,211499000.0,76261000.0,51897000.0,494465624.40000004,542786624.4000001,2.196930560214693,2.4355785837651123,0.2956172623218874,0.7729594368648888,0.07919535752455464,2.196930560214693,0.1296905658072545,3.5497984435797667,7.277118155059752,3.7750942839037727,0.0,1.0668231468247205,0.0,0.40672156038308804,1.4101360103626943,0.04959997664097174,-54.28915507246377,0.41593320602466727,-0.19999999999999987,1.1760749078290438,0.503066059949759,1.7279462302760173,-0.012173705478167466,-0.35842429278241494,-0.07538560411311054,1.4590375358811067,0.45705883074681164,-0.09630895029858393,Aerospace & Defense,Industrials,SWBI
2014Q1,2014,Q1,2013-09-05,2013-07-31,26477000.0,145881000.0,31120000.0,0.35,58651000.0,0.4020468738,346102000.0,138923000.0,212195000.0,88217000.0,207179000.0,86807000.0,72683000.0,505843763.43600005,561336763.4360001,2.4993793066225285,2.405375381162361,0.2911887247112123,0.72544503070046,0.08847109008498608,2.4993793066225285,0.19058759168748154,3.467509569004874,4.776256405899461,3.641180822729138,0.0,1.0048728789152948,0.0,0.42149713090360647,1.2085992495777458,0.07650056919636408,66.86632695783213,0.40204687382181364,-0.0789473684210527,8.977685460428706,0.47999929397674296,1.876036885841995,-0.14363100105127904,0.052094095207820074,-0.335979174668203,3.620701325887629,0.7699786117941563,0.6155891730724856,Aerospace & Defense,Industrials,SWBI
2013Q4,2013,Q4,2013-06-25,2013-04-30,25166000.0,178717000.0,46866000.0,0.38,68488000.0,0.3832203987,326989000.0,181299000.0,229566000.0,82593000.0,145690000.0,62998000.0,8434000.0,433499853.925,380358853.925,2.8224332528995095,2.7794849442446696,0.13456415965063045,0.2426985256399649,0.1300051767456826,2.8224332528995095,0.13880937015648184,2.42562181507635,4.30640401657991,2.391076916723203,0.0,1.7497222134036001,0.0,0.5465535537892712,1.7716150279079341,0.07696283361213986,11.334514823118758,0.38322039873095454,0.40740740740740733,4.404082218510648,0.5219739813767863,0.6482181804444352,0.33523092819683,0.726536772777168,0.4975076687116564,4.522884317425411,0.5769658414348983,0.053554675817810704,Aerospace & Defense,Industrials,SWBI
2013Q3,2013,Q3,2013-03-05,2013-01-31,14576000.0,135995000.0,31296000.0,0.27,51293000.0,0.3771682782,272935000.0,132144000.0,199875000.0,81477000.0,140791000.0,62827000.0,-52492000.0,431996325.59999996,420040325.59999996,2.0220345207491737,2.453146286682131,0.16579405352922857,0.3424370383823708,0.11190837075322027,2.0220345207491737,0.11030391088509504,3.176560355895437,7.409377154226124,3.2691331093352707,0.0,1.3481783309723527,0.0,0.4982688185831791,1.3561618616296625,0.053404656786414345,21.15969463166144,0.37716827824552374,0.1250000000000001,5.931398670591922,0.11093054998467042,0.22477478168049145,0.057086330193928655,-0.31196601368893084,0.17548076923076922,4.039822509980856,0.09464407687060168,-0.20286331988410677,Aerospace & Defense,Industrials,SWBI
2013Q2,2013,Q2,2012-12-06,2012-10-31,21185000.0,136560000.0,26624000.0,0.24,48523000.0,0.3553236673,288609000.0,158834000.0,209960000.0,70702000.0,129775000.0,65335000.0,-31308000.0,485551806.36300004,472374806.36300004,2.411288731004539,2.969647251845775,0.15515108676444603,0.28191696991827947,0.08341976672039665,2.411288731004539,0.13337824395280606,3.5555931924648507,5.729900948347887,3.056976506056638,0.0,1.3474707277875564,0.0,0.47316611748074383,1.7142372210121355,0.0734038093060161,-95.43077955247642,0.35532366725248976,0.09090909090909087,3.4041500546633703,0.16975428827984773,0.330688607353906,-0.03145771372682089,0.1910383988306066,-0.050770108385624645,0.4388848265948116,0.13416208285159917,-0.052071582814731406,Aerospace & Defense,Industrials,SWBI
2013Q1,2013,Q1,2012-09-06,2012-07-31,17787000.0,136242000.0,28048000.0,0.22,50099000.0,0.3677206735,281541000.0,154614000.0,194326000.0,68049000.0,126927000.0,69208000.0,-16732000.0,505768560.59099996,491106560.59099996,2.3732367342553222,2.855677526488266,0.15626498449604143,0.2845473243043968,0.09185360842736608,2.3732367342553222,0.11504132872831697,3.712280798806535,7.108682754132231,3.271169238173775,0.0,1.244697144838747,0.0,0.483915308960329,1.5184352451909653,0.0631772992210726,168.53334241619459,0.3677206735074353,-0.18518518518518523,7.102341013167299,0.26892865431068996,0.32584925265915876,0.06905234406674775,-0.0015717092337917485,0.09276502902559706,0.2969333258033384,0.3973166572322517,-0.08594747156590649,Aerospace & Defense,Industrials,SWBI
2012Q4,2012,Q4,2012-06-28,2012-04-30,17815000.0,129843000.0,25667000.0,0.27,46863000.0,0.3609204963,261674000.0,112844000.0,190714000.0,83345000.0,148830000.0,55296000.0,-70279000.0,412544392.732,409579392.732,1.7345404798868684,2.288247645329654,0.19267485497221734,0.44679380383538336,0.11378327910844643,1.7345404798868684,0.1578728155683953,3.1772555527213635,5.789284208981195,3.6558823927900463,0.0,1.5006510416666667,0.0,0.4962013803434808,1.220181174635551,0.06808089454817827,15.960398976013618,0.36092049629167533,21.13114754098361,1.1095926329330228,-0.03692663805304294,0.1725310954001871,0.6654701826711209,3.0141955835962144,7.1430837563451774,0.9859485872952959,0.07833847500750153,0.8425680967849701,Aerospace & Defense,Industrials,SWBI
2012Q3,2012,Q3,2012-03-08,2012-01-31,4438000.0,99191000.0,3152000.0,0.0122,28138000.0,0.2836749302,272972000.0,96392000.0,194507000.0,112316000.0,176580000.0,57567000.0,-83671000.0,254941624.903,298370624.903,1.4937779912907374,1.7317835392998326,0.2971403660448691,0.8414702464934849,0.01057691269972766,1.4937779912907374,0.04604116524192879,2.570209241796131,14.361290271687698,2.644842153944311,0.0,1.2342661594316189,0.0,0.36337426549243146,0.9955927917660885,0.01625807775156426,40.751538507512784,0.28367493018519824,-0.16438356164383558,-0.1947788607335672,0.2632083994822056,0.2773641796220341,0.14354222547346177,3.681434599156118,-0.08211997670355271,0.32748349703123564,-0.10954169421303128,-0.3998104797584834,Aerospace & Defense,Industrials,SWBI
2012Q2,2012,Q2,2011-12-08,2011-10-31,948000.0,92299000.0,3434000.0,0.0146,24606000.0,0.2665901039,271663000.0,95869000.0,192652000.0,108337000.0,175794000.0,59278000.0,-85264000.0,146699606.439,178051606.439,1.4818152309998918,1.7782659663826763,0.2964776211703471,0.8401255880420156,0.013411104064201027,1.4818152309998918,0.009888493673658847,1.5893954044897562,38.68660507357595,1.530208998101576,0.0,1.1419582307095382,0.0,0.33975550590253367,0.996732418287381,0.003489617651281183,12.643247990950616,0.2665901039014507,-0.8197530864197531,-0.7957055435887405,0.10517405203464804,0.1845629600712375,-0.17990934542061057,0.19848293299620734,-0.6660832360949047,1.0090551771096166,-0.08219486542726,0.8399818121591925,Aerospace & Defense,Industrials,SWBI
2012Q1,2012,Q1,2011-09-07,2011-07-31,791000.0,98125000.0,10284000.0,0.081,30004000.0,0.3057732484,237793000.0,100969000.0,161545000.0,69174000.0,136824000.0,60159000.0,-80824000.0,163057620.174,218423620.174,1.5563862256065604,2.3353427588400266,0.3410991913134533,0.8033257732571383,0.03363147197217854,1.5563862256065604,0.007834087690281176,1.6617337087796178,51.53527818394437,1.6149275537442185,0.0,1.1323492744227797,0.0,0.41264881640754775,1.1025240697371845,0.0033264225607986778,-7.976598188729087,0.3057732484076433,3.05,-0.6883832518260626,0.10305866503458065,0.17842028856659042,-0.11075546071545005,-0.306140350877193,0.9226023555804823,-0.7446070974156487,-0.14706928683731388,0.7909343258145551,Aerospace & Defense,Industrials,SWBI
2011Q4,2011,Q4,2011-06-30,2011-04-30,1140000.0,111758000.0,5349000.0,0.02,33741000.0,0.3019112726,281449000.0,95083000.0,203563000.0,122294000.0,186366000.0,51720000.0,-84462000.0,172348948.07,194056948.07,1.5265794332503813,1.664537916823393,0.28424332649965,0.8413701713240012,0.011842365071470263,1.5265794332503813,0.011989524941367017,1.542162065087063,37.79582194517544,1.812615799564591,0.0,1.5084493426140757,0.0,0.3970808210368486,1.04304381245196,0.004050467402620013,6.761699088626466,0.3019112725710911,-0.7840172786177105,-0.828077249303214,0.3527145616595467,0.45696686849090473,0.044710034987769764,1.0215761980467863,-0.19015897047691144,-0.7475351816534338,-0.018459456504142293,-0.10852241653863993,Aerospace & Defense,Industrials,SWBI
2011Q3,2011,Q3,2011-03-10,2011-01-31,-52836000.0,94884000.0,6605000.0,0.0926,32297000.0,0.3403840479,343101000.0,167091000.0,179907000.0,85102000.0,176010000.0,62635000.0,4518000.0,163556479.8,217970479.8,2.7876376376376375,2.114016121830274,0.23635605842011537,0.4853283540106888,0.019235966394272153,2.7876376376376375,-0.31621092697990916,1.7237519476413306,-0.7738875,0.9788467350126578,0.0,0.9992336553045422,0.0,0.2765483050180559,1.1740734647834363,-0.15399547072144937,-17.122747047738695,0.3403840478900552,1.1493548387096775,-26.226133602411835,0.5571885109794861,1.9420106558902899,0.14035025775015889,-0.4170846184792812,1.4318851251840943,-18.489640578394862,-0.15491752081705032,0.6885113701110158,Aerospace & Defense,Industrials,SWBI
2011Q2,2011,Q2,2010-12-08,2010-10-31,-37285000.0,96321000.0,2716000.0,-0.62,28322000.0,0.294037645,314698000.0,146034000.0,191997000.0,74904000.0,168664000.0,58166000.0,-32766000.0,171298795.71,208384795.71,2.4310637589478943,2.56324094841397,0.2563886646880501,0.5525083199802786,0.012210133778549084,2.4310637589478943,-0.2553172548858485,1.7784158772230356,-1.1485771470430468,1.173006256830601,0.0,1.1690506481449645,0.0,0.3060743951343828,1.5401313681512336,-0.11847866843767675,10.28450982889049,0.294037644958005,0.29545454545454547,-33.146222747657355,0.596340735336877,1.6943199045239268,0.3145509398932467,-7.003059088713573,1.5909486510008704,-9.49971592753816,-0.0952496802169547,0.34160161169717496,Aerospace & Defense,Industrials,SWBI
2011Q1,2011,Q1,2010-09-09,2010-07-31,6211000.0,89337000.0,-4596000.0,-0.88,21545000.0,0.2411654746,249345000.0,93206000.0,177495000.0,92729000.0,156139000.0,56191000.0,-85602000.0,178289616.97599998,225970616.97599998,1.547038905855796,1.914126109415609,0.32194349194890615,0.8612642962899384,-0.024354490847454557,1.547038905855796,0.06663734094371607,1.9956973815552346,7.176365197874738,1.9128555777095895,0.0,1.2064565499813138,0.0,0.35828671118330024,1.0854209578449028,0.024909262267139905,-12.537947747960617,0.24116547455141765,-14.968253968253968,2.6014049408050877,0.4886081666624937,4.5032600608677695,-0.40478492692764595,0.46072436500470365,-1.3669461077844312,3.30420129779401,-0.10024829568245701,-0.1357202812693021,Aerospace & Defense,Industrials,SWBI
2010Q4,2010,Q4,2010-07-01,2010-04-30,4252000.0,105752000.0,12525000.0,0.063,36197000.0,0.3422819427,349341000.0,160577000.0,184843000.0,96952000.0,188764000.0,50725000.0,-1693000.0,205942990.85999998,246087990.85999998,2.6789622956289625,1.9065413813020877,0.22900260776719594,0.49820335415408185,0.023143653102808557,2.6789622956289625,0.02647950827328945,1.9474146196762234,12.10859541745061,1.2825186101371926,0.0,1.3712173484475112,0.0,0.30271854720745633,1.2220892812938362,0.012171488602826465,70.99034500517062,0.34228194265829487,-0.7,0.4739349304746328,0.554354192974681,2.1760173574279116,0.01617023665815109,0.7865546218487395,-0.24986524525363837,-0.45350861086653405,-0.14865279800056722,0.8109502957431717,Aerospace & Defense,Industrials,SWBI
2010Q3,2010,Q3,2010-03-11,2010-01-31,2380000.0,102236000.0,16697000.0,0.21,35621000.0,0.3484193435,324935000.0,136417000.0,165838000.0,77746000.0,188518000.0,47401000.0,-21631000.0,164519910.11499998,216897910.11499998,2.5366221015638075,2.1330743703856148,0.26944158062381707,0.6417895130372314,0.05003753234148347,2.5366221015638075,0.017446505934011158,1.609217008832505,17.281503163340336,1.206007389951399,0.0,1.4053500980991962,0.0,0.31463523473925553,1.3049160085406324,0.0073245418314432115,-45.34727401185226,0.34841934347979187,0.0,-0.08059655587521834,1.0930058744504836,3.268304572825267,0.03061076874113937,-0.821119879744457,0.5012587664089193,-0.48186009700566107,0.5622437574298962,1.1691243469020474,Aerospace & Defense,Industrials,SWBI
2010Q2,2010,Q2,2009-12-10,2009-10-31,13305000.0,108808000.0,11122000.0,0.21,34563000.0,0.3176512756,333634000.0,151419000.0,175163000.0,69078000.0,182215000.0,45535000.0,-8325000.0,195369748.866,235134748.866,2.543745590162282,2.535727728075509,0.25825005844728055,0.5690237024415694,0.03601366540193847,2.543745590162282,0.08786876151605809,1.7955458134144548,3.67098363145434,1.2902591409664572,0.0,1.6305040079060065,0.0,0.32612983089253494,1.6469787776137121,0.0398790291157376,15.955063198530011,0.3176512756414969,4.32994923857868,2.1167498552209394,0.9313723803810349,2.747264146893102,0.38163575311800446,0.05830416799236399,4.77466251298027,2.1163093773063584,0.4160283699132026,1.0334699920161705,Aerospace & Defense,Industrials,SWBI
2010Q1,2010,Q1,2009-09-09,2009-07-31,12572000.0,89379000.0,1926000.0,0.0394,25016000.0,0.2798867743,323353000.0,155059000.0,164944000.0,60196000.0,168294000.0,47662000.0,-5945000.0,278177730.555,321672730.555,2.5963898796068383,2.740115622300485,0.249077633422297,0.5194151903469002,0.011060988928825717,2.5963898796068383,0.08107881516068077,3.112338810626657,5.531692064806714,1.7940121537930724,0.0,1.3504049347488565,0.0,0.2764130841526134,1.6742640707023722,0.038880109354173305,-45.26158974210869,0.27988677429821324,-0.6716666666666667,3.4424229813057456,0.4936016585486644,2.8574564014171098,-0.18927861806616247,0.6953831286723243,-0.8392057196679457,4.38012400111561,0.09143540428683192,0.9658606975689805,Aerospace & Defense,Industrials,SWBI
2009Q4,2009,Q4,2009-06-30,2009-04-30,7415433.0,99536446.0,11978038.0,0.12,30856470.0,0.3100017254,210231000.0,50626000.0,145381000.0,67366000.0,159605000.0,41729000.0,-34203000.0,296383866.955,342545866.955,0.9413711671842169,2.1580767746340883,0.40899772155390973,1.6984158337613084,0.05751345413298642,0.9413711671842169,0.1464747955595939,2.977641646508054,9.992129487077827,5.854380495298859,0.0,1.6458572215964917,0.0,0.4734622676960106,1.3070985363536503,0.03527278565007064,15.784893394509337,0.31000172539815213,1.3999999999999997,1.3236095020928373,0.7317130264809969,0.7358214005625491,0.21596696037637972,2.1483332427594686,0.9168277353755533,0.29519679603472126,0.39534120831341735,-0.10155569263780147,Aerospace & Defense,Industrials,SWBI
2009Q3,2009,Q3,2009-03-12,2009-01-31,2355352.0,78479519.0,6248886.0,0.05,25376076.0,0.3233464772,298225997.0,113148874.0,133490693.0,69899877.0,185077123.0,52643002.0,32258001.0,82468337.049336,189513671.04933602,2.48884384167461,1.9097414577710916,0.3635181945590075,0.9581233305070274,0.017581003206231672,2.48884384167461,0.020816398049175462,1.0508262295712592,8.753292188315802,0.7288480577308795,0.0,1.008746480681326,0.0,0.26315451969131987,0.900406863376884,0.007897876186830218,3.8645278788799646,0.3233464771872519,1.0308641975308641,1.929389401605627,0.8092197867950225,3.8784553938222643,0.2708653342018756,1.0308973749158157,0.7161729386805084,0.48265713140928596,0.6981212203598831,1.6266703405751028,Aerospace & Defense,Industrials,SWBI
2009Q2,2009,Q2,2008-12-15,2008-10-31,-76231460.0,73226683.0,3641175.0,-1.62,19967557.0,0.272681435,190396469.0,37939143.0,125086456.0,58064030.0,152457326.0,53944028.0,-43973459.0,83283230.711527,170835663.711527,0.8053423252379884,2.1542847783731167,0.4748115050389931,2.3828275193248305,0.022127602423781347,0.8053423252379884,-2.0093089609325125,1.1373344701620174,-0.27312618278440093,2.1951795461359525,0.0,0.9873034694405839,0.0,0.38460105581054654,0.9493092022720435,-0.40038274029126036,4.356820805101039,0.2726814349900295,-33.4,-75.00975836803794,0.6307937558635592,0.5007276241999514,-0.07505779743158864,-34.82540073435611,-0.2049176569235002,-84.80707427259972,0.5474784690309635,-0.10744839625952347,Aerospace & Defense,Industrials,SWBI
2009Q1,2009,Q1,2008-09-09,2008-07-31,2253675.0,83712352.0,4579620.0,0.05,21587897.0,0.2578818595,189118376.0,41023435.0,124522005.0,53142792.0,148094941.0,46107970.0,-41618107.0,162915835.220835,229154285.220835,0.86903590107844,2.343158880323789,0.4630865009120002,2.134832614577497,0.022700134919397853,0.86903590107844,0.05493628215189684,1.9461385485959706,18.0722414745732,3.9712870270574614,0.0,1.34736912078324,0.0,0.4426452562177247,1.1965379048959264,0.011916742559168338,-10.409396146357027,0.25788185953728787,-0.2957746478873238,1.5094347312829914,0.9539824104800615,0.8087028250915934,-0.1523469300209735,-0.3162171830214148,-0.38832498666023774,0.6678233294719756,0.7802742386822574,2.091409367768677,Aerospace & Defense,Industrials,SWBI
2008Q4,2008,Q4,2008-06-30,2008-04-30,3295893.0,83107362.0,7487015.0,0.071,25467845.0,0.3064451137,289750572.0,77850529.0,122171486.0,63449056.0,211900043.0,47159978.0,30004326.0,262081600.025504,385416371.025504,1.7124148285625949,1.9255051800928291,0.4407018979068659,1.6402409674056293,0.022555320844080694,1.7124148285625949,0.04233616704133122,3.15353049018093,19.87940749483554,3.3664716655361966,0.0,1.2222125506504689,0.0,0.28682380651176076,0.9509881596977582,0.011374931815492671,20.198171773389426,0.3064451137313202,-0.2725409836065575,-0.8564701767013866,0.8054702405515396,2.488712967923548,-0.06398451588395013,2.8238878405374446,-0.23671455771127783,0.5063375765343795,0.6105160126291014,1.0301365299188967,Aerospace & Defense,Industrials,SWBI
2008Q3,2008,Q3,2008-03-10,2008-01-31,-1807070.0,74841548.0,9808932.0,0.0976,27208786.0,0.363551887,278980310.0,65962627.0,110482621.0,60970471.0,213017683.0,41239542.0,25573703.0,145875368.56269598,279729199.562696,1.6509439539363935,1.8120676974924468,0.4834112127841567,2.04452454569464,0.03031011766284925,1.6509439539363935,-0.027395361315734137,1.9491228129420304,-20.181200584744364,2.2114851272175073,0.0,1.1550264549494755,0.0,0.26826820860583317,0.8774476582278657,-0.0064774105383996455,-66.70500233104345,0.36355188698127944,0.39428571428571424,-3.690247929885895,1.7045620540496929,9.578726319947927,0.17898011286822565,-1.6142735740023115,0.5013042565921091,-1.9396178413005534,1.0623219726509552,1.777998198360205,Aerospace & Defense,Industrials,SWBI
2008Q2,2008,Q2,2007-12-10,2007-10-31,2941800.0,71396290.0,6533607.0,0.07,23078240.0,0.3232414457,288454014.0,72998480.0,120839578.0,63672001.0,215455534.0,51850324.0,28515503.0,374360535.563968,509017613.563968,1.8120608515612247,1.8978448313568785,0.46887109014194545,1.852747454467545,0.019749603309699035,1.8120608515612247,0.04029946924922272,5.243417207868476,31.81390097593038,5.128333296309293,0.0,0.9318755655220207,0.0,0.24751359500928977,0.8765196809190903,0.010198506025989987,-125.2840977720466,0.3232414457389873,2.5659955257270695,7.621533316745939,1.2431421455221137,9.85255683148431,0.3886070781641431,2.6279391501159335,5.288143047979088,0.018276856897821495,0.8726063615600621,1.6693984993250701,Aerospace & Defense,Industrials,SWBI
2008Q1,2008,Q1,2007-09-10,2007-07-31,-1807070.0,66564481.0,1039036.0,-0.0447,16619705.0,0.2496782781,292369314.0,72297522.0,124935200.0,69408473.0,220071792.0,51439141.0,26708433.0,583656139.774058,721322255.774058,1.7899747874771548,1.7999992594564067,0.4833682306344913,1.954728655845217,0.003185895941042147,1.7899747874771548,-0.02499490923077557,8.768281987717414,-80.74619961789776,8.072975720717759,0.0,0.9709488733491876,0.0,0.227672596994909,0.8401313194139857,-0.006180778602504091,-36.792173512628,0.24967827811952745,-1.4063636363636365,-6.751950456382272,0.9686096284198997,9.144045042234069,-0.37541332155792423,-1.348430503822175,-0.8915721843346749,-1.9441501874998686,0.6447216868102721,1.6593655123068578,Aerospace & Defense,Industrials,SWBI
2007Q4,2007,Q4,2007-07-16,2007-04-30,5186314.0,82800079.0,9582744.0,0.11,26609125.0,0.3213659373,268257428.0,59105199.0,102262933.0,55948322.0,209152229.0,32022293.0,20977897.0,421349444.73712796,540710117.737128,1.4793129893880268,1.827810546310933,0.46010282705014227,2.088242711102284,0.03378701955560968,1.4793129893880268,0.08774717093838057,5.088756554654108,20.3106408875903,7.12880511132579,0.0,1.7547448585271517,0.0,0.3086590355291112,1.039685372512155,0.019333347220491504,531.082174770353,0.3213659373440936,0.33982947624847737,21.025243282095428,1.586221104493244,7.927352838492943,0.5954515843067397,0.5392780018258899,0.628913883347408,1.187421844420948,0.9389725205887193,1.7277478157639374,Aerospace & Defense,Industrials,SWBI
2007Q3,2007,Q3,2007-03-19,2007-01-31,3369316.0,48002834.0,5882904.0,0.0821,16678115.0,0.3474402157,100713181.0,46131319.0,57016250.0,33331305.0,54581862.0,23156202.0,11385279.0,336566010.47603995,353921541.47603995,1.1694221703733223,1.7105915894982209,0.1848318841205105,0.4035221060988956,0.05622469551446124,1.1694221703733223,0.07303749541607514,7.011377921479385,24.972873609661423,7.29582456716748,0.0,1.3527572008570317,0.0,0.4766291117346398,0.8478426512253271,0.03345456837471949,65.32460357800701,0.3474402157172637,0.17285714285714285,1.2555037198068384,0.9828112928453472,12.314269622055972,0.038832108622795174,0.1801605904662896,0.10074641666860013,2.5321866662258357,0.27535154674883916,1.2922184988811918,Aerospace & Defense,Industrials,SWBI
2007Q2,2007,Q2,2006-12-11,2006-10-31,2854964.0,51382496.0,5344468.0,0.07,16054678.0,0.3124542257,104813806.0,49793073.0,60757613.0,33942718.0,55020733.0,21619744.0,14240243.0,,,,,,,,,,,,,,,,,,,,,,,,,,,,,,,Aerospace & Defense,Industrials,SWBI
2007Q1,2007,Q1,2006-09-08,2006-07-31,1551340.0,54366623.0,3618546.0,0.0376,16995917.0,0.3126167502,251484997.0,52364763.0,83284913.0,42781050.0,199120234.0,34033548.0,15791583.0,,,,,,,,,,,,,,,,,,,,,,,,,,,,,,,Aerospace & Defense,Industrials,SWBI
