Quarters,Year,Quarter,FillingDate,Date,NetIncome,Revenue,OperatingIncome,EPSDiluted,GrossProfit,GrossProfitRatio,TotalAssets,CommonStockEquity,CurrentAssets,CurrentLiability,TotalLiability,Inventory,RetainedEarnings,MarketCap,EnterpriseValue,bookValuePerShare,currentRatio,debtToAssets,debtToEquity,roic,shareholdersEquityPerShare,roe,priceToSalesRatio,peRatio,pbRatio,payoutRatio,inventoryTurnover,dividendYield,assetTurnover,quickRatio,returnOnAssets,priceToFreeCashFlowsRatio,grossProfitMargin,epsdilutedGrowth,fiveYNetIncomeGrowthPerShare,fiveYRevenueGrowthPerShare,fiveYShareholdersEquityGrowthPerShare,grossProfitGrowth,netIncomeGrowth,operatingIncomeGrowth,threeYNetIncomeGrowthPerShare,threeYRevenueGrowthPerShare,threeYShareholdersEquityGrowthPerShare,Industry,Sector,Symbol
2023Q1,2023,Q1,2023-05-11,2023-04-01,24876000.0,437396000.0,38196000.0,0.95,65703000.0,0.1502139937,1235300000.0,468299000.0,473826000.0,232759000.0,767001000.0,0.0,535706000.0,766091150.0,1067040150.0,17.818918610402953,2.035693571462328,0.3840475997733344,1.01305789677108,0.027113598986155413,17.818918610402953,0.053119908434568514,1.75148183796834,7.699099031194726,1.6359017422629558,0.11091011416626467,0.0,0.003601399128550173,0.35408079009147575,1.800871287469013,0.02013761839229337,23.11332478503545,0.1502139937265087,-0.2519685039370079,1.5750877208260463,0.4097621413859888,1.8193630259741829,-0.1212652133208506,-0.2562339293189021,0.21996869909610656,1.1185266829021088,0.1855541712826968,1.324726575056429,Trucking,Industrials,ULH
2022Q4,2022,Q4,2023-03-16,2022-12-31,33446000.0,458722000.0,31309000.0,1.27,74770000.0,0.1629963246,1203678000.0,446930000.0,459652000.0,221598000.0,756748000.0,0.0,513589000.0,878736319.9999999,1303585320.0,17.007763147880357,2.074260598019838,0.39215637404687964,1.0561609200545947,0.02305579079761504,17.007763147880357,0.0748349853444611,1.9156184355666392,6.56832147341984,1.9661609648043314,0.08252107875381212,0.0,0.003140873931329025,0.3811002610332664,1.8407250967969024,0.027786501040976075,23.35884313777612,0.162996324571309,-0.3097826086956522,0.4804278548109673,0.5777522138385682,1.8602751379915283,-0.24603454708628705,-0.3101072607260726,-0.42308826239174496,2.974346664614553,0.26685037826951874,1.261049494927184,Trucking,Industrials,ULH
2022Q3,2022,Q3,2022-11-10,2022-10-01,48480000.0,505692000.0,54270000.0,1.84,99169000.0,0.1961055346,1199179000.0,415009000.0,459220000.0,242931000.0,784170000.0,0.0,482903000.0,833538160.0,1298785160.0,15.793020777836974,1.8903309993372603,0.40018462631517066,1.1563435973677678,0.04037558065798819,15.793020777836974,0.11681674373326843,1.6483119369102142,4.29836097359736,2.00848212930322,0.05691006600660066,0.0,0.0033099864318149514,0.42169851206533804,1.676517200357303,0.040427659256874915,30.97158102032475,0.19610553459417987,0.08875739644970422,16.876095452797905,0.7486098165949919,2.0700255894582753,0.10745195260589412,0.08458802210340276,0.4759314658689149,7.19264907162029,0.4485031402413333,1.2553022572518828,Trucking,Industrials,ULH
2022Q2,2022,Q2,2022-08-11,2022-07-02,44699000.0,527182000.0,36770000.0,1.69,89547000.0,0.1698597448,1191466000.0,366967000.0,482629000.0,255403000.0,824499000.0,0.0,437182000.0,718728010.0,1200068010.0,13.872415227006389,1.889676315470061,0.41631318056914757,1.3516828488665193,0.028142919228568916,13.872415227006389,0.12180659296339998,1.3633394349579462,4.019821528445827,1.9585630588036527,0.062104297635293855,0.0,0.0038623790382122433,0.44246499690297497,1.6559594053319655,0.03751596772379573,-217.86238557138526,0.16985974483195557,0.08333333333333326,16.547136091128415,0.857282370722464,1.6095069395509618,0.03503398215359009,0.0640592268139402,-0.13630704906865854,1.401372954911987,0.4762053419257858,0.6587428283255565,Trucking,Industrials,ULH
2022Q1,2022,Q1,2022-05-12,2022-04-02,42008000.0,523861000.0,42573000.0,1.56,86516000.0,0.1651506793,1189162000.0,333714000.0,477752000.0,295363000.0,855448000.0,0.0,395260000.0,525191200.0,999347200.0,12.422349612864801,1.6175079478472252,0.41127953970947606,1.4655603301030224,0.03374545086580391,12.422349612864801,0.12588024476048354,1.0025392231908845,3.1255427537611884,1.5737763474112563,0.13440297086269282,0.0,0.010750370531722541,0.44052954938015176,1.4113243703510596,0.035325716765251494,14.974230889858296,0.16515067928324498,1.6,9.297502855892795,0.9494176677028991,1.3311478640088872,0.41089367253750814,1.5930864197530865,0.7719553816698577,1.565682619483602,0.46638827581226333,0.5977334741862964,Trucking,Industrials,ULH
2021Q4,2021,Q4,2022-03-16,2021-12-31,16200000.0,467372000.0,24026000.0,0.6,61320000.0,0.131201698,1137491000.0,302210000.0,420695000.0,312709000.0,835281000.0,0.0,356071000.0,507692340.0,1031658340.0,11.226642891637876,1.3453242471435105,0.47288110411423034,1.779881539326958,0.019030535793135378,11.226642891637876,0.0536051090301446,1.08627033711904,7.834758333333332,1.6799322987326692,0.0,0.0,0.0,0.41087973443306364,1.2487200560265295,0.01424187092469303,29.99482098546615,0.13120169800501527,0.5789473684210525,5.2799489176306,0.8683731256135709,1.1593497533769952,0.37150525609483337,0.576949284532269,0.43747756371903795,0.8930183010228023,0.27496022405014736,0.5219066443912368,Trucking,Industrials,ULH
2021Q3,2021,Q3,2021-11-12,2021-09-30,10273000.0,445594000.0,16714000.0,0.38,44710000.0,0.10033797582552727,1121007000.0,287819000.0,396138000.0,286425000.0,833188000.0,0.0,342699000.0,540533520.0,1086271520.0,10.692039080203573,1.3830426813301913,0.49843399728993665,1.9413172862111256,0.013125732772842371,10.692039080203573,0.03569257067809978,1.2130628329824908,13.154227586878223,1.8780327914418435,0.2749926993088679,0.0,0.005226317879416619,0.3974943956638986,1.2998132146286114,0.009164081937044105,-60.04593645856476,0.10033797582552727,-0.6,1.1699319156856869,0.7323628694326039,1.0815860053981632,-0.19166169478042341,-0.59877362912045,-0.4662280841822885,-0.2805500255394275,0.2551998042780394,0.48231716909519695,Trucking,Industrials,ULH
2021Q2,2021,Q2,2021-08-12,2021-07-03,25604000.0,422783000.0,31313000.0,0.95,55311000.0,0.13082597928488138,1082220000.0,281908000.0,359159000.0,275208000.0,800312000.0,0.0,335252000.0,628289460.0,1151600460.0,10.47245440023775,1.3050456382081916,0.4956561512446637,1.9027803396852874,0.025214058458963434,10.47245440023775,0.09082395675184812,1.48608023501418,6.134680713950945,2.22870390340111,0.10888923605686611,0.0,0.00443744512282603,0.3906627118330838,1.2119778494811198,0.023658775480031785,-373.53713436385254,0.13082597928488138,0.1874999999999999,1.9872851629901271,0.6121464366594392,1.0753110154506142,0.024448519197644052,0.18235973216347265,0.00503915778662216,0.5285470046073096,0.218732479006558,0.5425273770593684,Trucking,Industrials,ULH
2021Q1,2021,Q1,2021-05-13,2021-04-03,21655000.0,415231000.0,31156000.0,0.8,53991000.0,0.13002641902940773,1054672000.0,259766000.0,329883000.0,278918000.0,794906000.0,0.0,312474000.0,715427280.0,1230751280.0,9.65098825977114,1.1827239547107036,0.4988498793937831,2.025372835551997,0.02634926187973488,9.65098825977114,0.08336348867827198,1.7229621102470674,8.259377510967443,2.7541220945004348,0.2628492265065805,0.0,0.007956084649162386,0.39370628972799127,1.1034569299937615,0.020532449899115554,18.729933764431763,0.13002641902940773,0.3333333333333335,2.0561116109514463,0.6826632114981267,1.0103954567752385,0.19889416885020206,0.33483326141897307,0.3230285787082254,1.1887745710442328,0.3067489878405,0.5270084598637919,Trucking,Industrials,ULH
2020Q4,2020,Q4,2021-03-16,2020-12-31,16223000.0,385953000.0,23549000.0,0.6,45034000.0,0.11668260124937492,1063049000.0,239573000.0,321524000.0,272807000.0,823476000.0,0.0,293643000.0,554221030.0,1105591030.0,8.900434669539695,1.1785767960499547,0.5269117416036325,2.3380472757781554,0.019712923976244093,8.900434669539695,0.0677163119383236,1.4359806245838225,8.540668033039513,2.3133701627478893,0.0,0.0,0.0,0.36306228593413853,1.0927028998522765,0.015260820526617305,148.90409188608274,0.11668260124937492,0.19999999999999996,0.838035336891948,0.42287841548713045,0.9270095278609147,0.0638539132078146,0.1948004124318751,0.06735258124461768,-0.29896470413764153,0.29595315690485874,0.49682775925621797,Trucking,Industrials,ULH
2020Q3,2020,Q3,2020-11-12,2020-10-03,13578000.0,364988000.0,22063000.0,0.5,42331000.0,0.11597915547908424,1056866000.0,227628000.0,315181000.0,273345000.0,829238000.0,0.0,280248000.0,571490370.0,1126182370.0,8.456034770979606,1.1530520038778833,0.5330562247247995,2.4749547507336533,0.018680370710670274,8.456034770979606,0.05964995519004692,1.5657785187458217,10.522359147149801,2.5106330064842637,0.0,0.0,0.0,0.34534936311698927,1.052570926850683,0.012847418688840402,-9.346171848169167,0.11597915547908424,1.173913043478261,0.563390121098067,0.3673054215001223,0.9585467785997422,0.5505292846415882,1.20136186770428,1.035519881907925,5.340605140349609,0.23202295837625087,0.6437794578658104,Trucking,Industrials,ULH
2020Q2,2020,Q2,2020-08-13,2020-07-04,6168000.0,257980000.0,10839000.0,0.23,27301000.0,0.10582603302581596,963425000.0,216550000.0,241892000.0,269584000.0,746875000.0,0.0,266670000.0,463006800.0,946264800.0,8.04450388201642,0.8972787702534275,0.5098840075771337,2.268459939967675,0.010236563958204407,8.04450388201642,0.028483029323481873,1.7947391270641135,18.76648832684825,2.138105749249596,0.0,0.0,0.0,0.26777382774995456,0.8037865748709122,0.006402158964112411,6.285729025251154,0.10582603302581596,-0.4888888888888889,-0.482900976340645,-0.026105446769983293,0.5761465386508741,-0.39160761242590364,-0.4928882676971142,-0.5466371089175172,1.3794074202649327,-0.10686026546844618,0.5132324373119653,Trucking,Industrials,ULH
2020Q1,2020,Q1,2020-05-14,2020-04-04,12163000.0,382162000.0,23908000.0,0.45,44874000.0,0.11742140767527907,1008455000.0,208663000.0,275993000.0,243594000.0,799792000.0,0.0,260502000.0,326948230.0,887232230.0,7.664952429930573,1.1330040969810422,0.5635144850290791,2.723429644929863,0.020853620373409033,7.664952429930573,0.058290161648207876,0.8555226055965794,6.720139562607909,1.566872085611728,0.4711830962755899,0.0,0.01752876900419372,0.3789579108636479,1.0459083557066267,0.012061024041727196,-42.96862005519779,0.11742140767527907,0.40625,0.6413725078962489,0.5974813575591175,0.6181494304028897,0.03362970470355185,0.39212544351608103,0.5420536635706914,1.9422211846210675,0.4033662469818937,0.4383862990184909,Trucking,Industrials,ULH
2019Q4,2019,Q4,2020-03-16,2019-12-31,8737000.0,375931000.0,15504000.0,0.32,43414000.0,0.11548395849238291,987997000.0,205217000.0,271843000.0,251575000.0,782780000.0,7163000.0,251204000.0,517266720.0,1056310720.0,7.52206583095081,1.0805644440027824,0.5534126115767558,2.6643504193122403,0.013831533414481744,7.52206583095081,0.042574445586866586,1.3759618653423102,14.801039258326657,2.5205841621308176,0.0,46.421471450509564,0.0,0.3804981189214137,0.9873755341349498,0.008843144260559495,-22.547697136131816,0.11548395849238291,2.066666666666667,-0.08830306185297128,0.36418758001808593,0.6422728280900033,0.034035965225675834,2.037648456057007,3.108527131782946,2.3418438257372713,0.48283141788127115,0.4468057061873343,Trucking,Industrials,ULH
2019Q3,2019,Q3,2019-11-07,2019-09-28,-8420000.0,375485000.0,-7353000.0,-0.3,41985000.0,0.11181538543483761,934729000.0,197915000.0,266792000.0,292251000.0,736814000.0,0.0,245332000.0,658527900.0,1119898900.0,7.002618264161625,0.9128865256235222,0.5005258208528889,2.3639239067276354,-0.007355403210274799,7.002618264161625,-0.042543516155925526,1.7538061440536905,-19.55249109263658,3.327326882752697,-0.7078384798099763,0.0,0.009050489736273893,0.40170466520242765,0.8479047120454678,-0.00900795845640822,145.85335548172756,0.11181538543483761,-1.4285714285714286,-1.6813571520911605,0.3168511296419107,0.6230721119845221,-0.21018473230746076,-1.4215902263168436,-1.2393866388852715,-2.6939538524091,0.39037768420932617,0.36330891334030585,Trucking,Industrials,ULH
2019Q2,2019,Q2,2019-08-08,2019-06-29,19972000.0,383175000.0,30716000.0,0.7,53158000.0,0.1387303451425589,928184000.0,237373000.0,265228000.0,251079000.0,690811000.0,0.0,259712000.0,637766010.0,1083113010.0,8.363210372406018,1.056352781395497,0.4867634003602734,1.9033588487317428,0.029569941659539776,8.363210372406018,0.08413762306580783,1.6644248972401645,7.983251677348287,2.6867672818728328,0.1492589625475666,0.0,0.004674128055209465,0.4128222421416443,0.9686353697441841,0.021517285365832636,21.449769952577945,0.1387303451425589,0.14754098360655732,0.5512225432898823,0.3192491763254358,1.110996628191847,0.06439469784950543,0.15465109556570503,0.1585260061102101,1.2099937526141198,0.38574960321557833,0.6573252025801148,Trucking,Industrials,ULH
2019Q1,2019,Q1,2019-05-09,2019-03-30,17297000.0,377406000.0,26513000.0,0.61,49942000.0,0.13232963969836198,919725000.0,220654000.0,275464000.0,264235000.0,699071000.0,0.0,242721000.0,558518400.0,1006105400.0,7.774982381959126,1.0424962627963745,0.4935420913860121,2.057170955432487,0.026163981718488785,7.774982381959126,0.07838969608527378,1.4798874421710306,8.072474995663988,2.531195446264287,0.3527201248771463,0.0,0.010923543432051657,0.4103465709858925,0.9750222339962533,0.018806708527005354,15.104889658156642,0.13232963969836198,0.9062499999999999,1.2590616411096642,0.43339396133040714,1.104205975801059,0.05225232817833214,0.9176274944567627,0.48051150323877595,1.315154276732885,0.4504887316554825,0.6196050431801906,Trucking,Industrials,ULH
2018Q4,2018,Q4,2019-03-18,2018-12-31,9020000.0,386378000.0,17908000.0,0.32,47462000.0,0.12283825683656938,843147000.0,209299000.0,275258000.0,221169000.0,633848000.0,6751000.0,231525000.0,513267570.0,907992570.0,7.376696154795051,1.244559590177647,0.47494920814519886,1.9133010668947295,0.02278810125261249,7.376696154795051,0.04309624030692932,1.3284078544844686,14.225819567627493,2.4523173545979677,0.3303769401330377,50.2023403940157,0.005805938606251706,0.4582569824716212,1.1548996468763706,0.010698015885723368,59.52998956158664,0.12283825683656938,-0.39622641509433965,-0.15381149725972335,0.578376437803919,1.1021470224477765,0.0023230275384355467,-0.4008635004981734,-0.20514869063470928,-0.030493729304630568,0.3513478558402964,0.5971089393053423,Trucking,Industrials,ULH
2018Q3,2018,Q3,2018-11-08,2018-09-29,15055000.0,374292000.0,22530000.0,0.53,47352000.0,0.12651085248950017,768960000.0,204721000.0,274398000.0,270290000.0,564239000.0,0.0,225485000.0,1044457599.9999999,1371173600.0,7.213057571700373,1.0151984905101927,0.4281900228880566,1.6083401312029542,0.03180328872137886,7.213057571700373,0.0735391093243976,2.790488709349919,17.344031883095315,5.101858627107136,0.19800730654267684,0.0,0.002854112986491745,0.486750936329588,0.9196529653335307,0.019578391593841032,131.5272131973303,0.12651085248950017,-0.1451612903225806,0.16051037685633668,0.515257495058116,1.2774448482285603,-0.03159703049266826,-0.1479427245458147,-0.14177967392960536,0.644100061682993,0.32988295969590337,0.6706542786923358,Trucking,Industrials,ULH
2018Q2,2018,Q2,2018-08-09,2018-06-30,17669000.0,365925000.0,26252000.0,0.62,48897000.0,0.13362574298011887,687911000.0,192778000.0,269131000.0,236068000.0,495133000.0,0.0,213411000.0,745368750.0,1015928750.0,6.789153019897869,1.140057102190894,0.3957256098536002,1.4121113405056593,0.042206789104588034,6.789153019897869,0.09165464938945315,2.0369440459110475,10.546278085913181,3.8664616813121833,0.1687135661327749,0.0,0.003999362731533888,0.5319365441168988,1.050786214141688,0.025685008671179847,250.039835625629,0.13362574298011887,0.6756756756756757,0.32127491115203144,0.466107131901986,1.4492684271431038,0.23902797486316643,0.6934061721295763,0.534845650140318,0.40429507561495753,0.3095890329863349,0.33018768958576694,Trucking,Industrials,ULH
2018Q1,2018,Q1,2018-05-10,2018-03-31,10434000.0,335113000.0,17104000.0,0.37,39464000.0,0.11776326194447843,662468000.0,179405000.0,253486000.0,224258000.0,483063000.0,0.0,198723000.0,600363900.0,869181900.0,6.320193052913408,1.1303320282888458,0.4090205111794079,1.5103425211114518,0.02799241971442032,6.320193052913408,0.058158914188567765,1.7915267387418572,14.384797297297297,3.34641676653382,0.1905309564884033,0.0,0.003311325014711911,0.5058553771653876,1.045982752008847,0.015750194726386783,68.44093707250342,0.11776326194447843,-0.5697674418604651,-0.028739577710581315,0.43003557326557007,1.7273613613649157,0.09436787665344833,-0.5723945739928692,0.30445393532641857,0.35035844660262555,0.34341860332452523,0.3342570462241948,Trucking,Industrials,ULH
2017Q4,2017,Q4,2018-03-16,2017-12-31,24401000.0,314023000.0,13112000.0,0.86,36061000.0,0.11483553752432146,610592000.0,168765000.0,228666000.0,199070000.0,441827000.0,5342000.0,186226000.0,674072500.0,920378500.0,5.94619829469382,1.1486713216456523,0.4061271683874011,1.4693686487127071,0.06972387074272408,5.94619829469382,0.1445856664592777,2.1465704741372447,6.90619749190607,3.9941486682665244,0.0814310888897996,52.03332085361288,0.0029477541362390547,0.5142926864420104,1.0450997136685587,0.039962855720350084,-206.58060067422616,0.11483553752432146,8.166666666666666,-0.2313333768279764,-0.32591026622509844,2.11166965421447,0.04376392949144693,8.383055975794251,4.763490241102182,1.4475354698906335,0.09536943546530742,0.29821781798689956,Trucking,Industrials,ULH
2017Q3,2017,Q3,2017-11-09,2017-09-30,-3305000.0,313001000.0,-3484000.0,-0.12,34549000.0,0.11037983904204779,603855000.0,146308000.0,228132000.0,206866000.0,457547000.0,0.0,163812000.0,581618450.0,822261450.0,5.144263563165852,1.1028008469250625,0.40330874133691036,1.664570631817809,-0.005603524606865249,5.144263563165852,-0.022589332093938815,1.8581999738020005,-43.99534417549168,3.975301760669273,-0.6024205748865356,0.0,0.003423206399315565,0.5183380116087472,0.9906606208850174,-0.005473168227471827,58.068934704472845,0.11037983904204779,-2.1999999999999997,-1.3265854607779433,-0.07003179824592753,-0.500104841782024,0.12585133770000326,-2.206644760861628,-1.5429328346579398,-1.2657709981578353,0.09084541240366147,0.19234126595250753,Trucking,Industrials,ULH
2017Q2,2017,Q2,2017-08-10,2017-07-01,2739000.0,305199000.0,6417000.0,0.1,30687000.0,0.10054751162356364,596479000.0,151206000.0,221606000.0,178765000.0,445273000.0,0.0,169108000.0,426645000.0,674840000.0,5.316105896002531,1.2396498195955583,0.41951854130656735,1.65492110101451,0.009950633967716224,5.316105896002531,0.01811436054124836,1.3979239774704373,38.941675794085434,2.821614221657871,0.7269076305220884,0.0,0.004666643227976421,0.5116676362453666,1.0691018935473946,0.0045919470760915305,76.6382252559727,0.10054751162356364,-0.33333333333333326,-0.70147278402976,-0.10159857348601214,-0.4660321494615236,0.00517540699007501,-0.3656785548865215,-0.3001417820918312,-0.7877110063339936,0.04856574967932859,0.34186288779718865,Trucking,Industrials,ULH
2017Q1,2017,Q1,2017-05-11,2017-04-01,4318000.0,284442000.0,9169000.0,0.15,30529000.0,0.10732943798735771,583073000.0,151526000.0,212473000.0,163029000.0,431547000.0,0.0,168360000.0,408042250.0,660979250.0,5.328855283981009,1.303283464905017,0.43955045080118615,1.691392896268627,0.013866928378322041,5.328855283981009,0.028496759632010347,1.4345358631988243,23.62449339972209,2.692886039359582,0.46109309865678555,0.0,0.0048793966801231985,0.4878325698497444,1.158744763201639,0.007405590723631518,49.95008568980291,0.10732943798735771,0.4999999999999999,-0.34425435931280035,-0.11616697843983378,-0.44779788210082405,0.03495152213709404,0.5857510099155343,0.567618396307061,-0.43714167696293865,0.07822563339738209,0.44219093778916757,Trucking,Industrials,ULH
2016Q4,2016,Q4,2017-03-15,2016-12-31,2723000.0,264051000.0,5849000.0,0.1,29498000.0,0.11171326751271535,570457000.0,147732000.0,207451000.0,144516000.0,422725000.0,8617000.0,166033000.0,464585250.00000006,724289250.0,5.199084990322013,1.4354881120429572,0.45833252988393514,1.769819673462757,0.008821874373936868,5.199084990322013,0.01843202555979747,1.7594527193610328,42.653805545354395,3.144784136138413,0.7304443628351084,27.21979807357549,0.004281237942874854,0.46287625535316423,1.237074095601871,0.004773365915397655,-42.18516752928358,0.11171326751271535,-0.4444444444444444,-0.5798799258332146,-0.17324178245512933,-0.5017874901648425,-0.08618339529120199,-0.45507304382629576,-0.4166749775605864,-0.7449262179019762,0.0770692155599807,0.4815902407413168,Trucking,Industrials,ULH
2016Q3,2016,Q3,2016-11-10,2016-10-01,4997000.0,271493000.0,10027000.0,0.18,32280000.0,0.11889809313683962,558231000.0,145943000.0,203617000.0,154806000.0,412288000.0,0.0,165299000.0,381302460.0,628905460.0,5.136486819413649,1.3153043163701665,0.44631523509084947,1.7071527925285899,0.01561121577445212,5.136486819413649,0.03423939483222902,1.4044651611643761,19.07656894136482,2.612680704110509,0.39783870322193315,0.0,0.005213708823174128,0.486345258504096,1.1654845419428188,0.0089514914076789,-21.554689655172414,0.11889809313683962,-0.43750000000000006,-0.49604369846252855,-0.20652379118815842,-0.49246494184887213,-0.16756924029088657,-0.4476622084668951,-0.4022296411112436,-0.6152279456534526,0.09789406410604977,0.6217901116945983,Trucking,Industrials,ULH
2016Q2,2016,Q2,2016-08-11,2016-07-02,9047000.0,276813000.0,16774000.0,0.32,38778000.0,0.14008735138884373,536993000.0,143383000.0,201957000.0,148757000.0,393610000.0,0.0,162291000.0,371086840.0,596050840.0,5.046209614978531,1.3576302291656863,0.4264189663552411,1.5970094083677981,0.02757239512994072,5.046209614978531,0.06309674089675903,1.3405686871642588,10.254416933790207,2.588081153274796,0.2198518846026307,0.0,0.005359931384254963,0.5154871664993771,1.2066995166614007,0.01684751942762755,-157.70796430089248,0.14008735138884373,0.23076923076923075,0.2634022689926194,-0.15474084517190548,-0.5364959502075122,0.1232186305179006,0.20997726360839908,0.20416367552045944,-0.3239243334631386,0.10833131452658248,0.8204806771167463,Trucking,Industrials,ULH
2016Q1,2016,Q1,2016-05-12,2016-04-02,7477000.0,260394000.0,13930000.0,0.26,34524000.0,0.1325837000852554,534194000.0,136345000.0,196616000.0,179768000.0,397849000.0,0.0,155232000.0,470337091.59800005,692301091.598,4.800542215336948,1.0937207956922255,0.43747215431098063,1.7139975796692215,0.023233855820215827,4.800542215336948,0.05483882797315633,1.8062516478797517,15.726129851477866,3.449610118434853,0.2658820382506353,0.0,0.0042267557364987825,0.48745212413467764,1.0045725601886877,0.013996787683875146,201.5154634095973,0.1325837000852554,-0.21212121212121213,0.41953069733877196,-0.09080357220595613,-0.5491885383266419,-0.19434332119854383,-0.1965398667526327,-0.24555892547660313,-0.3043872787398218,0.11055945430513932,1.0715844028966421,Trucking,Industrials,ULH
2015Q4,2015,Q4,2016-03-15,2015-12-31,9306000.0,285991000.0,18464000.0,0.33,42852000.0,0.149836882978835,510998000.0,131081000.0,209531000.0,154104000.0,379917000.0,8622000.0,149743000.0,398455200.0,622419200.0,4.618780831571529,1.35967268857395,0.463590855541509,1.8072336951961,0.03078272688344802,4.618780831571529,0.0709942707181056,1.3932438433377274,10.704255319148935,3.0397631998535255,0.21351816032667095,28.19983762468105,0.004986758862727855,0.5596714664245261,1.20037117790583,0.01821142157112161,23.532671863926293,0.149836882978835,0.03125000000000003,0.6149470259814482,0.008927168835976437,-0.5603170192062277,0.004854027435807246,0.00638044771277171,0.08970727101038715,-0.7068269457179661,-0.3860412042137406,1.4170267187177024,Trucking,Industrials,ULH
2015Q3,2015,Q3,2015-11-05,2015-09-26,9247000.0,284214000.0,16944000.0,0.32,42645000.0,0.15004538833414258,527862000.0,123744000.0,230341000.0,118427000.0,404118000.0,0.0,142424000.0,553730520.0,791616520.0,4.317504623006873,1.945004095349878,0.46996374052309126,2.0047517455391777,0.027923983963453972,4.317504623006873,0.07472685544349625,1.9482872764888428,14.970545041635123,4.4748070209464705,0.2147723586027901,0.0,0.0035865821519102826,0.5384248155767984,1.7269963775152626,0.01751783610110218,36.12542536534447,0.15004538833414258,-0.2727272727272727,0.7523667072486284,0.009310267769376455,-0.579834753384638,-0.10417191832619108,-0.3038994278831677,-0.2607329842931937,-0.09326628671509585,-0.1620437123229881,-0.5804453581891096,Trucking,Industrials,ULH
2015Q2,2015,Q2,2015-08-05,2015-06-27,13284000.0,295007000.0,22920000.0,0.44,47604000.0,0.16136566250970316,539415000.0,153010000.0,236617000.0,127171000.0,386405000.0,0.0,135163000.0,656240280.021,872649280.021,5.10390606758064,1.8606207390049618,0.4154797326733591,1.4647147245278087,0.03716092264043819,5.10390606758064,0.08681785504215411,2.224490537583854,12.350200994071814,4.288871838579178,0.15793435712134898,0.0,0.003196999732983265,0.5469017361400776,1.6182698885752256,0.02462667890214399,63.15468001356944,0.16136566250970316,0.6296296296296295,0.5484147453403256,0.019095231898053736,-0.4942240449469879,0.2844769434176088,0.6271435570798628,0.5212052830689586,0.3736592805840439,-0.17609354224413643,-0.48734622568266756,Trucking,Industrials,ULH
2015Q1,2015,Q1,2015-05-07,2015-03-28,8164000.0,263561000.0,15067000.0,0.27,37061000.0,0.14061640379267037,536009000.0,142068000.0,230602000.0,127483000.0,393941000.0,0.0,123978000.0,756998080.0,981982080.0,4.73686316351027,1.8088843218311461,0.43008792762808085,1.6226806881211815,0.024581308731921832,4.73686316351027,0.05746543908550835,2.872193078642136,23.18097991180794,5.328420756257566,0.2572268495835375,0.0,0.002774115358390341,0.491710027257005,1.584328890910945,0.015231087537709255,80.56599404001703,0.14061640379267037,-0.22857142857142848,1.10646519459265,0.009950855089890302,-0.5229131711454351,-0.28133180786906864,-0.22388059701492538,-0.1982653115521737,0.17544841677995723,-0.22356437866621132,-0.5091430088274315,Trucking,Industrials,ULH
2014Q4,2014,Q4,2015-03-16,2014-12-31,10519000.0,302480000.0,18793000.0,0.35,51569000.0,0.17048730494578154,529014000.0,137161000.0,216280000.0,114033000.0,391853000.0,8250000.0,117913000.0,853760460.0,1084088460.0,4.580277833433514,1.8966439539431568,0.4505154873027935,1.7375857568842454,0.031032894120527114,4.580277833433514,0.07669089610020341,2.822535241999471,20.290913109611182,6.224513236269785,0.19925848464682955,30.413454545454545,0.002455021166007149,0.5717807090171526,1.6559680092604772,0.0198841618558299,89.6713013338935,0.17048730494578154,-0.2045454545454546,2.1947777294900126,0.1541845428338331,-0.5260298541151527,0.005322052401746725,-0.19665495646861159,-0.18291304347826087,0.5399587485464806,-0.10133835117396402,-0.5610858988870053,Trucking,Industrials,ULH
2014Q3,2014,Q3,2014-11-05,2014-09-27,13094000.0,302128000.0,23000000.0,0.44,51296000.0,0.16978234390721814,524292000.0,129204000.0,222277000.0,118297000.0,395088000.0,0.0,109491000.0,695968280.0,927962280.0,4.314422145790897,1.8789741075428794,0.4615710329358449,1.8729915482492803,0.03817082645699215,4.314422145790897,0.10134361165289,2.3035543875443523,13.287923476401405,5.386584625862977,0.16014968687948677,0.0,0.0030130683542071773,0.5762590312268736,1.677582694404761,0.02497463245672259,83.37945129986822,0.16978234390721814,-0.02222222222222224,3.1124668491733862,0.2550275866268389,-0.5487071113644701,-0.006372881355932203,-0.039536418983349225,-0.05787899889403187,0.2529093087453581,-0.1622199435839007,-0.5736929594803355,Trucking,Industrials,ULH
2014Q2,2014,Q2,2014-08-06,2014-06-28,13633000.0,307549000.0,24413000.0,0.45,51625000.0,0.16785943052976923,528512000.0,119066000.0,228157000.0,127175000.0,409446000.0,0.0,98493000.0,717389010.0539999,955581010.0539999,3.961735542689825,1.7940397090623157,0.4660215851295713,2.0685838106596344,0.040830132037226755,3.961735542689825,0.11449952127391531,2.3326006914475412,13.155376843944838,6.025137403238539,0.15462480745250495,0.0,0.0029384336398480997,0.5819148855655122,1.5898329074110478,0.025795062363768467,6292.886053105262,0.16785943052976923,0.6666666666666666,4.554633588021765,0.3638936129523241,-0.5707139294236041,0.25693903389170236,0.6781142294436239,0.6688085310000683,0.7999423316725364,-0.11213320467639736,-0.6361069776425874,Trucking,Industrials,ULH
2014Q1,2014,Q1,2014-05-08,2014-03-29,8124000.0,279364000.0,14629000.0,0.27,41072000.0,0.14701965893959135,511344000.0,111263000.0,221389000.0,122353000.0,400081000.0,0.0,86968000.0,847652800.0,1079971800.0,3.694972104144527,1.8094284570055494,0.4686707969586032,2.1539235864573127,0.025456861693210202,3.694972104144527,0.07301618687254523,3.0342234504087857,26.084835056622353,7.618460764135427,0.25947808961102903,0.0,0.002486867264521512,0.5463328014017961,1.583017988933659,0.01588754341500047,521.3116851168512,0.14701965893959135,-0.28947368421052627,30.033932790006034,0.2896032637947418,-0.6008775116322786,-0.023606323546891714,-0.2811891700583967,-0.2354047979929964,0.45477772943068423,-0.07996042333494212,-0.6530109099363975,Trucking,Industrials,ULH
2013Q4,2013,Q4,2014-03-14,2013-12-31,11302000.0,259548000.0,19133000.0,0.38,42065000.0,0.16207021437267866,490136000.0,105565000.0,203389000.0,100970000.0,384571000.0,0.0,80952000.0,917832330.0,1149752330.0,3.509124754844929,2.014350797266515,0.494032268594839,2.293781082745228,0.03351040342267538,3.509124754844929,0.1070619997158149,3.5362720190484995,20.302431649265618,8.694475725856108,0.18625022119978765,0.0,0.00229344721382826,0.5295428207681133,1.7242646330593245,0.023058906099531557,59.77416672093781,0.16207021437267866,-0.1739130434782609,1.281416628578391,-0.22048746595474294,-0.6588739112142392,-0.08631812159256283,-0.17755785184107117,-0.14888790035587188,0.850298442320502,-0.13619366479994716,-0.6659502824552804,Trucking,Industrials,ULH
2013Q3,2013,Q3,2013-11-07,2013-09-28,13742000.0,261663000.0,22480000.0,0.46,46039000.0,0.1759476884389463,335248000.0,95221000.0,182756000.0,100002000.0,240027000.0,0.0,71756000.0,804539400.0,923088400.0,3.1671711292200233,1.8275234495310093,0.36987543549849666,1.302233750958297,0.06557034556091858,3.1671711292200233,0.14431690488442675,3.0747159514337143,14.636504875563965,8.449180327868852,0.15310726240721875,0.0,0.0026151609231319186,0.78050577482938,1.6650766984660306,0.0409905502791963,180.26874299798342,0.1759476884389463,-0.021276595744680753,0.36023752704016115,-0.342621045857678,-0.6891205720105934,-0.017499306429928082,-0.02910837925674721,-0.04862668754496593,1.4825854804358634,-0.11416737384221154,-0.6917813981042106,Trucking,Industrials,ULH
2013Q2,2013,Q2,2013-08-07,2013-06-29,14154000.0,264172000.0,23629000.0,0.47,46859000.0,0.17738064594279485,335382000.0,83307000.0,183140000.0,105929000.0,252075000.0,0.0,60117000.0,724601970.054,846424970.054,2.7719105609902175,1.7288938817509842,0.3816543523504541,1.536485529427299,0.0693334459181769,2.7719105609902175,0.16990168893370305,2.74291737979044,12.798536986964816,8.697972199863157,0.0,0.0,0.0,0.7876749497587825,1.5527759159436982,0.042202622681002555,78.13262562583567,0.17738064594279485,0.2368421052631578,1.1629118970380863,-0.29088308046485806,-0.7181808598111034,0.14106560171431354,0.24441709161244946,0.22741675757103527,0.6457068726107134,-0.08970094325168392,-0.725315142413873,Trucking,Industrials,ULH
2013Q1,2013,Q1,2013-05-09,2013-03-30,11374000.0,248109000.0,19251000.0,0.38,41066000.0,0.16551596274218186,331117000.0,69645000.0,175282000.0,106074000.0,261472000.0,0.0,45963000.0,701159820.0,832341820.0,2.3173288081453385,1.6524501762920225,0.41073095008712934,1.9527604278842703,0.058237256019542494,2.3173288081453385,0.16331394931438006,2.82601525942227,15.41146078776156,10.06762610381219,0.0,0.0,0.0,0.7493091565821145,1.4823707977449705,0.03435039578155154,61.167218005757654,0.16551596274218186,3.75,0.8207349577777544,-0.21936390477978396,-0.758468018986076,-0.0971529075519402,-0.6612864800476475,-0.6028346846568051,1.9286512687171165,-0.05122166711351922,-0.76660354873496,Trucking,Industrials,ULH
2012Q4,2012,Q4,2013-03-18,2012-12-31,33580000.0,492782000.0,48471000.0,0.08,45485000.0,0.09230247858079232,327369000.0,57372000.0,169138000.0,103717000.0,269997000.0,0.0,34589000.0,547919750.0,691365750.0,1.910934949871765,1.630764484125071,0.4459799186850313,2.5447953705640383,0.1782958588383423,1.910934949871765,0.5853029352297288,1.111890754938289,4.079211956521739,9.550298926305516,2.8583978558665875,0.0,0.17518076324133233,1.5052799745852539,1.4628749385346664,0.1025753812975572,17.778634932995878,0.09230247858079232,-0.7777777777777777,2.7456368102800335,0.5394577820856752,-0.7969973886138789,0.05046189376443418,5.0921625544267055,5.216621777606772,9.172591830611518,0.8755047106663887,-0.8022552015609468,Trucking,Industrials,ULH
2012Q3,2012,Q3,2012-11-07,2012-09-29,5512000.0,183321000.0,7797000.0,0.36,43300000.0,0.23619770784580055,255660000.0,159413000.0,129967000.0,83431000.0,96247000.0,0.0,71426000.0,247391270.0,247177270.0,10.290684913820929,1.5577782838513263,0.0,0.0,0.02999173760507139,10.290684913820929,0.03457685383249798,1.3494977116642393,11.220576469521045,1.5518889300119814,0.0,0.0,0.0,0.7170499882656654,1.3199769869712696,0.021559884221231323,78.11533628039153,0.23619770784580055,0.12499999999999993,0.11773510652497116,0.1104050535604972,0.12457122719175086,0.0011097752705077223,0.10284113645458183,0.03807748635334842,2.346672006746099,0.4721375233364863,0.07641597504014797,Trucking,Industrials,ULH
2012Q2,2012,Q2,2012-08-07,2012-06-30,4998000.0,185055000.0,7511000.0,0.32,43252000.0,0.23372510875145228,231771000.0,154256000.0,110363000.0,65168000.0,77515000.0,0.0,65914000.0,234424220.0,240622220.0,9.955853878920873,1.6935152221949423,0.02771701377652942,0.04164505756664246,0.028557869063812864,9.955853878920873,0.032400684576288766,1.266781335278701,11.725901360544219,1.5197089254226739,0.0,0.0,0.0,0.7984389764034328,1.5084704149275718,0.02156438898740567,35.16187490625469,0.23372510875145228,0.3913043478260869,0.10201096317939089,0.08041823727701115,0.12676651209807,0.06066996910098583,0.38910505836575876,0.3966158423205653,2.9500169884078224,0.591863154422468,0.07879724551551846,Trucking,Industrials,ULH
2012Q1,2012,Q1,2012-05-09,2012-03-31,3598000.0,175848000.0,5378000.0,0.23,40778000.0,0.23189345343705928,230683000.0,149935000.0,113013000.0,68471000.0,80748000.0,0.0,60916000.0,233987220.0,232226220.0,9.650189869344146,1.650523579325554,0.0,0.0,0.021896202527033292,9.650189869344146,0.023997065395004503,1.3306220144670398,16.25814480266815,1.5605910561243206,0.0,0.0,0.0,0.7622928434258268,1.3959924639628456,0.015597161472670288,1271.6696739130434,0.23189345343705928,0.0,0.1722819704495316,0.14820752374691057,0.12995547001582936,-0.001126788163825201,0.015237020316027089,-0.10783012607830127,25.63793136180378,0.5732420740310173,0.042391575718092926,Trucking,Industrials,ULH
2011Q4,2011,Q4,2012-03-15,2011-12-31,3544000.0,174634000.0,6028000.0,0.23,40824000.0,0.23376891097953434,228944000.0,162136000.0,109340000.0,55650000.0,66808000.0,0.0,72817000.0,281996550.0,364218550.0,10.435476604235053,1.9647798742138365,0.0,0.0,0.020507577920366223,10.435476604235053,0.021858193121823653,1.6147860668598326,19.892533154627536,1.7392593255045146,0.0,0.0,0.0,0.7627804179187924,1.6559389038634322,0.015479767978195542,113.43384955752212,0.23376891097953434,-0.3428571428571428,-0.3044785309942402,0.10581380401601617,0.2509874224231559,-0.053532098393341526,-0.34793008279668813,-0.28425552125385894,0.3851505885476667,0.015519332915164816,0.014444788177765013,Trucking,Industrials,ULH
2011Q3,2011,Q3,2011-11-09,2011-10-01,5435000.0,187546000.0,8422000.0,0.35,43133000.0,0.22998624337495868,228588000.0,157616000.0,117543000.0,63410000.0,70972000.0,0.0,69273000.0,202462000.0,205339000.0,10.120457172210093,1.8536981548651632,0.018605526099357797,0.02698330118769668,0.03265753208016419,10.120457172210093,0.034482539843670695,1.0795324880296033,9.312879484820607,1.28452695157852,0.0,0.0,0.0,0.8204542670656377,1.644693266046365,0.02377640121091221,14.37634026840872,0.22998624337495868,0.3999999999999999,-0.02431142882632573,0.12908132855325838,0.26378301363312734,0.06950161170344657,0.3811944091486658,0.37817051219113074,0.038545179575642824,-0.09041702371665676,-0.00660816598729729,Trucking,Industrials,ULH
2011Q2,2011,Q2,2011-08-10,2011-07-02,3935000.0,179961000.0,6111000.0,0.25,40330000.0,0.22410411144636894,224102000.0,169991000.0,112649000.0,47291000.0,54111000.0,0.0,79393000.0,257943280.0,256276280.0,10.887088510311258,2.382038865746125,0.0,0.0,0.022432471532704026,10.887088510311258,0.023148284320934638,1.4333287767905267,16.387756035578146,1.5173937443747023,0.0,0.0,0.0,0.8030316552284228,2.093759912034002,0.017558968683902866,207.51671761866453,0.22410411144636894,0.3157894736842105,-0.24721705340752628,0.16101840862023137,0.4240577534343704,0.08498560705926664,0.35736460848568474,0.5955613577023499,0.15742399577649796,-0.07018281542154331,0.10688633548128473,Trucking,Industrials,ULH
2011Q1,2011,Q1,2011-05-10,2011-04-02,2899000.0,157630000.0,3830000.0,0.19,37171000.0,0.23581171096872422,223374000.0,166460000.0,111265000.0,50232000.0,56914000.0,0.0,75458000.0,270433584.368,269513584.368,10.648669396110542,2.215022296544036,0.0,0.0,0.013789896660198525,10.648669396110542,0.017415595338219392,1.7156225614921017,23.321281853052778,1.6246160300853059,0.0,0.0,0.0,0.7056774736540511,1.871954132823698,0.012978233814141305,-57.62488480034093,0.23581171096872422,-0.050000000000000044,-0.3447763880518924,0.11410171020912864,0.45669639997037736,-0.1820842318355851,-0.08664146187775677,-0.2597603401623502,-0.10778512853036099,-0.04647360084542423,0.10989610337749449,Trucking,Industrials,ULH
2010Q4,2010,Q4,2011-03-15,2010-12-31,3174000.0,156133000.0,5174000.0,0.2,45446000.0,0.2910723549794086,212048000.0,164211000.0,101497000.0,42294000.0,47837000.0,0.0,72559000.0,248861440.0,242600440.0,10.504797850562948,2.399796661464983,0.0,0.0,0.018651093158859253,10.504797850562948,0.019328790397720008,1.5939067333619414,19.601562696912413,1.5154979873455492,0.0,0.0,0.0,0.7363097034633668,2.1330448763417977,0.014968309062099148,38.262829028290284,0.2910723549794086,0.11111111111111122,-0.29680277451430165,0.09335841346229537,0.4960973717471955,-0.02390515260207479,0.082537517053206,0.11149301825993556,-0.32002736545884236,-0.06319933167865342,0.11594661863853302,Trucking,Industrials,ULH
2010Q3,2010,Q3,2010-11-10,2010-10-02,2932000.0,156462000.0,4655000.0,0.18,46559000.0,0.29757385179788065,212179000.0,163641000.0,100626000.0,43195000.0,48538000.0,0.0,69385000.0,248430000.0,245450000.0,10.275729984301412,2.3295751823127677,0.0,0.0,0.016983280883106716,10.275729984301412,0.017917270121790993,1.58779767611305,21.182639836289223,1.5181403193576184,0.0,0.0,0.0,0.7374056810523191,2.0609561291816183,0.013818521154308391,97.46174970576696,0.29757385179788065,-0.3793103448275862,-0.3611337320222451,0.16751484746623033,0.5273350782642029,0.03436861281436061,-0.3588453968948174,0.1442969518190757,-0.4216461089930478,-0.07811212645668154,0.12293694496630424,Trucking,Industrials,ULH
2010Q2,2010,Q2,2010-08-11,2010-07-03,4573000.0,154304000.0,4068000.0,0.29,45012000.0,0.2917098714226462,207982000.0,161258000.0,96974000.0,41372000.0,46724000.0,0.0,66453000.0,221802400.0,219767400.0,10.091239048811014,2.3439524315962488,0.0,0.0,0.01480322022887807,10.091239048811014,0.028358282999913182,1.4374377851513895,12.12565055762082,1.375450520284265,0.0,0.0,0.0,0.7419103576271023,2.066034999516581,0.021987479685742037,-31.012639821029083,0.2917098714226462,1.2307692307692306,0.052119409069731275,0.22052556284772207,0.566493542282516,0.06423927178153446,1.2145278450363197,1.7673469387755103,-0.02236297385296701,-0.12651582020277294,0.14208890207306762,Trucking,Industrials,ULH
2010Q1,2010,Q1,2010-05-11,2010-04-03,2065000.0,139044000.0,1470000.0,0.13,42295000.0,0.3041842869882915,208696000.0,158661000.0,97834000.0,44701000.0,50035000.0,0.0,61880000.0,281887184.02,277407184.02,9.928723404255319,2.1886311268204293,0.0,0.0,0.005643746591009171,9.928723404255319,0.013015170709878295,2.0273236099364227,34.126777726392255,1.7766633515482697,0.0,0.0,0.0,0.6662513895810174,1.9520816089125523,0.009894775175374708,826.648633489736,0.3041842869882915,0.18181818181818185,-0.5119233607163949,-0.05330420932652245,0.3391422171763739,0.0008282063416942735,0.1752988047808765,-0.5124378109452736,-0.3458439333714882,-0.1172746499222331,0.1625693870078185,Trucking,Industrials,ULH
2009Q4,2009,Q4,2010-03-15,2009-12-31,1757000.0,139849000.0,3015000.0,0.11,42260000.0,0.3021830688814364,201611000.0,154425000.0,89624000.0,40305000.0,47186000.0,0.0,59815000.0,289238000.0,289015000.0,9.663642052565708,2.223644709093165,0.0036208341806746656,0.004727213857859802,0.011434139829014835,9.663642052565708,0.011377691435972155,2.0682164334389235,41.155093910073994,1.8729998381091144,0.0,0.0,0.0,0.6936575881276319,1.9855104825704006,0.008714802267733407,77.04794885455514,0.3021830688814364,0.0,-0.5846020021437937,0.009219370987433055,8.558030654960602,0.06392084791420155,0.034137728075338436,0.046511627906976744,-0.6647421317888375,-0.13900037686200956,0.15846119166737876,Trucking,Industrials,ULH
2009Q3,2009,Q3,2009-11-03,2009-09-26,1699000.0,128458000.0,2881000.0,0.11,39721000.0,0.30921390649083746,197788000.0,152771000.0,88517000.0,39884000.0,45017000.0,0.0,58058000.0,278211800.0,277643800.0,9.560137672090113,2.219361147327249,0.003690820474447388,0.00477839380510699,0.011689099678412977,9.560137672090113,0.011121220650516132,2.1657802550249885,40.9375809299588,1.8211034816817329,0.0,0.0,0.0,0.6494731732966611,2.0434259352121154,0.008590005460391934,-96.23375994465583,0.30921390649083746,0.375,-0.6254307999234543,-0.16898775832718405,1.7316625773236558,-0.04129658235180537,0.30191570881226054,0.22387425658453697,-0.702745496050462,-0.24629400244811758,0.19381361853470436,Trucking,Industrials,ULH
2009Q2,2009,Q2,2009-08-05,2009-06-27,1305000.0,119897000.0,2354000.0,0.08,41432000.0,0.345563275144499,192843000.0,147474000.0,85028000.0,40142000.0,45369000.0,0.0,56359000.0,294191800.0,288712800.0,9.22866082603254,2.1181804593692393,0.0037854627857894763,0.00495002508916826,0.009951024028031686,9.22866082603254,0.008849017453924081,2.453704429635437,56.358582375478925,1.9948723164761248,0.0,0.0,0.0,0.6217337419558916,1.904538886951323,0.006767162925281187,73.54795,0.345563275144499,7.000000000000001,-0.7162828101851751,-0.04458106984075022,0.0,0.13496781262840707,8.388489208633093,2.0611183355006504,-0.7560656574981144,-0.24420080570508013,0.20713136397124318,Trucking,Industrials,ULH
2009Q1,2009,Q1,2009-05-06,2009-03-28,139000.0,115026000.0,769000.0,0.01,36505000.0,0.3173630309669118,189859000.0,148022000.0,84056000.0,35972000.0,41837000.0,0.0,55054000.0,214892160.0,208969160.0,9.257739696041028,2.3367063271433337,0.003844958627191758,0.004931699341989704,0.003222355588933409,9.257739696041028,0.0009390496007350259,1.8682051014553231,386.496690647482,1.4517582521517072,114.98561151079137,0.0,0.07437684092337292,0.605849604179944,2.0030579339486265,0.0007321222591502115,-51.06752851711027,0.3173630309669118,-0.9375,-0.9542839886577321,-0.001852535038104468,0.0,-0.24772287021390596,-0.9472085074060007,-0.8416392092257001,-0.9692850814329853,-0.205168213667169,0.26642264732263354,Trucking,Industrials,ULH
2008Q4,2008,Q4,2009-03-13,2008-12-31,2633000.0,176968000.0,4856000.0,0.16,48526000.0,0.27420776637584193,211547000.0,164477000.0,118113000.0,40040000.0,47070000.0,0.0,70898000.0,226404240.0,198457240.0,10.286884733254112,2.949875124875125,0.0038762071785466115,0.004985499492330235,0.018443194210075623,10.286884733254112,0.01600831727232379,1.2793512951494055,21.496794530953284,1.3765100287578202,0.0,0.0,0.0,0.8365422341134594,2.7014235764235766,0.012446406708674668,10.070467040298906,0.27420776637584193,-0.5294117647058824,-0.3709814455136077,0.4731708775906882,2.2746441491903058,-0.1284998473446957,-0.5129485756566777,-0.4483072029084299,-0.42968561083424267,0.21159042727871835,0.4650621013200243,Trucking,Industrials,ULH
2008Q3,2008,Q3,2008-11-04,2008-09-27,5406000.0,212994000.0,8802000.0,0.34,55681000.0,0.2614205094979201,224466000.0,163901000.0,132998000.0,52940000.0,60565000.0,0.0,68265000.0,393995120.0,389047120.0,10.187779711586275,2.5122402720060446,0.003653114502864576,0.005003020115801612,0.03263744061951679,10.187779711586275,0.032983325300028676,1.8497944543038771,18.220270070292266,2.403860379131305,0.0,0.0,0.0,0.9488920371013873,2.310823573857197,0.02408382561278768,151.07174846625767,0.2614205094979201,0.5454545454545455,0.3652197570839104,0.8743127223699693,0.0,0.003641017321869536,0.543248644019412,0.13413219945883262,0.16600232627973482,0.5732519833382318,0.5142625727715565,Trucking,Industrials,ULH
2008Q2,2008,Q2,2008-08-07,2008-06-28,3503000.0,199420000.0,7761000.0,0.22,55479000.0,0.2782017851770133,220038000.0,158238000.0,126845000.0,54569000.0,61800000.0,0.0,62859000.0,348305200.0,346593200.0,9.835778219791148,2.3244882625666587,0.003726629036802734,0.00518206751854801,0.029746555355970497,9.835778219791148,0.022137539655455705,1.7465911142312707,24.8576363117328,2.201147638367522,0.0,0.0,0.0,0.9062980030721967,2.126848577030915,0.015919977458438997,804.4,0.2782017851770133,0.047619047619047665,-0.02484033859349991,0.7696613056018579,0.0,1.2054859868813357,0.04754784688995215,0.48934945308002303,-0.1994680205493872,0.5667984192590242,0.5268375855630181,Trucking,Industrials,ULH
2008Q1,2008,Q1,2008-05-08,2008-03-29,3344000.0,170135000.0,5211000.0,0.21,25155000.0,0.14785317541951978,214273000.0,154353000.0,124150000.0,53111000.0,59920000.0,0.0,59356000.0,328195200.0,324243200.0,9.59429388363998,2.3375571915422415,0.0038268937290279223,0.0053124979754199785,0.020552303031465595,9.59429388363998,0.02166462589000538,1.9290281247244836,24.536124401913874,2.1262638238323843,0.0,0.0,0.0,0.7940104446197142,2.098039954058481,0.015606259304718746,-294.6096947935368,0.14785317541951978,-0.3,0.4998909883330665,0.7265998737275658,0.0,-0.3249154634748537,-0.3039134054954205,-0.27169811320754716,-0.21492896988492105,0.15060584506081406,0.29403584534068394,Trucking,Industrials,ULH
2007Q4,2007,Q4,2008-03-12,2007-12-31,4804000.0,171528000.0,7155000.0,0.3,37262000.0,0.2172356699780794,207188000.0,151442000.0,118251000.0,48443000.0,55746000.0,0.0,56012000.0,308246080.0,303740080.0,9.413351566384883,2.441033792291972,0.004392146263297102,0.006008901097449849,0.02977605718030863,9.413351566384883,0.03172171524411986,1.7970598386269296,16.041115736885928,2.0354068224138615,0.0,0.0,0.0,0.8278857848910168,2.2716801189026277,0.023186671042724483,28.295032127776757,0.2172356699780794,-0.06250000000000006,0.30867711191420527,0.5867643768441021,2.4538940128811975,0.3143562610229277,-0.06373026700448256,-0.13114754098360656,0.12815910711014789,0.2295210082463704,8.362275973970798,Trucking,Industrials,ULH
2007Q3,2007,Q3,2007-11-06,2007-09-29,5131000.0,171776000.0,8235000.0,0.32,28350000.0,0.1650405178837556,201507000.0,147492000.0,113788000.0,47238000.0,54015000.0,0.0,51208000.0,353951263.88199997,350690263.88199997,9.150763121975432,2.4088234048858967,0.004515972149850874,0.006169826160062918,0.033791261828565275,9.150763121975432,0.03478832750250861,2.060539678895771,17.24572519401676,2.3997997442708754,0.0,0.0,0.0,0.8524567384755865,2.1833481519115967,0.02546313527569762,9566.250375189189,0.1650405178837556,0.10344827586206906,0.7807445934588718,0.7116870543924773,0.0,0.03455826004452067,0.08753709198813056,0.09217506631299735,0.12151819260894663,0.1017279680021462,1.6146900841427605,Trucking,Industrials,ULH
2007Q2,2007,Q2,2007-08-08,2007-06-30,4718000.0,178179000.0,7540000.0,0.29,27403000.0,0.15379477940722533,203951000.0,142415000.0,115982000.0,54875000.0,61536000.0,0.0,46078000.0,320264676.118,314861676.118,8.835773669189726,2.1135671981776767,0.0044618560340473935,0.006389776357827476,0.03233496281959023,8.835773669189726,0.033128532809043994,1.7974322233147564,16.97036223601102,2.248812808468209,0.0,0.0,0.0,0.8736363146049786,1.91050569476082,0.023133007438061102,29.987329224531834,0.15379477940722533,0.44999999999999984,0.32198463132344185,0.812098454522508,0.0,0.09941825476429288,0.48178391959798994,0.4790113770105924,0.016947886288363533,0.4076920765345213,0.0,Trucking,Industrials,ULH
2007Q1,2007,Q1,2007-05-09,2007-03-31,3184000.0,158877000.0,5098000.0,0.2,24925000.0,0.15688236812125103,197153000.0,137653000.0,107899000.0,53442000.0,59500000.0,0.0,41360000.0,390216763.88199997,390148763.88199997,8.540327584067501,2.018992552673927,0.004615704554330901,0.00661082577205001,0.02213633798235336,8.540327584067501,0.023130625558469484,2.4560934803779024,30.6388790736495,2.834785757535252,0.0,0.0,0.0,0.8058563653609125,1.751431458403503,0.016149893737351196,-24.126175583158155,0.15688236812125103,-0.3939393939393939,1.1619086210154468,0.8765126244615418,0.0,-0.3238661024305556,-0.3976541808550889,-0.3822852296134739,0.038811483046008954,0.367633947251149,0.0,Trucking,Industrials,ULH
