Year,Date,FillingDate,NetIncome,Revenue,OperatingIncome,EPSDiluted,GrossProfit,GrossProfitRatio,TotalAssets,CommonStockEquity,CurrentAssets,CurrentLiability,TotalLiability,Inventory,RetainedEarnings,EnterpriseValue,bookValuePerShare,currentRatio,debtToAssets,debtToEquity,roic,shareholdersEquityPerShare,roe,priceToSalesRatio,peRatio,pbRatio,payoutRatio,inventoryTurnover,dividendYield,assetTurnover,quickRatio,returnOnAssets,priceToFreeCashFlowsRatio,grossProfitMargin,epsdilutedGrowth,fiveYNetIncomeGrowthPerShare,fiveYRevenueGrowthPerShare,fiveYShareholdersEquityGrowthPerShare,grossProfitGrowth,netIncomeGrowth,operatingIncomeGrowth,threeYNetIncomeGrowthPerShare,threeYRevenueGrowthPerShare,threeYShareholdersEquityGrowthPerShare,Industry,Sector,Price,MarketCap,AvgVolume,Symbol
2022,2022-12-31,2023-03-16,168632000.0,2015456000.0,164921000.0,6.26,350000000.0,0.1736579712,1203678000.0,446930000.0,459652000.0,221598000.0,756748000.0,0.0,513589000.0,1309972360.0,16.885035324341683,2.074260598019838,0.39215637404687964,1.0561609200545947,0.12038878853323384,16.885035324341683,0.37731188329268567,0.4391677913087658,5.248845770672233,1.9804518828451882,0.0826711418947768,0.0,0.01575034693469168,1.6744145859606971,1.8407250967969024,0.14009726853859586,9.190739517787053,0.1736579711985774,1.284671532846715,5.432477117122984,0.778956161546986,1.843937600180205,0.6254046096474729,1.2870627805731492,2.8674811809675678,3.757768295756543,0.41355109467598844,1.3094873062121883,Trucking,Industrials,30.46,800732480,46196,ULH
2021,2021-12-31,2022-03-16,73733000.0,1750980000.0,42643000.0,2.74,215331000.0,0.1229774184,1137491000.0,302210000.0,420695000.0,251550000.0,835281000.0,0.0,356071000.0,921108340.0,11.226642891637876,1.672411051480819,0.45105763474172544,1.6977399821316304,0.03444953070336893,11.226642891637876,0.24397935210615135,0.28994753795017647,6.885551110086392,1.6799322987326692,0.1533234779542403,0.0,0.022267422825406426,1.5393352562789508,1.4444881733253827,0.06482073264755502,11.424477148450686,0.12297741836000411,0.5393258426966293,2.2098536147529773,0.7227007989665397,1.1590457801581493,0.34970759500811716,0.5318914651375385,8.807497700091997,0.49000989251173677,0.26309273537937505,0.5224966762203809,Trucking,Industrials,30.46,800732480,46196,ULH
2020,2020-12-31,2021-03-16,48132000.0,1391083000.0,4348000.0,1.78,159539000.0,0.1146869022,1063049000.0,239573000.0,321524000.0,213094000.0,823476000.0,0.0,293643000.0,1007225230.0,8.874060080749713,1.5088364759214243,0.5096218518619555,2.2613274450793703,0.0037154518496783895,8.874060080749713,0.2009074478342718,0.39959386319867324,11.548828845674395,2.320245728859262,0.11906839524640572,0.0,0.010309997389129435,1.308578438058829,1.2879339634152065,0.04527731082951021,64.44101901228844,0.11468690221934996,0.32835820895522383,0.3029295669986294,0.3344561596644267,0.979046531080449,-0.1536347672931952,0.28058319587080294,1.5746002378749835,0.8000898973895864,0.2038350818754445,0.4946532622007559,Trucking,Industrials,30.46,800732480,46196,ULH
2019,2019-12-31,2020-03-16,37586000.0,1511998000.0,-7567000.0,1.34,188499000.0,0.1246688157,970535000.0,205217000.0,271843000.0,191353000.0,765318000.0,7163000.0,251204000.0,982074240.0,7.311161779899534,1.4206362063829676,0.5611049575749458,2.653639805669121,-0.006755114826153295,7.311161779899534,0.1831524678754684,0.35197681478414655,14.159214601181292,2.5932950973847197,0.40020220294790615,184.76881195030015,0.028264435155500617,1.5579015697527652,1.1895763327462856,0.03872709381938828,11.022269535861483,0.12466881569949166,-0.2717391304347826,-0.11419159277140442,0.3568504512703922,0.5997980366148155,0.02907633766985309,-0.27965809344934645,-1.0903047950927274,0.5692112524531714,0.4266316946597254,0.4060421393382994,Trucking,Industrials,30.46,800732480,46196,ULH
2018,2018-12-31,2019-03-18,52178000.0,1461708000.0,83794000.0,1.84,183173000.0,0.12531435827128265,843147000.0,209299000.0,275258000.0,221169000.0,633848000.0,6751000.0,231525000.0,908191560.0,7.373837373167982,1.244559590177647,0.47494920814519886,1.9133010668947295,0.10333732161636146,7.373837373167982,0.2492988499706162,0.35127847695983055,9.840671547395454,2.453268099704251,0.20947525777147458,189.38453562435194,0.02128668320678955,1.7336336368391276,1.1548996468763706,0.061884819610340785,18.13344257663512,0.12531435827128265,0.8585858585858587,0.09282460289017423,0.4980512429678162,1.1000051796231913,0.3895058637901476,0.8533726423471744,2.3233124454668044,0.3434341019293008,0.33368663676151367,0.644474698314932,Trucking,Industrials,30.46,800732480,46196,ULH
2017,2017-12-31,2018-03-16,28153000.0,1216665000.0,25214000.0,0.99,131826000.0,0.10835028541134988,610592000.0,168765000.0,228666000.0,199070000.0,441827000.0,5342000.0,186226000.0,921399750.0,5.937203166226913,1.1486713216456523,0.4061271683874011,1.4693686487127071,0.09937152623726259,5.937203166226913,0.16681776434687287,0.5548723354415555,23.979460448264838,4.000199982223802,0.2827407381096153,203.07731186821414,0.011790954959959264,1.9925989859022064,1.0450997136685587,0.046107711859965414,32.949082434477035,0.10835028541134988,0.1647058823529412,-0.37626609313513504,0.23957705172924837,2.107893841736852,-0.024089428486822623,0.16123576967497114,-0.4586947187634178,-0.3448136574309658,0.07814767005668785,0.2991541227314495,Trucking,Industrials,30.46,800732480,46196,ULH
2016,2016-12-31,2017-03-15,24244000.0,1072751000.0,46580000.0,0.85,135080000.0,0.12591924873526103,570457000.0,147732000.0,207451000.0,144516000.0,422725000.0,8617000.0,166033000.0,724223850.0,5.199816972299462,1.4354881120429572,0.45833252988393514,1.769819673462757,0.07000396249638488,5.199816972299462,0.16410797931389273,0.4330174010557903,19.160198399604027,3.144341442612298,0.32808117472364295,108.81640942323314,0.017123057281621012,1.8805115898306095,1.237074095601871,0.04249925936573659,-16.172963233758097,0.12591924873526103,-0.37956204379562053,-0.1584866422038097,-0.15857773964032298,-0.4998893159690766,-0.20616823967748382,-0.393915152121197,-0.3653518632059405,-0.4927122341023388,0.09837857122596244,0.48086295131161855,Trucking,Industrials,30.46,800732480,46196,ULH
2015,2015-12-31,2016-03-15,40001000.0,1128773000.0,73395000.0,1.37,170162000.0,0.15074953068508903,510998000.0,131081000.0,209531000.0,154104000.0,379917000.0,8622000.0,149743000.0,634395320.0,4.4840077994047824,1.35967268857395,0.463590855541509,1.8072336951961,0.12207886575932504,4.4840077994047824,0.30516245680151965,0.36360837830104015,10.26052648683783,3.131127470800497,0.20426989325266867,111.18197633959637,0.019908324735061645,2.208957765001037,1.20037117790583,0.07828014982446116,7.885782465848176,0.15074953068508903,-0.0927152317880794,0.7090427073694908,0.014291228085727692,-0.56536436570555,-0.12988208343134147,-0.11833810888252148,-0.09203933939506402,-0.13826723036674965,0.11824306160395279,1.3472028556042046,Trucking,Industrials,30.46,800732480,46196,ULH
2014,2014-12-31,2015-03-16,45370000.0,1191521000.0,80835000.0,1.51,195562000.0,0.16412803467165077,529014000.0,137161000.0,216280000.0,114033000.0,391853000.0,8250000.0,117913000.0,1085998630.0,4.570052977043281,1.8966439539431568,0.4505154873027935,1.7375857568842454,0.13254605533094208,4.570052977043281,0.3307791573406435,0.7181330668951701,18.859833149658364,6.238439716829128,0.18534273749173463,120.72230303030302,0.009827379490634147,2.252343038180464,1.6559680092604772,0.08576332573429059,43.63885301917585,0.16412803467165077,-0.10119047619047615,3.9305392153196195,0.2608310499426761,-0.527028740947996,0.11096467059404984,-0.10286324448311318,-0.04329352727444877,0.49074248942260984,-0.11530436969127122,-0.5604590829673057,Trucking,Industrials,30.46,800732480,46196,ULH
2013,2013-12-31,2014-03-14,50572000.0,1033492000.0,84493000.0,1.68,176029000.0,0.17032449211024372,490136000.0,105565000.0,203389000.0,100970000.0,384571000.0,0.0,80952000.0,1149172640.0,3.5113424693986164,2.014350797266515,0.494032268594839,2.293781082745228,0.14987215275912735,3.5113424693986164,0.47906029460521954,0.8875275667349143,18.13755912362572,8.688984417183725,0.08322787313137704,0.0,0.004588703064403282,2.1085821078231346,1.7242646330593245,0.10317952568266767,22.617498212304277,0.17032449211024372,0.05660377358490557,0.8162778915035448,-0.2725221037876721,-0.6568650479359183,0.018597922634030612,0.060476430129172955,0.2217562936506789,1.1009650118249514,-0.096995738275008,-0.6596449806321271,Trucking,Industrials,30.46,800732480,46196,ULH
2012,2012-12-31,2013-03-18,47688000.0,1037006000.0,69157000.0,1.59,172815000.0,0.16664802325155303,327369000.0,57372000.0,169138000.0,103717000.0,269997000.0,0.0,34589000.0,691530000.0,1.9103622802344167,1.630764484125071,0.4459799186850313,2.5447953705640383,0.2386447315542737,1.9103622802344167,0.8312068604894374,0.5285253894384411,11.493121959402783,9.5531618210974,2.3377788961583628,0.0,0.20340677706336985,3.167697613396504,1.4628749385346664,0.14567048193323132,13.421260131743272,0.16664802325155303,0.5742574257425743,0.43468877273227463,-0.18212075087112622,-0.7967176335100064,0.07034027425088878,2.015746537658888,1.8353491041777705,4.179166820697378,0.0966337727327813,-0.8022897201702676,Trucking,Industrials,30.46,800732480,46196,ULH
2011,2011-12-31,2012-03-15,15813000.0,699771000.0,24391000.0,1.01,161458000.0,0.23072976730959127,228944000.0,162136000.0,109340000.0,55650000.0,66808000.0,0.0,72817000.0,365253100.0,10.39733230729768,1.9647798742138365,0.0,0.0,0.09070177923403315,10.39733230729768,0.09752923471653427,0.4044624598618691,17.89863403528742,1.7456400799328955,0.9836843103775375,0.0,0.05495862468824098,3.0565160039136208,1.6559389038634322,0.06906929205395206,21.57413674822776,0.23072976730959127,0.26249999999999996,-0.22203060668167438,0.12726735685061577,0.24641474812033945,-0.09956946551262603,0.240819209039548,0.5872323810763324,0.09490306397881305,-0.050362499443973696,0.01604675532260198,Trucking,Industrials,30.46,800732480,46196,ULH
2010,2010-12-31,2011-03-15,12744000.0,605943000.0,15367000.0,0.8,179312000.0,0.2959222237075104,212048000.0,164211000.0,101497000.0,42294000.0,47837000.0,0.0,72559000.0,247137640.0,10.3167054093108,2.399796661464983,0.0,0.0,0.055583238605397156,10.3167054093108,0.07760746843999489,0.41818890555712335,19.883760200878847,1.5431282922581313,0.0,0.0,0.0,2.857574700067909,2.1330448763417977,0.06009960009054554,113.02347903657449,0.2959222237075104,1.5806451612903227,-0.2830637908344211,0.10135984482161776,0.4013041702181246,0.12127465325979564,1.6008163265306123,0.7038474331965849,-0.27660185181023517,-0.09829862445491536,0.09780449063696678,Trucking,Industrials,30.46,800732480,46196,ULH
2009,2009-12-31,2010-03-15,4900000.0,503230000.0,9019000.0,0.31,159918000.0,0.3177831210380939,201611000.0,154425000.0,89624000.0,40305000.0,47186000.0,0.0,59815000.0,289051200.0,9.662432736828933,2.223644709093165,0.0036208341806746656,0.004727213857859802,0.03551520476948842,9.662432736828933,0.031730613566456206,0.5748349661188721,59.035551020408164,1.873234256111381,3.2618367346938775,0.0,0.05525207571224809,2.4960443626587834,1.9855104825704006,0.02430422943192584,441.64,0.3177831210380939,-0.6666666666666667,-0.7236012883625217,-0.128223089687447,6.756110747176011,-0.23597899775931508,-0.6708316539029962,-0.6613218174990612,-0.7647819073243537,-0.2090228862616033,0.15831622092633665,Trucking,Industrials,30.46,800732480,46196,ULH
2008,2008-12-31,2009-03-13,14886000.0,759517000.0,26630000.0,0.93,209311000.0,0.27558435163399897,211547000.0,164477000.0,118113000.0,40040000.0,47070000.0,0.0,70898000.0,199646680.0,10.233123872332483,2.949875124875125,0.0038762071785466115,0.004985499492330235,0.0988741881524483,10.233123872332483,0.09050505541808278,0.2996558075724441,15.289109230149133,1.3837416781677683,0.0,0.0,0.0,3.5902990824733982,2.7014235764235766,0.07036734153639616,9.324170592814125,0.27558435163399897,-0.1621621621621622,0.0647850273971529,0.7055542293512391,2.257530349119878,0.7747394839705272,-0.16539582866113478,-0.04981088988796118,-0.17068973959684602,0.36709670320543175,0.3899514028690393,Trucking,Industrials,30.46,800732480,46196,ULH
TTM,,,,,,,,,,,,,,,,1101681480.0,17.818918610402953,2.035693571462328,0.3840475997733344,1.01305789677108,0.1140331343815417,17.818918610402953,0.35705998980677056,0.4151040958179194,5.283920634187234,1.7094191104401248,0.07296321476425899,0.0,0.013788575180564673,1.561557516392779,1.800871287469013,0.12264308265198737,8.484312869524677,0.17065337751530332,,,,,,,,,,,Trucking,Industrials,30.46,800732480,46196,ULH
