Quarters,Year,Quarter,FillingDate,Date,NetIncome,Revenue,OperatingIncome,EPSDiluted,GrossProfit,GrossProfitRatio,TotalAssets,CommonStockEquity,CurrentAssets,CurrentLiability,TotalLiability,Inventory,RetainedEarnings,MarketCap,EnterpriseValue,bookValuePerShare,currentRatio,debtToAssets,debtToEquity,roic,shareholdersEquityPerShare,roe,priceToSalesRatio,peRatio,pbRatio,payoutRatio,inventoryTurnover,dividendYield,assetTurnover,quickRatio,returnOnAssets,priceToFreeCashFlowsRatio,grossProfitMargin,epsdilutedGrowth,fiveYNetIncomeGrowthPerShare,fiveYRevenueGrowthPerShare,fiveYShareholdersEquityGrowthPerShare,grossProfitGrowth,netIncomeGrowth,operatingIncomeGrowth,threeYNetIncomeGrowthPerShare,threeYRevenueGrowthPerShare,threeYShareholdersEquityGrowthPerShare,Industry,Sector,Symbol
2023Q1,2023,Q1,2023-05-03,2023-03-31,-134500000.0,2819000000.0,-206900000.0,-0.55,2819000000.0,1.0,10517300000.0,10260800000.0,4640900000.0,20573200000.0,299400000000.0,0.0,16398800000.0,18089488000.0,18161388000.0,42.156121610517665,0.22557988062139095,0.44809979747653866,0.45930141899267113,-0.008745761167105086,42.156121610517665,-0.013108139716201466,6.416987584249734,-33.62358364312268,1.7629705286137531,-1.1561338289962826,0.0,0.008596152638482638,0.26803457161058447,4.605841580308362,-0.012788453310260238,27.247308329567705,1.0,-10.290540540540542,-1.402717359028801,0.16235292253714187,0.0010734144108684447,-0.09705317104420244,-9.67741935483871,-9.293532338308458,-1.5229191318442747,-0.30430416745495037,-0.11158888297008693,Insurance—Diversified,Financial Services,PFG
2022Q4,2022,Q4,2023-02-16,2022-12-31,15500000.0,3122000000.0,-20100000.0,0.0592,3122000000.0,1.0,303004800000.0,10001700000.0,10923900000.0,20536000000.0,292700000000.0,0.0,17042300000.0,21961864000.0,21191564000.0,38.21818876576232,0.5319390338917024,0.013457542586784103,0.40770069088254995,-0.00451593339581667,38.21818876576232,0.0015497365447873861,7.0345496476617555,354.2236129032258,2.195813111770999,10.07741935483871,0.0,0.007112328898858493,0.010303467139794485,4.579801324503311,5.115430514632111e-05,19.380395340628308,1.0,-0.9892363636363637,-0.9796381337260358,0.06632869828658963,-0.13922596337453277,-0.3214371101306266,-0.9888127029953085,-1.0115903586668205,-0.9461871305202973,-0.19414877102842173,-0.28523627007997276,Insurance—Diversified,Financial Services,PFG
2022Q3,2022,Q3,2022-11-02,2022-09-30,1385500000.0,4600900000.0,1734200000.0,5.5,4600900000.0,1.0,292343400000.0,9446200000.0,9849400000.0,20754700000.0,282600000000.0,0.0,17210900000.0,17893200000.0,17701100000.0,38.089516129032255,0.4745623882783177,0.013845019247911873,0.42847917681183967,0.10261630604815786,38.089516129032255,0.14667273612669646,3.889065182898998,3.2286539155539518,1.8942220152018805,0.11360519667989895,0.0,0.008796637828895892,0.015737998531863556,4.52323088264345,0.004739289479427276,15.745512143611405,1.0,-0.5393634840871021,0.994853670141184,0.1597515593001063,-0.08144968356098238,-0.30903930196584917,-0.5471334248545466,-0.5532600015456348,4.625000000000001,0.16095740624439253,-0.2821648586212021,Insurance—Diversified,Financial Services,PFG
2022Q2,2022,Q2,2022-08-09,2022-06-30,3059400000.0,6658700000.0,3881900000.0,11.94,6658700000.0,1.0,304547100000.0,11036800000.0,98663700000.0,66900000.0,293200000000.0,0.0,15985600000.0,16873437349.730001,18047937349.730003,43.68688232998331,1474.793721973094,0.014275624361551957,0.393918527109307,0.1990723087336022,43.68688232998331,0.2771999130182662,2.534043784782315,1.3788191597805126,1.5288342046363077,0.0528535006864091,0.0,0.009583109632524723,0.021864269927377406,1474.793721973094,0.0100457367678103,21.60768004831605,1.0,7.291666666666667,10.303970903954678,1.3957968126080436,0.13010631218669064,1.1410610932475884,7.0362490149724195,8.166233766233766,7.746285257450318,0.8510864162102026,-0.13153539654817384,Insurance—Diversified,Financial Services,PFG
2022Q1,2022,Q1,2022-05-04,2022-03-31,380700000.0,3110000000.0,423500000.0,1.44,3110000000.0,1.0,12189461900.0,11897600000.0,76529200000.0,279400000.0,291500000000.0,0.0,13090800000.0,19042554000.0,20861154000.0,45.865844255975325,273.90551181102364,0.37407721828967694,0.38325376546530393,0.02288923603267297,45.865844255975325,0.03199805002689618,6.1230077170418005,12.50496059889677,1.6005374193114579,0.4386656159705805,0.0,0.008769832029884227,0.255138415913175,273.90551181102364,0.031231895478503444,3121.7301639344264,1.0,-0.24210526315789474,0.21270893675530084,0.13349775344154316,0.24557256421828036,-0.23981325315929702,-0.24643705463182897,-0.2642460041695622,-0.04855775930390653,-0.1075104374871791,0.006964550836614783,Insurance—Diversified,Financial Services,PFG
2021Q4,2021,Q4,2022-02-11,2021-12-31,505200000.0,4091100000.0,575600000.0,1.9,4091100000.0,1.0,321214700000.0,16125800000.0,82328900000.0,79800000.0,288531400000.0,0.0,12884500000.0,19247013000.0,21275013000.0,60.60052611800075,1031.6904761904761,0.013573475933697928,0.2703741829862705,0.02330847747619197,60.60052611800075,0.03132867826712473,4.704605851726919,9.524452197149644,1.1935539942204418,0.3335312747426762,0.0,0.008754605195102221,0.012736341145034769,1031.6904761904761,0.0015727798260789434,17.644859735973597,1.0,0.4393939393939393,0.7212184382378592,0.26142903904161935,0.708283875492028,0.1949353039109735,0.4037232564601278,0.0,1.2373003520430175,0.13637514500576498,0.48282411142114207,Insurance—Diversified,Financial Services,PFG
2021Q3,2021,Q3,2021-10-28,2021-09-30,359900000.0,3423700000.0,0.0,1.32,3423700000.0,1.0,298908400000.0,16129200000.0,0.0,0.0,282779200000.0,0.0,12583900000.0,17136840000.000002,18345440000.0,60.61330326944758,0.0,0.014566335372308038,0.26994519256999727,0.0,60.61330326944758,0.022313567938893435,5.005356777755061,11.903889969435955,1.0624730302804852,0.4673520422339539,0.0,0.009815111770898251,0.011454010660121965,0.0,0.0012040477952442955,18.82548610348237,1.0,0.0,0.264292600035946,0.3153856442811806,0.6177248505667506,-0.032689156354184325,-0.005251520176893312,0.0,-0.15554025347914285,-0.1569685942555255,0.4758589243013824,Insurance—Diversified,Financial Services,PFG
2021Q2,2021,Q2,2021-07-29,2021-06-30,361800000.0,3539400000.0,0.0,1.32,3539400000.0,1.0,302165500000.0,16233100000.0,0.0,0.0,285874000000.0,0.0,12395000000.0,16998110000.0,18942910000.0,60.346096654275094,0.0,0.014436459489915295,0.2687225483733852,0.0,60.346096654275094,0.022287794691094123,4.802539978527434,11.74551547816473,1.0471265500736149,0.4566058595909342,0.0,0.009718727552651442,0.011713448424787078,0.0,0.0011973570774956109,17.525631508402927,1.0,-0.29411764705882354,0.2097738489735141,0.26066506100834097,0.6661745973765298,0.10313230481533427,-0.300328756526784,0.0,-0.15636733118719737,0.16490234697532646,0.48489360028389916,Insurance—Diversified,Financial Services,PFG
2021Q1,2021,Q1,2021-04-29,2021-03-31,517100000.0,3208500000.0,0.0,1.87,3208500000.0,1.0,295634600000.0,15405500000.0,0.0,0.0,280172300000.0,0.0,12199200000.0,16339100000.0,18699000000.0,56.533944954128444,0.0,0.014759436141777722,0.2832365064425043,0.0,56.533944954128444,0.033565934244263414,5.092441951067477,7.899390833494488,1.0606017331472526,0.29433378456778186,0.0,0.009315078553898317,0.010852924522366462,0.0,0.0017491186755542146,138.5843935538592,1.0,0.08615107913669069,0.5031377143996809,0.13028121142248048,0.6411373639786927,-0.14783139890042762,0.09415996614473128,0.0,0.38295061212136616,0.1816777193645558,0.3425008549938682,Insurance—Diversified,Financial Services,PFG
2020Q4,2020,Q4,2021-02-12,2020-12-31,472600000.0,3765100000.0,0.0,1.7216757741347906,3765100000.0,1.0,296627700000.0,16558900000.0,0.0,0.0,280010400000.0,0.0,11838000000.0,13617945000.0,15132045000.0,60.32386156648452,0.0,0.014711707638902234,0.26353803694689865,0.0,60.32386156648452,0.028540543152020967,3.6168879976627446,7.203737304274227,0.8223943015538472,0.32522217520101565,0.0,0.011286578114392444,0.012693015520802675,0.0,0.0015932429776450412,22.60990370247385,1.0,1.0255009107468125,0.9789766883292249,0.42439458211094694,0.8884408315037413,0.13725194067719818,1.0025423728813558,0.0,-0.40811003916059824,0.22601585948963177,0.3586518749924603,Insurance—Diversified,Financial Services,PFG
2020Q3,2020,Q3,2020-10-29,2020-09-30,236000000.0,3310700000.0,0.0,0.85,3310700000.0,1.0,278484800000.0,15650900000.0,0.0,0.0,262763700000.0,0.0,11521400000.0,11054115000.0,11853015000.0,57.016029143897995,0.0,0.015640350927591022,0.27829709473576597,0.0,57.016029143897995,0.015079005041243635,3.338905669495877,11.709867584745764,0.7062926093707071,0.6512711864406779,0.0,0.013904324317233898,0.011888261046922489,0.0,0.0008474430202294704,10.755122591943959,1.0,-0.41379310344827586,-0.1600028134921501,0.09224472210012052,0.7394680575173395,0.06296153599178064,-0.4074817976399699,0.0,-0.6930088547701685,-0.24603474637439016,0.37497392812257757,Insurance—Diversified,Financial Services,PFG
2020Q2,2020,Q2,2020-07-29,2020-06-30,398300000.0,3114600000.0,0.0,1.45,3114600000.0,1.0,271309400000.0,15243100000.0,0.0,0.0,255998400000.0,0.0,11441400000.0,11381960000.0,12471260000.0,55.63175182481752,0.0,0.015626808359754583,0.2781389612349194,0.0,55.63175182481752,0.026129855475592236,3.6543890066140112,7.144087371328145,0.7466958820712322,0.3853878985689179,0.0,0.013486253685656953,0.011479882377831362,0.0,0.0014680656107012879,26.55613625758283,1.0,0.39423076923076916,0.6630067835607741,0.02782893746707806,0.6913237112647495,-0.31566805088655986,0.3786777431637245,0.0,0.35689621829416396,0.03324751720781738,0.4391000351169655,Insurance—Diversified,Financial Services,PFG
2020Q1,2020,Q1,2020-04-29,2020-03-31,288900000.0,4551300000.0,0.0,1.04,4551300000.0,1.0,246903900000.0,12972600000.0,0.0,0.0,233931300000.0,0.0,11198800000.0,8567997971.84,8860997971.84,47.4511414844196,0.0,0.015292184530094502,0.29105190940906217,0.0,47.4511414844196,0.02227001526293881,1.8825386091534286,7.414328462997577,0.6604688321415907,0.5316718587746625,0.0,0.01792717511194905,0.018433487684884686,0.0,0.0011700908734126921,5.4535026235376485,1.0,-0.05508767351279496,-0.2634858837168622,0.8443881290332679,0.34031969499099374,0.12455524807274165,-0.03988035892323031,0.0,-0.12680578078854726,0.5739297581140046,0.28862426785337086,Insurance—Diversified,Financial Services,PFG
2019Q4,2019,Q4,2020-02-14,2019-12-31,300900000.0,4047200000.0,0.0,1.1006312129150562,4047200000.0,1.0,276087800000.0,14618000000.0,0.0,0.0,261402000000.0,0.0,11074300000.0,15036371680.0,16347971680.0,53.469681191067764,0.0,0.013863343472619942,0.26183472431249144,0.0,53.469681191067764,0.020584211246408537,3.7152529353627197,12.492831239614489,1.0286203092078259,0.5064805583250249,0.0,0.010135423840493945,0.014659104821002595,0.0,0.0010898706860643606,15.125612795493412,1.0,0.12309307440311856,0.16065846241742016,0.4961649875442387,0.5430812354727824,-0.09223039655481788,0.08588957055214724,0.0,-0.002163589045878293,0.21462413764975555,0.5072706469336812,Insurance—Diversified,Financial Services,PFG
2019Q3,2019,Q3,2019-10-30,2019-09-30,277100000.0,4458400000.0,0.0,0.98,4458400000.0,1.0,270238400000.0,14804200000.0,0.0,0.0,255365600000.0,0.0,10927800000.0,15942060000.0,16604060000.0,53.06164874551971,0.0,0.014283684332056436,0.2607368179300469,0.0,53.06164874551971,0.018717661204252847,3.5757356899336084,14.38294839408156,1.0768606206346847,0.5521472392638037,0.0,0.0095972540562512,0.016498025447160728,0.0,0.0010253909140965902,9.090528596681303,1.0,-0.28467153284671537,0.17155714534633387,0.8885428303365206,0.510110122880519,0.12228767054322107,-0.28268185348174996,0.0,-0.07158329437431812,0.6337180083996633,0.4161766997928806,Insurance—Diversified,Financial Services,PFG
2019Q2,2019,Q2,2019-07-31,2019-06-30,386300000.0,3972600000.0,0.0,1.37,3972600000.0,1.0,267918000000.0,14034700000.0,0.0,0.0,253816000000.0,0.0,10805800000.0,16382880000.0,16906180000.0,50.30358422939068,0.0,0.014329757612403795,0.27355055683413254,0.0,50.30358422939068,0.027524635368052042,4.123969188944268,10.602433341962204,1.1673124470063485,0.3893347139528864,0.0,0.009180315060599846,0.014827671153114012,0.0,0.0014418590762845349,11.175225102319237,1.0,-0.10457516339869276,0.2930448176782487,0.6048386478021278,0.42083034153655924,0.06108603328080344,-0.10141893463596185,0.0,0.2453987191078461,0.3642469297960377,0.3888976892768706,Insurance—Diversified,Financial Services,PFG
2019Q1,2019,Q1,2019-05-02,2019-03-31,429900000.0,3743900000.0,0.0,1.53,3743900000.0,1.0,259419900000.0,12694400000.0,0.0,0.0,246657700000.0,0.0,10571900000.0,14486826000.0,15537426000.0,45.54861858629351,0.0,0.012760393477909752,0.2607685278548021,0.0,45.54861858629351,0.033865326443156034,3.869447901920457,8.424532449406838,1.141198166120494,0.3493835775761805,0.0,0.010368040590809884,0.014431814984124195,0.0,0.0016571589149483134,12.630188317349608,1.0,0.8030063424947147,0.5113516797633645,0.6031678530980848,0.34896037984217093,-0.007081101151010449,0.8177589852008457,0.0,0.22185935086816108,0.2895501694303778,0.32224170629227983,Insurance—Diversified,Financial Services,PFG
2018Q4,2018,Q4,2019-02-13,2018-12-31,236500000.0,3770600000.0,0.0,0.8485827054180122,3770600000.0,1.0,243036100000.0,11390000000.0,0.0,0.0,231580100000.0,0.0,10290200000.0,12310179000.0,12635179000.0,40.868317186939365,0.0,0.0135885162739198,0.28994732221246705,0.0,40.868317186939365,0.020763827919227394,3.2647798758818225,13.012874207188162,1.08078832309043,0.6431289640591966,0.0,0.012355628622459511,0.015514567588930205,0.0,0.0009731064644305928,8.646610240921543,1.0,-0.4663001852716905,0.0,0.0,0.2601226236571006,-0.1328166325521492,-0.4817006355467894,0.0,-0.02459834925334957,0.4049783788005511,0.27938425834366004,Insurance—Diversified,Financial Services,PFG
2018Q3,2018,Q3,2018-10-31,2018-09-30,456300000.0,4348100000.0,0.0,1.59,4348100000.0,1.0,258758300000.0,11700800000.0,0.0,0.0,246989600000.0,0.0,10207900000.0,16695140000.0,17050040000.0,41.06984906984907,0.0,0.012682105269666712,0.28045945576370845,0.0,41.06984906984907,0.03899733351565705,3.8396403026609325,9.147019504711812,1.4268374811978668,0.3302651764190226,0.0,0.0090265789924493,0.016803712190101728,0.0,0.0017634216950721967,8.16029131433599,1.0,0.006329113924050638,0.853936712936319,1.002793631164769,0.3009170375957753,0.34412192030665556,-0.000657030223390276,0.0,0.5648265165575419,0.38213208610320537,0.2529755519059386,Insurance—Diversified,Financial Services,PFG
2018Q2,2018,Q2,2018-08-01,2018-06-30,456600000.0,3234900000.0,0.0,1.58,3234900000.0,1.0,252104000000.0,11639300000.0,0.0,0.0,240397500000.0,0.0,9904300000.0,15164880000.0,16107280000.0,40.640013966480446,0.0,0.013027956716275822,0.28218191815659016,0.0,40.640013966480446,0.03922916326583214,4.687897616618752,8.303153745072274,1.3029030955469831,0.3252299605781866,0.0,0.009792362353015652,0.01283160917716498,0.0,0.001811157300161838,17.34913625443313,1.0,0.16176470588235292,1.0319039595517159,0.5016795504595178,0.2838424774543289,0.12182688306283812,0.14983631327121633,0.0,0.8238838201360212,0.02130855662903877,0.23554295870610795,Insurance—Diversified,Financial Services,PFG
2018Q1,2018,Q1,2018-05-02,2018-03-31,397100000.0,2883600000.0,0.0,1.36,2883600000.0,1.0,253636500000.0,12186900000.0,0.0,0.0,241380700000.0,0.0,9598300000.0,17627354000.0,18566354000.0,42.110919143054595,0.0,0.012910996642833347,0.26870656196407616,0.0,42.110919143054595,0.03258416824623161,6.112967818005271,11.097553512969025,1.4464182031525654,0.37093930999748176,0.0,0.008356330734607134,0.011369026145684868,0.0,0.0015656263984087464,24.465446217904233,1.0,-0.5324495129484438,1.1579162582842195,0.34880687126104176,0.2702222000758889,-0.10936776106495352,-0.5282727488714659,0.0,-0.043653536051600945,0.10391010345053306,0.18947811445467289,Insurance—Diversified,Financial Services,PFG
2017Q4,2017,Q4,2018-02-09,2017-12-31,841800000.0,3237700000.0,0.0,2.9087767795438837,3237700000.0,1.0,253941200000.0,12849300000.0,0.0,0.0,241019300000.0,0.0,9482900000.0,20420064000.0,21167164000.0,44.39979267449896,0.0,0.012671831116809718,0.25043387577533405,0.0,44.39979267449896,0.06551329644416427,6.306966056150971,6.06440484675695,1.5891966099320587,0.1680921834164885,0.0,0.006929459182889926,0.01274980192264981,0.0,0.003314940624049977,38.68901856763926,1.0,0.053904630269523156,2.766410832216805,0.4316501459754903,0.3374747865077917,-0.30038031029863,0.039002715378918786,0.0,2.0674183548903744,0.1306892479721361,0.281333372646823,Insurance—Diversified,Financial Services,PFG
2017Q3,2017,Q3,2017-11-01,2017-09-30,810200000.0,4627800000.0,0.0,2.76,4627800000.0,1.0,247933600000.0,11996400000.0,0.0,0.0,235866300000.0,0.0,8784600000.0,18613562000.0,19052762000.0,41.46698928447978,0.0,0.013044621624499464,0.2695975459304458,0.0,41.46698928447978,0.06753692774499016,4.0221189334024805,5.743508392989386,1.5515956453602748,0.16761293507775857,0.0,0.007295755643116561,0.01866548140308534,0.0,0.0032678104137559413,10.513760732037957,1.0,1.60377358490566,3.434084806198441,0.7595192279072376,0.25529680103105923,0.45606141648050846,1.6177705977382875,0.0,2.3035049343277025,0.8905064350265538,0.1801314464273645,Insurance—Diversified,Financial Services,PFG
2017Q2,2017,Q2,2017-08-02,2017-06-30,309500000.0,3178300000.0,0.0,1.06,3178300000.0,1.0,240153900000.0,11168100000.0,0.0,0.0,228915900000.0,0.0,8112200000.0,18509822999.999996,19672222999.999996,38.65732087227414,0.0,0.013194872121585367,0.283736714391884,0.0,38.65732087227414,0.027712860737278498,5.823812415442216,14.951391760904682,1.6573833507937785,0.42875605815831985,0.0,0.007169166339408001,0.013234430088372497,0.0,0.0012887569179596916,14.85658800866843,1.0,-0.10924369747899151,0.7829490868110537,0.5676947037230807,0.23856698943397997,0.04227061061192366,-0.11292633992548008,0.0,0.00047487048336661075,0.23996117096499325,0.09188033535293343,Insurance—Diversified,Financial Services,PFG
2017Q1,2017,Q1,2017-05-03,2017-03-31,348900000.0,3049400000.0,0.0,1.19,3049400000.0,1.0,235496000000.0,10616100000.0,0.0,0.0,224811100000.0,0.0,7937400000.0,18194613000.0,19845613000.0,36.823100936524455,0.0,0.0135276183034956,0.3000819509989544,0.0,36.823100936524455,0.032865176477237405,5.966620646684594,13.037125967325883,1.7138697826885578,0.37259959873889364,0.0,0.007144971976045877,0.012948839895369773,0.0,0.0014815538268165914,37.9766499686913,1.0,0.07885849056603772,0.7365211786125264,0.5185230328535484,0.18314889339984494,-0.13216460811656897,0.09716981132075472,0.0,0.18574522302214308,0.26229679018055324,0.09054688743619113,Insurance—Diversified,Financial Services,PFG
2016Q4,2016,Q4,2017-02-08,2016-12-31,318000000.0,3513800000.0,0.0,1.1030176899063475,3513800000.0,1.0,228014300000.0,10227300000.0,0.0,0.0,217720500000.0,0.0,7720400000.0,16681038000.0,17138538000.0,35.47450572320499,0.0,0.013933775206204172,0.3106489493805794,0.0,35.47450572320499,0.031093250417998885,4.7472929591894815,13.114023584905661,1.6310304772520607,0.38930817610062896,0.0,0.0074216005023188605,0.015410436976979075,0.0,0.0013946493706754356,18.855022041369956,1.0,0.04058272632674289,0.926279877497504,0.7811407394454639,0.10763502875504631,0.2469127040454223,0.0317975340687865,0.0,0.0,0.0,0.0938113018059323,Insurance—Diversified,Financial Services,PFG
2016Q3,2016,Q3,2016-11-02,2016-09-30,308200000.0,2818000000.0,0.0,1.06,2818000000.0,1.0,230367600000.0,10794600000.0,0.0,0.0,219503800000.0,0.0,7528100000.0,14840031000.0,15939931000.0,37.46824019437695,0.0,0.014403501186798838,0.30738517406851573,0.0,37.46824019437695,0.028551312693383728,5.266157203690561,12.037663043478261,1.3747643266077483,0.3825438027255029,0.0,0.007944727339181435,0.012232622990385801,0.0,0.0013378617479194123,19.34058516877362,1.0,-0.03636363636363639,3.640618429989973,0.4605493858187618,0.1709411657591627,-0.06864527216842384,-0.043748060812907226,0.0,0.23830110737609558,0.2835915745603155,0.1868334834807064,Insurance—Diversified,Financial Services,PFG
2016Q2,2016,Q2,2016-08-03,2016-06-30,322300000.0,3025700000.0,0.0,1.1,3025700000.0,1.0,223074200000.0,10499700000.0,0.0,0.0,212506500000.0,0.0,7339600000.0,11917789000.0,12958489000.0,36.218351155570886,0.0,0.014775801056330137,0.31392325495014145,0.0,36.218351155570886,0.03069611512709887,3.938853488448954,9.244329041265901,1.1350599540939266,0.3499844865032578,0.0,0.009464842849625883,0.013563648328672701,0.0,0.001444810740103517,9.934802434144714,1.0,-0.11999999999999993,0.33595214634334014,0.4260696509205889,0.11417511389731819,-0.003589540933939274,-0.12418478260869566,0.0,0.4169429779147459,0.387608879503619,0.14415949057573402,Insurance—Diversified,Financial Services,PFG
2016Q1,2016,Q1,2016-05-04,2016-03-31,368000000.0,3036600000.0,0.0,1.25,3036600000.0,1.0,217570000000.0,10041600000.0,0.0,0.0,207460400000.0,0.0,7131800000.0,11499675000.0,12748475000.0,34.44802744425386,0.0,0.01558900583720182,0.3377648980242193,0.0,34.44802744425386,0.036647546207775654,3.7870233155502864,7.812279211956522,1.1452034536328872,0.3,0.0,0.00960027131201534,0.013956887438525531,0.0,0.0016914096612584456,13.508369552449196,1.0,0.4368099369085173,0.983474734427357,0.5078075273574785,0.08643362694243646,0.08179551122194513,0.45110410094637227,0.0,0.9853747143139627,0.4101402477433849,0.039080839339304105,Insurance—Diversified,Financial Services,PFG
2015Q4,2015,Q4,2016-02-10,2015-12-31,253600000.0,2807000000.0,0.0,0.8699828473413379,2807000000.0,1.0,218685900000.0,9311600000.0,0.0,0.0,209308500000.0,0.0,6875900000.0,13111670000.0,14018770000.0,31.943739279588335,0.0,0.015876195035893947,0.3728575110614717,0.0,31.943739279588335,0.02723484685768289,4.671061631635197,12.92554219242902,1.4081006486532925,0.43690851735015773,0.0,0.008450487237705038,0.012835761244780756,0.0,0.0011596540974978268,12.930641025641025,1.0,-0.13863084421649713,0.34646189234475844,0.304092382159066,0.05507138618513256,-0.13388256348545158,-0.15579227696404793,0.0,0.1264916727584182,0.2322609242204222,-0.03774447357348846,Insurance—Diversified,Financial Services,PFG
2015Q3,2015,Q3,2015-10-28,2015-09-30,300400000.0,3240900000.0,0.0,1.01,3240900000.0,1.0,215365400000.0,9620300000.0,0.0,0.0,205679600000.0,0.0,6734700000.0,13894290000.000002,14887790000.000002,32.777853492333904,0.0,0.016287203051186496,0.3646144091140609,0.0,32.777853492333904,0.031225637454133447,4.2871702304915305,11.563157456724369,1.4442678502749395,0.3725033288948069,0.0,0.008053668089553333,0.015048378244601965,0.0,0.001394838725254846,11.808847526772057,1.0,0.2469135802469135,1.1797210844901953,0.5454805618344295,0.0609616970940881,-0.005614874815905744,0.16614906832298137,0.0,0.6205111095194531,0.2145779550002838,-0.007742415266411965,Insurance—Diversified,Financial Services,PFG
2015Q2,2015,Q2,2015-07-29,2015-06-30,257600000.0,3259200000.0,0.0,0.81,3259200000.0,1.0,222270700000.0,9693400000.0,0.0,0.0,212508100000.0,0.0,6547900000.0,15115163000.0,16193263000.0,32.89243298269427,0.0,0.015037969466960783,0.3448222501908515,0.0,32.89243298269427,0.026574782841933688,4.637691151202749,14.669218749999999,1.5593252109682876,0.4670031055900621,0.0,0.007958895315915548,0.014663201222653278,0.0,0.0011589471756736267,10.409891873278237,1.0,-0.4172661870503596,0.9662851391209567,0.5849338796289364,0.17911056585032026,0.22650810973544575,-0.39015151515151514,0.0,0.4547606763965673,0.575959385180865,0.053862005314336554,Insurance—Diversified,Financial Services,PFG
2015Q1,2015,Q1,2015-04-29,2015-03-31,422400000.0,2657300000.0,0.0,1.39,2657300000.0,1.0,222494900000.0,10422600000.0,0.0,0.0,212002800000.0,0.0,6420400000.0,15123328000.0,16213128000.0,35.40285326086956,0.0,0.011424082080083633,0.2438738894325792,0.0,35.40285326086956,0.04052731564101088,5.691238475143943,8.950833333333334,1.4510129910003262,0.27107007575757575,0.0,0.00757108488290408,0.011943195102449539,0.0,0.001898470481795313,25.28561778966728,1.0,0.5274725274725273,1.3057461219139175,0.274984246572054,0.323324193841003,-0.08621045392022009,0.5156081808396125,0.0,1.0587796230640043,0.29584904184048766,0.1375154615848168,Insurance—Diversified,Financial Services,PFG
2014Q4,2014,Q4,2015-02-11,2014-12-31,278700000.0,2908000000.0,0.0,0.91,2908000000.0,1.0,219087000000.0,10184000000.0,0.0,0.0,208855000000.0,0.0,6114100000.0,15265166000.0,15960466000.0,34.65124191902007,0.0,0.011681204270449639,0.25129615082482326,0.0,34.65124191902007,0.027366457187745483,5.249369325997249,13.693188015787584,1.498936174391202,0.38823107283817726,0.0,0.0070880329765166,0.013273265871548746,0.0,0.0012720973859699572,17.213764095624718,1.0,0.18181818181818182,1.0190445856698271,0.41742882924548536,0.40387244767246716,0.17055106066095077,0.11972679791080755,0.0,0.6560532333102351,0.44597457679634844,0.08192992564419833,Insurance—Diversified,Financial Services,PFG
2014Q3,2014,Q3,2014-10-29,2014-09-30,248900000.0,2484300000.0,0.0,0.77,2484300000.0,1.0,216422800000.0,10316400000.0,0.0,0.0,206053800000.0,0.0,5945200000.0,15405192000.0,16789892000.0,35.13760217983651,0.0,0.01226996416274071,0.2574056841533868,0.0,35.13760217983651,0.02412663332170137,6.2010192005796405,15.473274407392527,1.4932720716529022,0.43431096826034554,0.0,0.007017114749365019,0.011478919965918563,0.0,0.0011500636716649077,19.350825273206883,1.0,-0.2524271844660194,0.40237261333186447,0.18930034033841328,0.49325567083327765,-0.04695592127977903,-0.20883661792752703,0.0,2.6775224255607815,0.2634745664433747,0.09810507899472042,Insurance—Diversified,Financial Services,PFG
2014Q2,2014,Q2,2014-07-30,2014-06-30,314600000.0,2606700000.0,0.0,1.03,2606700000.0,1.0,218322300000.0,10401800000.0,0.0,0.0,207863000000.0,0.0,5816300000.0,14831024000.0,15766724000.0,35.40435670524166,0.0,0.012266268722892715,0.2574554404045454,0.0,35.40435670524166,0.03024476532907766,5.689578394138183,11.785619834710742,1.425813224634198,0.3515575333757152,0.0,0.00745734077431201,0.011939687333817938,0.0,0.0014409888499708917,19.974443097643096,1.0,0.08421052631578956,0.9572754968808938,0.1920000869453236,0.8021707769436643,0.05168240135560397,0.042066909572706195,0.0,0.28672499908613297,0.21227834686568237,0.08913442787846139,Insurance—Diversified,Financial Services,PFG
2014Q1,2014,Q1,2014-04-30,2014-03-31,301900000.0,2478600000.0,0.0,0.95,2478600000.0,1.0,211193900000.0,9987900000.0,0.0,0.0,201136000000.0,0.0,5605300000.0,13603842000.0,14875542000.0,33.7657200811359,0.0,0.01261778867666159,0.2668028314260255,0.0,33.7657200811359,0.03022657415472722,5.488518518518519,11.265188804239815,1.3620322590334304,0.27393176548526,0.0,0.00607916498883183,0.011736134424337066,0.0,0.0014294920449880418,25.122515235457065,1.0,0.15853658536585366,1.1930721561922004,-0.004559677576911186,2.3398338359184874,0.0,0.0,0.0,0.6035494477700024,0.21284458680651552,0.06491478484323748,Insurance—Diversified,Financial Services,PFG
2013Q4,2013,Q4,2014-02-12,2013-12-31,0.0,0.0,0.0,0.82,0.0,1.0,208191400000.0,9684200000.0,0.0,0.0,198414400000.0,0.0,5405400000.0,14723966000.0,15104166000.0,32.43201607501675,0.0,0.013218605571603823,0.2841742219285021,,32.43201607501675,0.0,0.0,0.0,1.5204111852295492,0.0,0.0,0.005772901132751869,0.0,0.0,0.0,18.718492245105516,0.0,0.0,-1.0,-1.0,2.4100308069817027,-1.0,-1.0,0.0,-1.0,-1.0,0.0711987052471146,Insurance—Diversified,Financial Services,PFG
2013Q3,2013,Q3,2013-10-30,2013-09-30,253900000.0,2239600000.0,0.0,0.82,2239600000.0,1.0,201687400000.0,9278400000.0,0.0,0.0,192314000000.0,0.0,5249900000.0,12584798000.0,13646498000.0,31.569921742089146,0.0,0.013728175384282806,0.2984135195723401,0.0,31.569921742089146,0.02736463183307467,5.619216824432934,12.391490744387553,1.356354328332471,0.3662859393461993,0.0,0.007389868315725051,0.011104312911961779,0.0,0.0012588788392333878,20.853020712510357,1.0,0.09333333333333327,1.280588652897142,-0.2083183592851263,0.4596434258760883,0.01311861033203655,0.101040763226366,0.0,0.8398067894710171,0.06653937765814745,0.02186306240120793,Insurance—Diversified,Financial Services,PFG
2013Q2,2013,Q2,2013-07-31,2013-06-30,230600000.0,2210600000.0,0.0,0.75,2210600000.0,1.0,196512700000.0,9303400000.0,0.0,0.0,187103800000.0,0.0,5125200000.0,11115298000.0,12758698000.0,31.654984688669614,0.0,0.014013852539810405,0.2960100608379732,0.0,31.654984688669614,0.024786637143409937,5.028181489188456,12.050409800520383,1.1947565406195584,0.32870771899392887,0.0,0.0068194303022734975,0.011249145729512647,0.0,0.0011734610536621806,63.22695108077361,1.0,0.23373525686368057,0.15116196177696972,-0.26685422029847794,0.2389623004628917,0.020261226750357686,0.23646112600536193,0.0,0.764982854705314,0.07793072926974556,0.13475117294844544,Insurance—Diversified,Financial Services,PFG
2013Q1,2013,Q1,2013-05-01,2013-03-31,186500000.0,2166700000.0,0.0,0.60791,2166700000.0,1.0,200762900000.0,9723600000.0,0.0,0.0,190936300000.0,0.0,4971700000.0,9866612000.0,11042412000.0,33.15240368223662,0.0,0.014131096930757625,0.29176436710683284,0.0,33.15240368223662,0.01918013904315274,4.553750865371302,13.22602144772118,1.0147077214200502,0.36246648793565683,0.0,0.006851389311751592,0.01079233264711757,0.0,0.0009289564954481132,16.55749622419869,1.0,-0.17850000000000005,-0.09360962071048749,-0.23193411743109482,0.25979230899599837,-0.05627422797160155,-0.17805200528867343,0.0,0.021861780775682033,0.043491119091994365,0.23920457917378904,Insurance—Diversified,Financial Services,PFG
2012Q4,2012,Q4,2013-02-13,2012-12-31,226900000.0,2295900000.0,0.0,0.74,2295900000.0,1.0,161926500000.0,9753200000.0,0.0,0.0,152153300000.0,0.0,4940200000.0,8379176000.0,6914076000.0,33.196732471068756,0.0,0.01674895708855561,0.27807283763277696,0.0,33.196732471068756,0.02326415945535824,3.649625854784616,9.232234464521817,0.8591206988475577,0.34464521815777877,0.0,0.009332659917872594,0.014178655130568499,0.0,0.0014012530376436223,11.903929535445375,1.0,0.23333333333333336,3.735765570212055,-0.20773253597019894,0.1629613757599844,-0.15114430435907864,0.20755721128259713,0.0,0.6443385220885426,0.11945753052788129,0.3449439468230555,Insurance—Diversified,Financial Services,PFG
2012Q3,2012,Q3,2012-10-31,2012-09-30,187900000.0,2704700000.0,0.0,0.6,2704700000.0,1.0,159193300000.0,9827500000.0,0.0,0.0,149286400000.0,0.0,4784300000.0,8002750000.0,7932250000.0,33.03361344537815,0.0,0.013873071291316909,0.22472653268888323,0.0,33.03361344537815,0.019119816840498603,2.958830923947203,10.647618414050026,0.8143220554566267,0.37200638637573175,0.0,0.008734497516478711,0.01699003664098929,0.0,0.0011803260564357922,9.296875,1.0,0.04644652919847421,-0.3067477825021401,-0.15777135569047201,0.10826013174981367,0.2766449542150477,0.03583241455347299,0.0,0.044802941394287255,0.27783766777203756,0.4038416837029271,Insurance—Diversified,Financial Services,PFG
2012Q2,2012,Q2,2012-08-01,2012-06-30,181400000.0,2118600000.0,0.0,0.573369,2118600000.0,1.0,152050700000.0,9422700000.0,0.0,0.0,142555300000.0,0.0,4667100000.0,7918837000.0,8112037000.0,31.21132825438887,0.0,0.012099911411128,0.19525189170832138,0.0,31.21132825438887,0.019251382300189968,3.7377688095912394,10.913501929437707,0.8403999915098644,0.2960308710033076,0.0,0.006781298819510997,0.013933510335697237,0.0,0.001193023116631492,13.356108955979085,1.0,-0.13125909090909094,-0.4869457150616851,-0.33955467652833554,0.041424517513264134,0.010830669402166133,-0.13495469718645683,0.0,0.09829549465407598,-0.057192819438025774,0.5887350858525309,Insurance—Diversified,Financial Services,PFG
2012Q1,2012,Q1,2012-05-02,2012-03-31,209700000.0,2095900000.0,0.0,0.66,2095900000.0,1.0,153738200000.0,9364900000.0,0.0,0.0,143986300000.0,0.0,4548500000.0,8879559000.0,8899659000.0,31.122964440013295,0.0,0.010875631430574835,0.17853901269634487,0.0,31.122964440013295,0.02239212378135378,4.236632950045327,10.586026466380543,0.9481744599515212,0.29804482594182163,0.0,0.007038637842262211,0.013632916217309686,0.0,0.0013640071237987696,10.040206919945726,1.0,0.15260591990713865,-0.2964907106798714,-0.2989473101109563,0.028138511667825408,0.01792132102962603,0.2170632617527568,0.0,0.49749099808013975,-0.17252415891926398,2.0784336735918196,Insurance—Diversified,Financial Services,PFG
2011Q4,2011,Q4,2012-02-15,2011-12-31,172300000.0,2059000000.0,0.0,0.5726154868727152,2059000000.0,1.0,148298000000.0,9637000000.0,0.0,0.0,138285000000.0,0.0,5077500000.0,7402140000.0,6238240000.0,32.02725157859754,0.0,0.011261109387854186,0.17329044308394728,0.0,32.02725157859754,0.017879007990038394,3.595016998542982,10.740191526407429,0.7680958804607243,1.2884503772489844,0.0,0.029991326832510594,0.013884206125504053,0.0,0.0011618497889384887,9.211224489795919,1.0,1.863077434363576,-0.4755349347534232,-0.2928463468043358,0.09114826905571377,-0.014266564534661049,1.3963838664812238,0.0,185.10003323363244,-0.21940624831950856,2.367472262388936,Insurance—Diversified,Financial Services,PFG
2011Q3,2011,Q3,2011-11-02,2011-09-30,71900000.0,2088800000.0,0.0,0.2,2088800000.0,1.0,143302300000.0,9980300000.0,0.0,0.0,133012900000.0,0.0,5130300000.0,7070773000.000001,7280773000.000001,31.998396922090414,0.0,0.011473646968680893,0.1647445467571115,0.0,31.998396922090414,0.007204192258749737,3.3850885675986215,24.585441585535467,0.7084729917938339,0.11404728789986092,0.0,0.001159703472307766,0.0145761791680943,0.0,0.000501736538771534,82.40994172494173,1.0,-0.7500000000000001,-0.759967918543109,-0.2588975259380293,0.12331089311254666,-0.10811272416737831,-0.7300037551633496,0.0,-0.39144846813919343,-0.3042372318098407,0.4794540856790903,Insurance—Diversified,Financial Services,PFG
2011Q2,2011,Q2,2011-08-03,2011-06-30,266300000.0,2342000000.0,0.0,0.8,2342000000.0,1.0,149278400000.0,10402200000.0,0.0,0.0,138610800000.0,0.0,5066600000.0,9734400000.0,9254800000.0,32.506875,0.0,0.011321128843824692,0.16246563227009672,0.0,32.506875,0.025600353771317606,4.156447480785653,9.138565527600452,0.9358020418757571,0.031167855801727377,0.0,0.0008526462853385929,0.015688806953986646,0.0,0.0017839151545032638,16.91174426685198,1.0,0.3333333333333335,0.03976512089950861,-0.18282341137834918,0.2983212868033843,0.05505000450491035,0.30220048899755503,0.0,0.22095006370328416,-0.28662699383041157,0.2723049158597562,Insurance—Diversified,Financial Services,PFG
2011Q1,2011,Q1,2011-05-04,2011-03-31,204500000.0,2219800000.0,0.0,0.6,2219800000.0,1.0,147549700000.0,10187600000.0,0.0,0.0,137176900000.0,0.0,4808600000.0,10316943000.0,10019343000.0,31.70743853096794,0.0,0.011430724698186442,0.16555420314892613,0.0,31.70743853096794,0.020073422592170875,4.647690332462384,12.612399755501222,1.0126961207742746,0.040097799511002445,0.0,0.0007948090824966271,0.015044422320072491,0.0,0.0013859736753107598,8.659512338425381,1.0,-0.07138728323699431,-0.39341304125370236,-0.19089201674074602,0.16877773227488405,-0.06436248682824025,-0.014932562620423893,0.0,-0.09274138505304654,-0.28168509953845355,0.2048835910103133,Insurance—Diversified,Financial Services,PFG
2010Q4,2010,Q4,2011-02-16,2010-12-31,207600000.0,2372500000.0,0.0,0.646125116713352,2372500000.0,1.0,145631100000.0,9727800000.0,0.0,0.0,135746100000.0,0.0,4612300000.0,10461528000.0,10275728000.0,30.276377217553687,0.0,0.011615650777890162,0.1738933777421411,0.0,30.276377217553687,0.021340899278356876,4.409495468914647,12.598179190751445,1.0754258928020726,0.888728323699422,0.0,0.01763604704781175,0.016291163082610787,0.0,0.001425519686385669,12.277347729139771,1.0,0.4684661743485274,-0.2908370762536989,-0.15415423986405724,0.0862221906267374,0.0367052654577234,0.3803191489361702,0.0,2.962087979846027,-0.2513718730272811,0.060654307849139444,Insurance—Diversified,Financial Services,PFG
2010Q3,2010,Q3,2010-11-03,2010-09-30,150400000.0,2288500000.0,0.0,0.44,2288500000.0,1.0,143456600000.0,9895500000.0,0.0,0.0,133422300000.0,0.0,4591600000.0,8302176000.000001,7747576000.000001,30.89447393068998,0.0,0.011949258521392532,0.17323025617705018,0.0,30.89447393068998,0.015198827749987367,3.627780642342146,13.800159574468086,0.8389849931787177,0.05452127659574468,0.0,0.000987692865099463,0.01595255986828072,0.0,0.0010484007009785537,18.76622061482821,1.0,0.047619047619047665,-0.40074411779521874,-0.09819600921827815,0.10901817933016164,0.024579154727793696,0.05692199578355587,0.0,-0.48460244379522055,-0.33810080197066955,0.03649314070296404,Insurance—Diversified,Financial Services,PFG
2010Q2,2010,Q2,2010-08-04,2010-06-30,142300000.0,2233600000.0,0.0,0.42,2233600000.0,1.0,136596500000.0,8929500000.0,0.0,0.0,127524800000.0,0.0,4474800000.0,7503144000.0,7374744000.0,27.89597000937207,0.0,0.012437361132971928,0.19025701327061986,0.0,27.89597000937207,0.015935942661963156,3.3592156160458453,13.181911454673227,0.8402647404669915,0.05832747716092762,0.0,0.0011062029463915393,0.016351809892640002,0.0,0.0010417543641308526,9.076017902503931,1.0,-0.288135593220339,-0.46439930348916447,-0.08736537803490912,0.02257154263927178,-0.01342756183745583,-0.28492462311557787,0.0,-0.6204155827985908,-0.34329436748007347,-0.06919862971581067,Insurance—Diversified,Financial Services,PFG
2010Q1,2010,Q1,2010-05-05,2010-03-31,199000000.0,2264000000.0,0.0,0.59,2264000000.0,1.0,140836700000.0,8555600000.0,0.0,0.0,132148500000.0,0.0,4340800000.0,9341358000.0,9421558000.0,26.752970606629145,0.0,0.01214101154031584,0.19985740333816449,0.0,26.752970606629145,0.02325961943054841,4.126041519434629,11.735374371859297,1.0918413670578335,0.04120603015075377,0.0,0.0008778166943178925,0.01607535535836895,0.0,0.0014129839736375532,14.393463790446841,1.0,0.2562050599201064,-0.09816823907582146,-0.016862193946755182,0.08506387648246301,0.014155169324493818,0.3249001331557923,0.0,-0.3718429901179757,-0.287474759852985,-0.11622302447417443,Insurance—Diversified,Financial Services,PFG
2009Q4,2009,Q4,2010-02-17,2009-12-31,150200000.0,2232400000.0,0.0,0.46966854283927456,2232400000.0,1.0,137759400000.0,7893500000.0,0.0,0.0,129743000000.0,0.0,4160700000.0,7687992000.0,7133792000.0,24.682614133833646,0.0,0.012240181069313601,0.21361880027871033,0.0,24.682614133833646,0.019028314435928294,3.4438236875111987,12.796258322237016,0.9739649078355609,1.1171770972037283,0.0,0.021826245396717375,0.016205064772349474,0.0,0.0010903067231709778,15.587980535279806,1.0,-0.17602010028197437,-0.3448264903943185,-0.07133219287035406,-0.02560524045828394,-0.01669382900938202,-0.22135821669258685,0.0,-0.5698252167265964,-0.2786049053666451,-0.15907889811249193,Insurance—Diversified,Financial Services,PFG
2009Q3,2009,Q3,2009-11-04,2009-09-30,192900000.0,2270300000.0,0.0,0.57,2270300000.0,1.0,137379500000.0,7508700000.0,0.0,0.0,129772800000.0,0.0,4180200000.0,8740149000.0,7192149000.0,23.530868066436852,0.0,0.01232498298508875,0.22549842183067642,0.0,23.530868066436852,0.02569019936873227,3.8497771219662598,11.327305598755833,1.1640029565703784,0.04250907205806117,0.0,0.0009381991085049007,0.016525755298279585,0.0,0.001404139627819289,23.79566839096107,1.0,0.09615384615384602,-0.3702992792228142,0.06025549360448996,-0.048141156467239765,0.05213643525813328,0.21626733921815888,0.0,-0.3705500563687513,-0.21267648267962316,-0.17394360449430027,Insurance—Diversified,Financial Services,PFG
2009Q2,2009,Q2,2009-08-05,2009-06-30,158600000.0,2157800000.0,0.0,0.52,2157800000.0,1.0,130706600000.0,5695200000.0,0.0,0.0,124930100000.0,0.0,3995500000.0,5461716000.0,3326016000.0,19.645394963780614,0.0,0.0167765055475393,0.3850259867958983,0.0,19.645394963780614,0.027848012361286697,2.5311502456205393,8.609262295081967,0.9590033712600085,0.05233291298865069,0.0,0.0015196689099176888,0.016508730240094992,0.0,0.0012134046788762007,12.902707299787386,1.0,0.20930232558139542,0.43969789945716314,0.18433385513531503,-0.13318213590075867,-0.014072923329982638,0.31074380165289256,0.0,-0.31645198830145677,-0.16892163448555772,-0.21536491990890014,Insurance—Diversified,Financial Services,PFG
2009Q1,2009,Q1,2009-05-06,2009-03-31,121000000.0,2188600000.0,0.0,0.43,2188600000.0,1.0,123234800000.0,2628600000.0,0.0,0.0,120525900000.0,0.0,3845200000.0,2126800000.0,1250700000.0,10.11,0.0,0.014796956703788215,0.6937152857034162,0.0,10.11,0.04603210834664841,0.9717627707210089,4.3942148760330575,0.8090999010880316,0.06776859504132231,0.0,0.0038555576452886965,0.017759593880949213,0.0,0.0009818655120144635,2.2795284030010716,1.0,138.75,-0.22435897355769222,0.20336215531195587,-0.5915662948078128,-0.03975078975078975,150.25,0.0,-0.556470506464784,-0.014182753568591382,-0.6273321523036836,Insurance—Diversified,Financial Services,PFG
2008Q4,2008,Q4,2009-02-18,2008-12-31,800000.0,2279200000.0,0.0,0.003076923076923077,2279200000.0,1.0,128182400000.0,2472800000.0,0.0,0.0,125709600000.0,0.0,3722500000.0,5868200000.0,5051600000.0,9.510769230769231,0.0,0.013975397558479168,0.724441928178583,0.0,9.510769230769231,0.00032351989647363315,2.574675324675325,1833.8125,2.373099320608217,156.25,0.0,0.02130125080944753,0.017780912200114837,0.0,6.241106423346731e-06,17.47008038106579,1.0,-0.9912087912087911,-0.9942311416975819,0.16453771005298387,-0.5852737704337448,-0.08751701497317639,-0.9918616480162767,0.0,-0.9966228835423198,0.004164281809259063,-0.6587831987242545,Insurance—Diversified,Financial Services,PFG
2008Q3,2008,Q3,2008-11-05,2008-09-30,98300000.0,2497800000.0,0.0,0.35,2497800000.0,1.0,143409700000.0,5612600000.0,0.0,0.0,137797100000.0,0.0,3847800000.0,11285655000.0,10745355000.0,21.628516377649326,0.0,0.012054275268688242,0.30800342087446103,0.0,21.628516377649326,0.01751416455831522,4.5182380494835455,28.702072736520858,2.0107713002886363,0.08341810783316378,0.0,0.0007265860953573364,0.017417231888777397,0.0,0.0006854487527691641,14.843686702617388,1.0,-0.45312500000000006,-0.4346188132642435,0.3712699063813897,-0.06502860944679822,-0.06034158453088556,-0.4433748584371461,0.0,-0.516565585244747,0.21489424237434054,-0.22360167360138833,Insurance—Diversified,Financial Services,PFG
2008Q2,2008,Q2,2008-08-06,2008-06-30,176600000.0,2658200000.0,0.0,0.64,2658200000.0,1.0,151526900000.0,6619900000.0,0.0,0.0,144907000000.0,0.0,3757700000.0,10874427000.0,10949027000.0,25.549594751061367,0.0,0.010553241701638455,0.24155954017432288,0.0,25.549594751061367,0.02667714013806855,4.09089872846287,15.394149207248017,1.642687502832369,0.04699886749716874,0.0,0.0007632586066373887,0.017542759734410194,0.0,0.0011654696294849298,187.1674182444062,1.0,-0.044776119402985114,0.09933890178320233,0.386948650393141,0.10524799100091854,0.0629823649378174,-0.03179824561403509,0.0,-0.17880708562449887,0.34182986637685564,-0.0634386074539246,Insurance—Diversified,Financial Services,PFG
2008Q1,2008,Q1,2008-05-07,2008-03-31,182400000.0,2500700000.0,0.0,0.67,2500700000.0,1.0,152001200000.0,6842100000.0,0.0,0.0,145159100000.0,0.0,3589400000.0,14487200000.0,14948200000.0,26.31576923076923,0.0,0.010405838901271832,0.2311717162859356,0.0,26.31576923076923,0.02665848204498619,5.793257887791419,19.856359649122805,2.1173616287397143,0.044956140350877194,0.0,0.0005660168976751891,0.016451843801233147,0.0,0.001199990526390581,15.00486794407043,1.0,3.108490566037737,0.4926350257003112,0.3872534757676232,0.2751284887506977,-0.024878143887697407,3.30188679245283,0.0,0.016722408175182498,0.33568694137135147,0.06733158698574168,Insurance—Diversified,Financial Services,PFG
2007Q4,2007,Q4,2008-02-27,2007-12-31,42400000.0,2564500000.0,0.0,0.16307692307692306,2564500000.0,1.0,154520200000.0,7421700000.0,0.0,0.0,147098500000.0,0.0,3414300000.0,17898400000.0,18243600000.0,28.545,0.0,0.010934492707102372,0.22765673632725655,0.0,28.545,0.005712976811242707,6.979294209397543,105.53301886792454,2.4116307584515675,0.3891509433962264,0.0,0.0009218701112948643,0.016596535598581933,0.0,0.0002743977810020955,-122.92857142857143,1.0,-0.812555260831123,-0.74919420629955,0.4437034256344547,0.42046061900198284,-0.10001754693805931,-0.8237006237006237,0.0,-0.7725125907259953,0.3121883924934113,0.12687004141073394,Insurance—Diversified,Financial Services,PFG
2007Q3,2007,Q3,2007-10-31,2007-09-30,240500000.0,2849500000.0,0.0,0.87,2849500000.0,1.0,155617900000.0,7868300000.0,0.0,0.0,147749600000.0,0.0,3617300000.0,17121565926.78,16142865926.78,29.806732642472596,0.0,0.01015307365026774,0.20080576490474436,0.0,29.806732642472596,0.030565687632652543,6.0086211359115635,17.79788557877339,2.176018444489915,0.0340956340956341,0.0,0.00047892815616673844,0.018310875548378434,0.0,0.0015454520334742983,15.881241004340971,1.0,-0.22321428571428578,2.9805723458037807,0.8623473723208896,0.5471636396742048,0.006321514338183359,-0.22941364947132328,0.0,-0.050975750729369274,0.6086301698997261,0.20572696181243444,Insurance—Diversified,Financial Services,PFG
2007Q2,2007,Q2,2007-08-01,2007-06-30,312100000.0,2831600000.0,0.0,1.12,2831600000.0,1.0,150758300000.0,7986700000.0,0.0,0.0,142771600000.0,0.0,3385000000.0,15533773680.119999,15270373680.119999,29.969842009208648,0.0,0.010577195418096383,0.1996569296455357,0.0,29.969842009208648,0.039077466287703304,5.485864415920327,12.44294591486703,1.9449551980317277,0.0,0.0,0.0,0.018782382130867754,0.0,0.0020702011099886374,25.09900416888027,1.0,0.1789473684210528,2.4445455633591466,0.5783291569287647,0.5884650339947576,0.06415122702844903,0.17640407086317378,0.0,2.0819618177964347,0.6906750992417712,0.32236559691007616,Insurance—Diversified,Financial Services,PFG
2007Q1,2007,Q1,2007-05-02,2007-03-31,265300000.0,2660900000.0,0.0,0.95,2660900000.0,1.0,146617400000.0,8107000000.0,0.0,0.0,138510400000.0,0.0,3081200000.0,16033934375.0,16163234375.0,30.27117852975496,0.0,0.010952315345927563,0.19807573701739237,0.0,30.27117852975496,0.03272480572344887,6.025756088165658,15.109248374481718,1.9777888707289997,0.06219374293252921,0.0,0.001029067452448021,0.01814859627847718,0.0,0.0018094714542748677,13.41751830543933,1.0,-0.1298841484268126,10.906184364060678,0.5255403573274824,0.6011884369330828,0.026779857225545052,-0.0926812585499316,0.0,0.6510307290490566,0.4203684344312078,0.22292478807537155,Insurance—Diversified,Financial Services,PFG
