Quarters,Year,Quarter,FillingDate,Date,NetIncome,Revenue,OperatingIncome,EPSDiluted,GrossProfit,GrossProfitRatio,TotalAssets,CommonStockEquity,CurrentAssets,CurrentLiability,TotalLiability,Inventory,RetainedEarnings,MarketCap,EnterpriseValue,bookValuePerShare,currentRatio,debtToAssets,debtToEquity,roic,shareholdersEquityPerShare,roe,priceToSalesRatio,peRatio,pbRatio,payoutRatio,inventoryTurnover,dividendYield,assetTurnover,quickRatio,returnOnAssets,priceToFreeCashFlowsRatio,grossProfitMargin,epsdilutedGrowth,fiveYNetIncomeGrowthPerShare,fiveYRevenueGrowthPerShare,fiveYShareholdersEquityGrowthPerShare,grossProfitGrowth,netIncomeGrowth,operatingIncomeGrowth,threeYNetIncomeGrowthPerShare,threeYRevenueGrowthPerShare,threeYShareholdersEquityGrowthPerShare,Industry,Sector,Symbol
2024Q1,2024,Q1,2023-06-30,2023-05-31,135900000.0,2514900000.0,764700000.0,0.74,1257800000.0,0.5001391705,24759200000.0,8585000000.0,3652600000.0,3190500000.0,15851000000.0,1951400000.0,12316700000.0,44529111900.0,56693611900.0,46.84345501173132,1.1448362325654287,0.499087207987334,1.4393709959231218,0.022061228631458315,46.84345501173132,0.01582993593476995,17.706116306811403,81.91521688741722,5.1868505416424,1.2075055187637969,0.6442041611150968,0.0036852295722520348,0.1015743642767133,0.352797367183827,0.005488868784128728,114.64755895983522,0.5001391705435604,-0.3884297520661157,-0.8091953844144717,0.2829426883935216,-0.15072164646657515,0.3085726175613816,-0.3905829596412556,0.6385258195843154,1.8287294243415342,0.3481742495958911,-0.18344822506796157,Beverages—Wineries & Distilleries,Consumer Defensive,STZ
2023Q4,2023,Q4,2023-04-20,2023-02-28,223000000.0,1997800000.0,466700000.0,1.21,961200000.0,0.4811292422,24662300000.0,8413600000.0,3496100000.0,2968300000.0,15928400000.0,1898700000.0,12343900000.0,41137311500.0,53465111500.0,45.752195546371574,1.1778122157463868,0.5052772855735272,1.4810901397736997,0.0190079053589538,45.752195546371574,0.026504706665398878,20.591306186805486,46.118062219730945,4.889382844442331,0.6573991031390135,0.5459524938115553,0.0035636747919221704,0.08100623218434615,0.31731967793012833,0.009042141243922911,329.89022854851646,0.48112924216638303,-0.5198412698412699,-0.7463697463534767,0.19085399596863245,0.10070021455142718,-0.21656206699812536,-0.523198631601454,-0.37498325967590734,-0.4160476430860068,0.09528697979101013,-0.27648339771745445,Beverages—Wineries & Distilleries,Consumer Defensive,STZ
2023Q3,2023,Q3,2023-01-05,2022-11-30,467700000.0,2436500000.0,746700000.0,2.52,1226900000.0,0.5035501744,24463000000.0,8389500000.0,3525900000.0,2725000000.0,15746300000.0,1802000000.0,12267800000.0,48866390050.00001,60853690050.00001,44.18247025800098,1.2939082568807339,0.49758001880390795,1.4508969545264914,0.028507096936019265,44.18247025800098,0.05574825674950831,20.0559778575826,26.120584803292708,5.8247082722450685,0.31173829377806284,0.6712541620421754,0.002983645811585789,0.09959939500470098,0.3710091743119266,0.01911866901034215,129.4473908609272,0.5035501744305356,1.4084278768233387,-0.020705049729832028,0.3926025672474014,0.07917890269154998,-0.07466626442416471,1.4100113965109144,3.5641809290953543,0.30986937028685985,0.2300198699140401,-0.2768192862445157,Beverages—Wineries & Distilleries,Consumer Defensive,STZ
2023Q2,2023,Q2,2022-10-06,2022-08-31,-1140700000.0,2655100000.0,163600000.0,-6.17,1325900000.0,0.4993785545,24280900000.0,9389000000.0,3530200000.0,2511900000.0,14570000000.0,1651000000.0,13448400000.0,45503502800.0,56288602800.0,50.768914651555136,1.4053903419722122,0.45097998838593295,1.1662796889977634,0.009096385505640632,50.768914651555136,-0.1214932367664288,17.13815027682573,-9.972714736565267,4.84646957077431,-0.1279915841150171,0.8050878255602665,0.003208544200250008,0.10934932395421916,0.41888610215374816,-0.04697931295792166,69.18580325376311,0.49937855448005725,-3.9951456310679614,-3.4132071845605174,0.3459770159458638,0.2514366803875029,0.05649402390438247,-3.9286264441591783,-0.7486557074819481,-1.28619816953352,0.17369768940266905,-0.14492251909304288,Beverages—Wineries & Distilleries,Consumer Defensive,STZ
2023Q1,2023,Q1,2022-06-30,2022-05-31,389500000.0,2363200000.0,650900000.0,2.06,1255000000.0,0.5310595802,25841100000.0,11231400000.0,3302200000.0,2365800000.0,14282600000.0,1656400000.0,14746200000.0,46281159270.0,57156659270.0,59.57006698808217,1.395806915208386,0.42480002786259097,0.9773759282012928,0.021740841901293544,59.57006698808217,0.03467955909325641,19.584105987643873,29.705493754813865,4.120693704257706,0.38331193838254174,0.6690412943733398,0.0032259347508777304,0.09145121531204167,0.34212528531574943,0.01507288776406577,82.40947163461539,0.5310595802301964,0.08421052631578956,-0.0004102255722767747,0.26215039321698,0.5711255512280913,0.1080699276002119,-0.039694280078895465,-0.039261992619926196,2.6679823257154247,0.14413208662125587,-0.06331248879934369,Beverages—Wineries & Distilleries,Consumer Defensive,STZ
2022Q4,2022,Q4,2022-04-21,2022-02-28,405600000.0,2102500000.0,677500000.0,1.9,1132600000.0,0.5386920333,25855800000.0,11731900000.0,3329700000.0,2698800000.0,13808000000.0,1573200000.0,14505400000.0,40933732040.0,51150832040.0,61.79823221415704,1.2337705646954202,0.4028689887762127,0.8878783487755606,0.02432793671992683,61.79823221415704,0.0345724051517657,19.469075881093936,25.230357519723864,3.4890965691831672,0.35133136094674555,0.6165141113653699,0.0034812364497024246,0.08131637775663487,0.4069957017933897,0.01568700252941313,-245.40606738609114,0.538692033293698,-0.24901185770750986,-0.07587281943727205,0.3300067232942992,0.7532576015389792,-0.0759565962307253,-0.15640599001663893,-0.19335635194666032,-0.6712802870541899,0.1752058058738798,-0.061002671431340444,Beverages—Wineries & Distilleries,Consumer Defensive,STZ
2022Q3,2022,Q3,2022-01-06,2021-11-30,480800000.0,2320600000.0,839900000.0,2.53,1225700000.0,0.5281823666,25527300000.0,11238300000.0,3376600000.0,2248600000.0,13980900000.0,1518900000.0,14251600000.0,42411837930.0,52452637930.0,59.708002826464636,1.5016454682913813,0.40748923701292344,0.9255937285888435,0.032064860241459985,59.708002826464636,0.042782271339971346,18.276238011721105,22.05274434796173,3.773865969942073,0.29367720465890185,0.7208506155770623,0.0033292591618653295,0.09090659803426136,0.5688428355421151,0.01883473771217481,63.028440971912616,0.52818236662932,39.93851132686084,0.264106785176011,0.3678551614074228,0.7089352658507617,-0.003252825892494104,39.403361344537814,0.13622835497835498,0.5985880654964992,0.18554843850161257,0.006114881992898864,Beverages—Wineries & Distilleries,Consumer Defensive,STZ
2022Q2,2022,Q2,2021-10-06,2021-08-31,11900000.0,2371100000.0,739200000.0,0.0618,1229700000.0,0.5186200498,25340300000.0,11192700000.0,2943700000.0,2187100000.0,13815700000.0,1339000000.0,13922200000.0,40257852660.0,50727952660.0,58.70225364374912,1.3459375428649811,0.41726025343030665,0.9446782277734594,0.0028221707491842317,58.70225364374912,0.0010631929739919768,16.97855537935979,845.753207142857,3.596795470261867,11.983193277310924,0.8524271844660194,0.0035421660763761166,0.09357032079336078,0.4920671208449545,0.0004696076999877665,70.57828306451613,0.5186200497659315,1.0133477321814255,-0.9650791152440283,0.2355272158535081,0.6412585850081021,0.09863307424283034,1.0132620082469632,-0.0024291497975708503,-0.989657120189049,0.030375447116784988,-0.00761554024422601,Beverages—Wineries & Distilleries,Consumer Defensive,STZ
2022Q1,2022,Q1,2021-06-30,2021-05-31,-897300000.0,2026500000.0,741000000.0,-4.63,1119300000.0,0.5523316062,26192400000.0,12261600000.0,3313100000.0,2062800000.0,13594800000.0,1377600000.0,14063600000.0,46010060150.0,55950460150.0,63.25335699436159,1.6061178980027147,0.3987492555092317,0.8517811704834606,0.0321511155043633,63.25335699436159,-0.07317968291250734,22.704199432519122,-12.819029351944723,3.7523700128857573,-0.16349047141424272,0.6585365853658537,0.00318843312792322,0.0773697713840656,0.6915842544114795,-0.03425802904659367,76.41597766151801,0.5523316062176166,-3.3743589743589744,-3.9069622721833555,0.11641466163974779,0.8463828557809447,0.12639629666901478,-3.343431705406111,0.32487037368138744,-2.191063461823504,-0.022625603248986555,0.14679215848147759,Beverages—Wineries & Distilleries,Consumer Defensive,STZ
2021Q4,2021,Q4,2021-04-20,2021-02-28,382900000.0,1953000000.0,559300000.0,1.95,993700000.0,0.5088069636,27104800000.0,13598900000.0,3044500000.0,1269100000.0,13175700000.0,1291100000.0,15117800000.0,42240233750.0,52761833750.0,70.102843003325,2.398944133638011,0.40517546707594226,0.8075800248549515,0.01791966322520944,70.102843003325,0.02815668914397488,21.62838389656938,27.579154968660223,3.1061507732243046,0.3755549751893445,0.7430098365734645,0.0034043372215003427,0.07205365839260942,1.2206287920573635,0.014126649154393317,918.2659510869565,0.5088069636456733,-0.7022900763358778,0.616857331407233,0.3007293396328483,1.1307540901082278,-0.2169424743892829,-0.7010695604652979,-0.6769292975970426,-0.5871585151970639,0.10359703451366097,0.686524841331779,Beverages—Wineries & Distilleries,Consumer Defensive,STZ
2021Q3,2021,Q3,2021-01-07,2020-11-30,1280900000.0,2438000000.0,1731200000.0,6.55,1269000000.0,0.5205086136,19555000000.0,13312100000.0,3447000000.0,2041000000.0,13978000000.0,1376000000.0,14879000000.0,39901054800.0,40845454800.0,68.67394051948722,1.6888780009799118,0.056067501917668114,0.08236116014753495,0.13455636002023103,68.67394051948722,0.09622073151493754,16.366306316652995,7.787699039737684,2.9973523936869464,0.11210867358888282,0.8495639534883721,0.0035989023528270234,0.12467399642035285,1.972562469377756,0.06550242904627972,54.748977497255765,0.5205086136177195,1.4999999999999998,3.8194849334860748,0.5125513838957779,1.0868631629336074,0.04375719690738608,1.501269283343097,1.064146894002623,1.6271982856400853,0.36497896346868275,0.6773952959297059,Beverages—Wineries & Distilleries,Consumer Defensive,STZ
2021Q2,2021,Q2,2020-10-01,2020-08-31,512100000.0,2260400000.0,838700000.0,2.62,1215800000.0,0.5378694036,26462500000.0,11688000000.0,3537200000.0,1909900000.0,14458700000.0,1328400000.0,13742200000.0,35671421760.0,47067421760.0,60.44620969994104,1.8520341379129797,0.43837883797827115,0.9925222450376454,0.028593662148711996,60.44620969994104,0.04381416837782341,15.781021836843037,17.41428517867604,3.0519696919917862,0.28060925600468656,0.7863595302619693,0.004028434890171308,0.0854189891355692,0.5921252421592753,0.019351913084553612,57.09254443021767,0.5378694036453725,3.943820224719101,0.7130789197020538,0.3191399961753799,0.9501649330239439,0.23019326115551958,3.966975666280417,0.3207874015748032,0.03616346355354013,0.09595416215350842,0.4899787503450988,Beverages—Wineries & Distilleries,Consumer Defensive,STZ
2021Q1,2021,Q1,2020-07-01,2020-05-31,-172600000.0,1963400000.0,635000000.0,-0.89,988300000.0,0.5033615157,26149800000.0,11066000000.0,3396200000.0,1752400000.0,14772200000.0,1332600000.0,13374100000.0,33419405250.0,45290605250.0,57.36740332923788,1.9380278475233965,0.46554849367872797,1.1001265136454004,0.06915029199327684,57.36740332923788,-0.01559732514006868,17.021190409493734,-48.405859284472776,3.020007703777336,-0.8337195828505214,0.7317274500975537,0.004305881535698485,0.07508279222020818,0.5725291029445332,-0.006600432890500119,61.6253093306288,0.5033615157380055,-1.4362745098039216,-1.7303203880970992,0.21511679410998313,0.8800289993699218,0.040534849441987784,-1.4332329317269077,0.1649238671803339,-1.4329477299911109,0.02494308191912122,0.5130315901139605,Beverages—Wineries & Distilleries,Consumer Defensive,STZ
2020Q4,2020,Q4,2020-04-21,2020-02-29,398400000.0,1902900000.0,545100000.0,2.04,949800000.0,0.4991329024,27323200000.0,12131800000.0,3484100000.0,2311800000.0,14848900000.0,1373600000.0,13695300000.0,33071103000.0,45250903000.0,63.23586135001303,1.507094039276754,0.44874685249165547,1.0106661830890717,0.018274824093119996,63.23586135001303,0.03283931485847113,17.37931735771717,20.752449171686745,2.7259848497337575,0.3569277108433735,0.6938701223063483,0.004299826346886585,0.06964411196345963,1.8987801712950947,0.014581015400831527,115.39114794138172,0.49913290241210784,0.10270270270270267,0.8753370782013851,0.4173658162051697,1.12366726632318,-0.038177215189873416,0.10543840177580466,-0.062112869924294566,-0.10177813142181037,0.1911440756272656,0.7940441114491449,Beverages—Wineries & Distilleries,Consumer Defensive,STZ
2020Q3,2020,Q3,2020-01-08,2019-11-30,360400000.0,1999400000.0,581200000.0,1.85,987500000.0,0.4938981695,27093700000.0,11709400000.0,3469900000.0,2460200000.0,15057400000.0,1358800000.0,13439400000.0,35660259600.0,47922559600.0,61.09464677032245,1.4104137874969516,0.45604697771068553,1.0552205920030062,-0.02965104739357375,61.09464677032245,0.03077869062462637,17.83548044413324,24.73658407325194,3.045438673202726,0.3940066592674806,0.7447012069473065,0.003982023731537838,0.07379575325629205,0.3666368587919681,0.013301985332383543,75.26437230899114,0.49389816945083526,1.6851851851851853,0.6330652662469628,0.3057578022409755,1.0922016284938179,-0.16729909773168058,1.6970986460348163,-0.1922168172341904,-0.06944793246704903,0.15738035367852432,0.7486231573336548,Beverages—Wineries & Distilleries,Consumer Defensive,STZ
2020Q2,2020,Q2,2019-10-03,2019-08-31,-517000000.0,2344000000.0,719500000.0,-2.7,1185900000.0,0.5059300341,27555100000.0,11377500000.0,3537500000.0,2195900000.0,15864100000.0,1311400000.0,13221400000.0,39158773100.0,52024273100.0,59.37346706605575,1.6109567830957694,0.46985131609030634,1.1379301252471985,0.02082507212394653,59.37346706605575,-0.04544056251373325,16.70596122013652,-18.935576934235975,3.441773069655021,-0.2746615087040619,0.8831020283666311,0.0036262627441716244,0.08506592246081487,0.47133293865840886,-0.01876240695914731,62.47411151882578,0.5059300341296928,-1.1774193548387097,-3.653305414561628,0.468370180041804,1.0834813290032856,0.15281423155438903,-1.1805145508224377,0.15545206359402602,-2.5095742348748393,0.21530618399470747,0.6600250670995564,Beverages—Wineries & Distilleries,Consumer Defensive,STZ
2020Q1,2020,Q1,2019-06-28,2019-05-31,-237100000.0,2097200000.0,622700000.0,-1.24,1028700000.0,0.4905111577,28951100000.0,12174600000.0,3580900000.0,2939300000.0,16462900000.0,1494100000.0,13888900000.0,33778705749.999996,47153205750.0,63.59652101235406,1.2182832647228932,0.46537782674924266,1.1066646953493338,0.013584865261859749,63.59652101235406,-0.019474972483695563,16.10657340740034,-35.6165180830873,2.7745228385326826,-0.6031210459721636,0.7151462418847466,0.004233436326967619,0.07243938917692247,0.3017725308746981,-0.008189671549612969,77.22612197073616,0.4905111577341217,-1.194662480376766,-2.1478999447922345,0.3753026286499143,1.304402557196842,0.15131505316172356,-1.191286809197257,0.33827638082957234,-1.7778135488618005,0.1699330093997978,0.8563999076758929,Beverages—Wineries & Distilleries,Consumer Defensive,STZ
2019Q4,2019,Q4,2019-04-23,2019-02-28,1239500000.0,1797200000.0,465300000.0,6.37,893500000.0,0.4971622524,29231500000.0,12551000000.0,3684000000.0,3163800000.0,16394300000.0,2130400000.0,14276200000.0,32259996120.0,45782896120.0,65.81300109592202,1.1644225298691446,0.4658159861792929,1.0848936339733886,0.014518579388686118,65.81300109592202,0.09875707114970919,17.950142510572,6.506655127067366,2.5703128133216477,0.11278741427995159,0.4241926398798348,0.004333540508807724,0.061481620854215484,0.4303369365952336,0.042402887296238645,5040.62439375,0.49716225239261075,3.0833333333333335,6.854595207139428,0.3865409846588657,1.5099521978595518,-0.0788659793814433,3.0894094358297592,-0.16388140161725068,4.323955046588977,0.21753826134773727,1.000365680758224,Beverages—Wineries & Distilleries,Consumer Defensive,STZ
2019Q3,2019,Q3,2019-01-09,2018-11-30,303100000.0,1972600000.0,556500000.0,1.56,970000000.0,0.4917367941,27890400000.0,11256700000.0,3638500000.0,3363400000.0,16370400000.0,2198000000.0,13176800000.0,37132148320.0,50571148320.0,59.34511445471895,1.081792234048879,0.4865330006023578,1.2054687430596889,0.020138036521620963,59.34511445471895,0.02692618618245134,18.823962445503398,30.626978159023427,3.2986708644629417,0.45793467502474433,0.45614194722474977,0.003738000796609982,0.07072684507931044,0.2877445442112148,0.0108675386512922,96.2720983147524,0.49173679407888066,-0.7342419080068144,0.4326078578709757,0.36303266886999325,1.3437838649389806,-0.1696627289847629,-0.7363201391909526,-0.2725490196078431,0.16546657007279084,0.2506735003801948,0.8033788700458933,Beverages—Wineries & Distilleries,Consumer Defensive,STZ
2019Q2,2019,Q2,2018-10-04,2018-08-31,1149500000.0,2299100000.0,765000000.0,5.87,1168200000.0,0.5081118699,24097500000.0,11268300000.0,3585500000.0,2162500000.0,12562300000.0,1941900000.0,13012900000.0,39661059000.0,49378559000.0,59.15273366755033,1.6580346820809249,0.41181035377113806,0.8806652290052626,0.030438282633742535,59.15273366755033,0.10201183852045118,17.25068896524727,8.625719660722053,3.519702084609036,0.12057416267942583,0.5823677841289459,0.00349461167943095,0.09540823736902168,0.5351676300578034,0.047702043780475156,62.74491219743712,0.50811186986212,0.5570291777188329,-0.2534581770661185,0.5567695267671439,1.4694666307641728,0.11405683768834636,0.5454423232051627,0.22321714102974097,2.9031848469546966,0.36191812442218124,0.9084337539707472,Beverages—Wineries & Distilleries,Consumer Defensive,STZ
2019Q1,2019,Q1,2018-06-29,2018-05-31,743800000.0,2047100000.0,625400000.0,3.77,1048600000.0,0.5122368228,23096700000.0,10556400000.0,3604800000.0,1990500000.0,12530900000.0,2068400000.0,12002400000.0,42695058120.0,52592058120.0,55.15677494526854,1.811002260738508,0.43759498110119627,0.9574286688643856,0.025041653282997647,55.15677494526854,0.07045962638778372,20.856361740999464,14.350315313256253,4.044471422075707,0.18889486421080937,0.48274028234384064,0.0032907789844226587,0.08863170929180358,0.5214267771916604,0.03220373473266744,127.1443064919595,0.5122368228225295,-0.18749999999999994,12.60787045408296,1.9420876732791215,2.4084803861887636,0.23495465787304204,-0.19632631010264723,0.2127205739771185,2.1720301574219336,0.27689972973142185,0.8075828848954593,Beverages—Wineries & Distilleries,Consumer Defensive,STZ
2018Q4,2018,Q4,2018-04-23,2018-02-28,925500000.0,1765900000.0,515700000.0,4.64,849100000.0,0.4808313042,20538700000.0,8046100000.0,3474000000.0,1944700000.0,12476000000.0,2084000000.0,9228200000.0,41710894560.0,51807294560.0,41.56644556030831,1.7863937882449734,0.4959758894185124,1.2660419333590187,0.04464710523412271,41.56644556030831,0.11502467033718199,23.620190588368537,11.267124408427875,5.183989082909732,0.10696920583468396,0.4399232245681382,0.00237348062285241,0.08597915155292205,0.6157247904561115,0.04506127456947129,375.7738248648649,0.4808313041508579,0.901639344262295,9.699513704615676,1.396784253910332,1.656950800504244,-0.0643526170798898,0.8845448992058644,0.05936729663105998,3.3177321753978077,0.30362103947734637,0.39593733570315387,Beverages—Wineries & Distilleries,Consumer Defensive,STZ
2018Q3,2018,Q3,2018-01-05,2017-11-30,491100000.0,1799100000.0,486800000.0,2.44,907500000.0,0.5044188761,20107100000.0,7993900000.0,3545600000.0,2535900000.0,12098000000.0,2167600000.0,8401700000.0,42485535450.0,51681235450.0,40.940820977695836,1.3981623881067866,0.4650198188699514,1.1696668709891291,0.021553608525840675,40.940820977695836,0.06143434368706138,23.614882691345674,21.627741524129508,5.314744423873203,0.20382814090816534,0.4113305037829858,0.0023560959969024,0.08947585678690612,0.36831105327497143,0.02442420836420966,257.48809363636366,0.504418876104719,-0.01612903225806453,3.1757375655228515,1.1842077683442598,1.6817985835114173,-0.14812728808786257,-0.016816816816816817,-0.31811178036139515,1.1843288085434491,0.15331400345347493,0.4020287676500303,Beverages—Wineries & Distilleries,Consumer Defensive,STZ
2018Q2,2018,Q2,2017-10-05,2017-08-31,499500000.0,2084500000.0,713900000.0,2.48,1065300000.0,0.5110578076,19418400000.0,7928100000.0,3373400000.0,2090000000.0,11473100000.0,1929700000.0,8011000000.0,39104542500.0,47926342500.0,40.568504541384165,1.614066985645933,0.46076916738763235,1.1285680049444382,0.033671434487313634,40.568504541384165,0.06300374616869112,18.759674982010075,19.571843093093094,4.932397737162749,0.2012012012012012,0.5281649997408924,0.0025700339033502308,0.10734664029992172,0.4683732057416268,0.025723025583982203,90.24819409185322,0.5110578076277285,0.24,2.1753489072156396,1.363793267046685,1.3985948176078147,0.07033055360192907,0.2400695134061569,0.25664495687378985,1.5136598385724103,0.28042504967422405,0.423594173193934,Beverages—Wineries & Distilleries,Consumer Defensive,STZ
2018Q1,2018,Q1,2017-06-29,2017-05-31,402800000.0,1935500000.0,568100000.0,2.0,995300000.0,0.514234048,18959400000.0,7389700000.0,3360500000.0,2182400000.0,11561600000.0,1936900000.0,7612300000.0,35617792250.0,44630192250.0,37.9155357390238,1.5398185483870968,0.4858539827209722,1.2465323355481277,0.02893102906715702,37.9155357390238,0.05450830209616087,18.40237264272798,22.106375527557102,4.8199239820290405,0.24950347567030784,0.48541483814342506,0.0028216235103679117,0.10208656392079918,0.47246151026392963,0.021245398061120076,216.52153343465045,0.5142340480495996,-0.11504424778761053,3.65753524190022,1.5383730129259297,1.675074751490679,0.26355211374888915,-0.1088495575221239,-0.19051011684240524,0.9154625913408666,0.24670393853960856,0.3738590747365248,Beverages—Wineries & Distilleries,Consumer Defensive,STZ
2017Q4,2017,Q4,2017-04-27,2017-02-28,452000000.0,1628000000.0,701800000.0,2.26,787700000.0,0.4838452088,18602400000.0,6891200000.0,3230000000.0,2697600000.0,11717600000.0,1955100000.0,7310000000.0,31048625480.0,40109325480.0,35.24766249974426,1.1973606168446027,0.4966079645637122,1.340564778267936,0.0322129739038382,35.24766249974426,0.06559089853726492,19.071637272727273,17.172912323008852,4.505546999071279,0.16991150442477876,0.42979898726407856,0.0024735394502236755,0.08751558938631575,0.3761862396204033,0.02429794005074614,-874.6091684507043,0.4838452088452088,0.14141414141414133,2.6420463811378316,1.1511459105305513,1.137238591011212,-0.11633385685438635,0.11357477211135748,0.31423220973782773,1.7939447471117327,0.22515998356545258,0.3442624783468,Beverages—Wineries & Distilleries,Consumer Defensive,STZ
2017Q3,2017,Q3,2017-01-05,2016-11-30,405900000.0,1810500000.0,534000000.0,1.98,891400000.0,0.4923501795,18320100000.0,7018000000.0,3444800000.0,2636600000.0,11322400000.0,2123100000.0,6934900000.0,30358887239.999996,38793187240.0,34.93871536248046,1.3065311385875749,0.47115463343540703,1.2299230550014248,0.028558633072343846,34.93871536248046,0.05783699059561129,16.768233769676883,18.69850162601626,4.325860250783699,0.1958610495195861,0.4329047148038246,0.0026186730551590533,0.09882587977139863,0.3994917697034059,0.022155992598293678,205.40519106901215,0.4923501795084231,0.13142857142857142,2.3992758255608173,1.2677493373913586,1.3348942181189412,-0.08008255933952528,0.13095569796600726,-0.12587984940252087,0.8116743387388529,0.18136868419812868,0.3798742841882887,Beverages—Wineries & Distilleries,Consumer Defensive,STZ
2017Q2,2017,Q2,2016-10-05,2016-08-31,358900000.0,2021200000.0,610900000.0,1.75,969000000.0,0.4794181674,17717400000.0,7182400000.0,3169800000.0,2199600000.0,10543300000.0,1855200000.0,6608700000.0,32943372650.000004,40795072650.0,35.76660873549023,1.4410801963993454,0.4531703297323535,1.1178714635776341,0.027447268345384274,35.76660873549023,0.049969369570060145,16.2989177963586,22.94745935497353,4.586680308810426,0.2215101699637782,0.5671625700733075,0.0024132319676139777,0.11407994400984343,0.45844699036188397,0.020256922573289534,65.9131105442177,0.4794181674252919,0.1290322580645161,1.0500913356964234,1.7215833501781932,1.473078589787635,0.09951208442074208,0.1275526233113415,0.10530124841686267,-0.7788889828419093,0.2982774289535915,0.4931591710417267,Beverages—Wineries & Distilleries,Consumer Defensive,STZ
2017Q1,2017,Q1,2016-06-30,2016-05-31,318300000.0,1871800000.0,552700000.0,1.55,881300000.0,0.4708302169,17630000000.0,6848000000.0,3218500000.0,2698700000.0,10641400000.0,1918800000.0,6329400000.0,30613919250.0,38754819250.0,34.25798544235724,1.1926112572720198,0.47125354509359046,1.2132301401869159,0.02482208955769033,34.25798544235724,0.04648072429906542,16.35533670798162,24.044862747408107,4.470490544684579,0.24913603518693056,0.5162080466958515,0.0025903249875463105,0.10617129892229155,0.3485381850520621,0.01805445263754963,173.4499674220963,0.47083021690351534,0.30252100840336144,2.997853356233499,1.7569385213243565,1.3600674542562528,0.26605372791265625,0.3077239112571898,0.34444174166869373,4.575523785147882,1.5756748488382595,1.1170141214108715,Beverages—Wineries & Distilleries,Consumer Defensive,STZ
2016Q4,2016,Q4,2016-04-25,2016-02-29,243400000.0,1543200000.0,411100000.0,1.19,696100000.0,0.4510756869,16965000000.0,6559600000.0,2977600000.0,2272300000.0,10273200000.0,1851600000.0,6090500000.0,28197889110.0,36195989110.0,32.900485010808666,1.3103903533864367,0.4763454170350722,1.2319653637416916,0.019668175516400332,32.900485010808666,0.03710592109274956,18.27234908631415,28.962499085866888,4.2987208229160325,0.2514379622021364,0.45749621948585006,0.002170375227778885,0.09096374889478338,0.39528231307485806,0.01434718538166814,-508.9871680505415,0.4510756868843961,-0.10526315789473693,-0.18389463665379135,1.0239853182086216,1.4114989299469876,-0.050988411724608045,-0.10018484288354898,-0.08093002459199643,1.7319683924359508,1.0335391187002032,1.1030176818851765,Beverages—Wineries & Distilleries,Consumer Defensive,STZ
2016Q3,2016,Q3,2016-01-07,2015-11-30,270500000.0,1640500000.0,447300000.0,1.33,733500000.0,0.4471197806,16156100000.0,6492400000.0,3460900000.0,1920800000.0,9559900000.0,1884600000.0,5908400000.0,27672035660.0,34583735660.0,32.90773527429026,1.8018013327780091,0.4582170201967059,1.1402562996734644,0.02186372923110488,32.90773527429026,0.04166409956256546,16.868049777506858,25.574894325323474,4.262219773889471,0.22402957486136785,0.48126923485089673,0.0021899364667124026,0.1015405945741856,0.6278633902540608,0.016742902061759955,398.15878647482015,0.4471197805547089,-0.10738255033557041,1.0664690017383813,0.8064754147913621,1.5410242134269176,-0.05428055698813822,-0.105489417989418,-0.06695869837296621,1.2762786324324622,0.9711050397215631,1.1555971701993744,Beverages—Wineries & Distilleries,Consumer Defensive,STZ
2016Q2,2016,Q2,2015-10-07,2015-08-31,302400000.0,1733400000.0,479400000.0,1.49,775600000.0,0.4474443291,15673400000.0,6062800000.0,3131500000.0,1212200000.0,9508400000.0,1777100000.0,5698500000.0,25037184000.0,32131084000.0,30.995434630348207,2.5833195842270253,0.473643242691439,1.224450748828924,0.026943715803591718,30.995434630348207,0.04987794418420532,14.443973693319487,20.698730158730157,4.12964043016428,0.1984126984126984,0.5389679815429632,0.0023964356374902226,0.11059502086337361,0.8688335258208216,0.019293835415417203,57.91622484385843,0.44744432906426673,0.26271186440677974,2.541837774446004,1.1483563109937198,1.6681024220445466,0.052231718898385564,0.2673931265716681,0.12192838754973087,0.9206240202078655,0.9638621200185579,0.8325913097934073,Beverages—Wineries & Distilleries,Consumer Defensive,STZ
2016Q1,2016,Q1,2015-07-09,2015-05-31,238600000.0,1631300000.0,427300000.0,1.18,737100000.0,0.4518482192,15247300000.0,5942500000.0,2979300000.0,1120300000.0,9195400000.0,1783700000.0,5456200000.0,23338360640.0,30525260640.0,30.514105552874,2.6593769526019817,0.4799275937379077,1.2314009255363905,0.022064775442745276,30.514105552874,0.040151451409339504,14.306602488812603,24.453437384744344,3.927364011779554,0.250628667225482,0.5013174861243482,0.0025623050788540734,0.10698943419490664,0.7381058645005802,0.01564867222393473,307.08369263157897,0.4518482192116717,0.11320754716981121,4.400772948953531,1.3022381498472817,1.8747464489242165,0.23343373493975902,0.11183597390493942,0.2080859485439638,1.7610749243744273,1.1411010624984768,1.1528777515017752,Beverages—Wineries & Distilleries,Consumer Defensive,STZ
2015Q4,2015,Q4,2015-04-28,2015-02-28,214600000.0,1356200000.0,353700000.0,1.06,597600000.0,0.440642973,15144500000.0,5770700000.0,2910800000.0,1130700000.0,9263200000.0,1827200000.0,5277500000.0,22232621280.0,29470521280.0,29.776727434094088,2.574334483063589,0.48519264419426195,1.273329058866342,0.020826734806201706,29.776727434094088,0.03718786282426742,16.393320513198642,25.90007138863001,3.8526732077564247,0.0,0.4151707530647986,0.0,0.08955066195648585,0.7081453966569382,0.014170160784443197,145.50144816753928,0.44064297301282995,-0.03636363636363639,5.699412075316765,1.1372006334516545,1.5015895311523857,-0.06464235404601659,-0.034203420342034205,-0.05830670926517572,0.7444147742503907,0.8078076089055183,0.8055089748612378,Beverages—Wineries & Distilleries,Consumer Defensive,STZ
2015Q3,2015,Q3,2015-01-08,2014-11-30,222200000.0,1541700000.0,375600000.0,1.1,638900000.0,0.4144126613,14980500000.0,5635000000.0,3030800000.0,1248500000.0,9345500000.0,1927200000.0,5062900000.0,18280237560.0,25531737560.0,29.20112762473312,2.4275530636764118,0.4885551216581556,1.2988110026619344,0.020729624753154527,29.20112762473312,0.0394321206743567,11.857195018486086,20.56732398739874,3.2440528056787934,0.0,0.4684516396845164,0.0,0.10291378792430159,0.6156187424909891,0.014832615733787257,-120.98105598941099,0.41441266134786275,0.12244897959183684,4.130796295191722,0.5894765534613146,1.1274535013711189,-0.04925595238095238,0.1348314606741573,-0.008185899128597835,0.9369728895526195,1.010057704162104,0.9514611039981334,Beverages—Wineries & Distilleries,Consumer Defensive,STZ
2015Q2,2015,Q2,2014-10-09,2014-08-31,195800000.0,1604100000.0,378700000.0,0.98,672000000.0,0.4189265008,14657000000.0,5487400000.0,2838100000.0,1876300000.0,9170000000.0,1778900000.0,4840700000.0,16769963310.0,23857563310.0,28.497239807020186,1.5126045941480573,0.4906802210547861,1.3106206946823633,0.02025657102338398,28.497239807020186,0.03568174363086343,10.454437572470544,21.412108414198162,3.0560854521266902,0.0,0.5239754904716398,0.0,0.1094425871597189,0.4056920535095667,0.013358804666712151,64.74889308880309,0.41892650084159344,-0.04854368932038839,0.9980682183339263,0.8613312997574768,1.2195739079208543,0.002835397701835547,-0.052733430091920656,-0.03442121366649668,0.16638101385655008,1.2525362614176943,0.9704388010612315,Beverages—Wineries & Distilleries,Consumer Defensive,STZ
2015Q1,2015,Q1,2014-07-10,2014-05-31,206700000.0,1526000000.0,392200000.0,1.03,670100000.0,0.4391218873,14842400000.0,5287000000.0,3137200000.0,2254700000.0,9555400000.0,1781500000.0,4644900000.0,16117036490.0,22934236490.0,27.597834767947468,1.3914046214574,0.4847733520185415,1.3609230187251748,0.021203616084465887,27.597834767947468,0.03909589559296387,10.561622863695938,19.49327103289792,3.048427556270096,0.0,0.48043783328655626,0.0,0.1028135611491403,0.45651306160464805,0.013926319193661402,159.73276997026758,0.4391218872870249,0.30379746835443033,35.348904073120956,1.2034994651220903,1.5990414003014075,0.22080524685735106,0.3148854961832061,0.19064966605950212,1.7089334056931773,1.3452535564114538,0.901242901552614,Beverages—Wineries & Distilleries,Consumer Defensive,STZ
2014Q4,2014,Q4,2014-04-29,2014-02-28,157200000.0,1291200000.0,329400000.0,0.79,548900000.0,0.4251084263,14302100000.0,4981300000.0,2747200000.0,2025700000.0,9320800000.0,1743800000.0,4438200000.0,15393674250.0,22350274250.0,26.220818528753785,1.3561731747050403,0.4908719698505814,1.409371047718467,0.017947141539418007,26.220818528753785,0.03155802702105876,11.921990590148699,24.48103411259542,3.0902925441149898,0.0,0.42567955040715677,0.0,0.09028044832577034,0.3986770005430222,0.010991392872375385,258.7172142857143,0.4251084262701363,-0.26168224299065423,1.4454240330489068,1.0246462016307878,2.0088330865015553,-0.09972117434804002,-0.25497630331753557,-0.09455744914788346,-0.44683231240407184,0.7772857727183341,0.921901023758486,Beverages—Wineries & Distilleries,Consumer Defensive,STZ
2014Q3,2014,Q3,2014-01-09,2013-11-30,211000000.0,1443300000.0,363800000.0,1.07,609700000.0,0.4224346983,14336300000.0,4789800000.0,2835400000.0,1755000000.0,9546500000.0,1824000000.0,4281000000.0,13319389290.0,20388789290.0,25.32021631451242,1.6156125356125357,0.4976597866953119,1.4895402730802956,0.02203070537633727,25.32021631451242,0.044051943713725,9.22842741633756,15.78126693127962,2.780781930351998,0.0,0.4570175438596491,0.0,0.10067451155458522,0.47863247863247865,0.01471788397285213,128.8142097678917,0.42243469826092983,-0.8617571059431525,1.914679498163145,0.6143902782699003,1.3592879526604764,0.05667244367417678,-0.8613666228646518,-0.7826762246117085,0.6811303430911949,0.6575618339661171,0.9551416166474851,Beverages—Wineries & Distilleries,Consumer Defensive,STZ
2014Q2,2014,Q2,2013-10-10,2013-08-31,1522000000.0,1459800000.0,1674000000.0,7.74,577000000.0,0.3952596246,14122800000.0,4510400000.0,2670100000.0,1810600000.0,9612400000.0,1643000000.0,4070000000.0,10215112250.0,17398812250.0,23.953647694865026,1.4747045178393903,0.5169300705242587,1.6185925860234125,0.13589414253004117,23.953647694865026,0.33744235544519335,6.997610802849706,1.677909370893561,2.2647907613515432,0.0,0.5373097991479002,0.0,0.10336477185827173,0.48116646415552855,0.10776899764919137,22.27941603053435,0.3952596246061104,27.666666666666668,78.44238101308649,0.7627806996777103,0.9469343658767881,1.2530261616556033,27.77126654064272,23.051724137931036,17.51798131986742,0.8794595778959945,1.0619419018856056,Beverages—Wineries & Distilleries,Consumer Defensive,STZ
2014Q1,2014,Q1,2013-07-10,2013-05-31,52900000.0,673400000.0,69600000.0,0.27,256100000.0,0.3803088803,9452400000.0,2997400000.0,2723300000.0,797200000.0,6455000000.0,1443800000.0,2548000000.0,9818936280.0,14281636280.0,16.182218671043255,3.416081284495735,0.536583301595362,1.6921331820911456,0.005544007797966251,16.182218671043255,0.01764862881163675,14.581134956934957,46.403290548204154,3.275817802095149,0.0,0.28902895137830725,0.0,0.07124116626465236,1.3335423983943804,0.005596462274131437,-525.0768064171123,0.3803088803088803,-0.3720930232558139,0.3867380242853771,-0.15506360647383546,0.21677631249602392,-0.021772345301757066,-0.3525091799265606,-0.45368916797488223,0.25893428551335235,-0.0008022881109887584,0.5245334843483638,Beverages—Wineries & Distilleries,Consumer Defensive,STZ
2013Q4,2013,Q4,2013-04-29,2013-02-28,81700000.0,695900000.0,127400000.0,0.43,261800000.0,0.3762034775,7638100000.0,2860300000.0,2471200000.0,677900000.0,4777800000.0,1480900000.0,2495100000.0,8088487680.0,11062387680.0,15.64441673230069,3.6453754241038503,0.43275160052892736,1.1556130475824213,0.015806577393030756,15.64441673230069,0.028563437401671152,11.623060324759305,24.750574296205635,2.8278459182603224,0.0,0.2931325545276521,0.0,0.0911090454432385,1.1851305502286473,0.010696377371335804,51.388104701397715,0.37620347751113664,-0.2586206896551724,1.1159224774897625,-0.0679780495449909,0.22490709424193578,-0.15765765765765766,-0.25388127853881276,-0.1977329974811083,2.8964228920324584,0.16243241618697732,0.31431196410450235,Beverages—Wineries & Distilleries,Consumer Defensive,STZ
2013Q3,2013,Q3,2013-01-09,2012-11-30,109500000.0,766900000.0,158800000.0,0.58,310800000.0,0.4052679619,8322700000.0,2775300000.0,2480600000.0,787800000.0,5547400000.0,1596300000.0,2413400000.0,6522768720.0,10317668720.0,15.266180401993465,3.1487687230261487,0.4800605572710779,1.439628148308291,0.017132842131953152,15.266180401993465,0.039455194033077505,8.505370608945103,14.892166027397261,2.350293200735056,0.0,0.2857232349808933,0.0,0.09214557775721821,0.9388169586189388,0.013156788061566558,1672.5048,0.40526796192463166,-0.13432835820895533,-0.03517393147736805,-0.2618068028586714,-0.16740276452497962,0.09014380918975798,-0.12118780096308186,-0.21112767014406358,1.6839201416509482,-0.16071831909217488,0.11222036923243571,Beverages—Wineries & Distilleries,Consumer Defensive,STZ
2013Q2,2013,Q2,2012-10-10,2012-08-31,124600000.0,698500000.0,201300000.0,0.67,285100000.0,0.4081603436,8040500000.0,2618100000.0,2177900000.0,656000000.0,5422400000.0,1364900000.0,2303900000.0,5098914360.0,8908114360.0,16.913446257606886,3.319969512195122,0.49595174429450906,1.5231274588442,0.02591783805254602,16.913446257606886,0.04759176502043467,7.299805812455261,10.230566532905296,1.9475628738398072,0.0,0.3028793318191809,0.0,0.08687270692121137,1.0146341463414634,0.015496548722094397,19.909856930886374,0.40816034359341447,0.7631578947368421,1.1358059210794529,-0.032861801938147014,0.014700695136182277,0.13766959297685555,0.7305555555555555,0.20394736842105263,0.5817045565420892,0.008250279403594366,0.3173431623773566,Beverages—Wineries & Distilleries,Consumer Defensive,STZ
2013Q1,2013,Q1,2012-07-10,2012-05-31,72000000.0,634800000.0,167200000.0,0.38,250600000.0,0.3947700063,7008200000.0,2299800000.0,1971400000.0,587900000.0,4708400000.0,1325200000.0,2179300000.0,3129976110.0,6481876110.0,14.173635977049038,3.353291376084368,0.48814246168773723,1.4875206539699104,0.01858940878070378,14.173635977049038,0.031307070180015655,4.930649196597353,10.867972604166667,1.3609775241325333,0.0,0.2899185028674917,0.0,0.09057960674638281,0.8962408572886545,0.010273679404126594,40.754897265625,0.39477000630119724,-0.3968253968253968,2.062009859040921,-0.10729886410909727,-0.06830872749529901,0.02202283849918434,-0.30097087378640774,0.3716160787530763,13.948886561703107,0.08223316579114319,0.3348100315440681,Beverages—Wineries & Distilleries,Consumer Defensive,STZ
2012Q4,2012,Q4,2012-04-30,2012-02-29,103000000.0,628100000.0,121900000.0,0.63,245200000.0,0.3903836969,7109900000.0,2676000000.0,2034300000.0,1199600000.0,4433900000.0,1374500000.0,2107300000.0,3543736560.0,6587436560.0,16.492151436900265,1.6958152717572523,0.4401609024036906,1.1694693572496264,0.026866149095069944,16.492151436900265,0.03849028400597907,5.641994204744467,8.601302330097088,1.3242662780269057,0.0,0.2785740269188796,0.0,0.08834160818014318,0.43631210403467824,0.01448684229032757,27.47082604651163,0.3903836968635568,0.2115384615384615,0.8594755186253963,-0.3030895287917159,-0.007642998426211362,-0.13326263697419582,-0.01717557251908397,-0.2395508421709295,1.3417007932187612,0.15311355448875433,0.8924707043955927,Beverages—Wineries & Distilleries,Consumer Defensive,STZ
2012Q3,2012,Q3,2012-01-09,2011-11-30,104800000.0,700700000.0,160300000.0,0.52,282900000.0,0.403739118,7225200000.0,2638000000.0,2178500000.0,1178200000.0,4587200000.0,1463500000.0,2004300000.0,3432424710.0,6481224710.0,14.963725162088116,1.8490069597691394,0.429690527597852,1.1768764215314633,0.017485992888501074,14.963725162088116,0.03972706595905989,4.898565306122449,8.188036044847328,1.3011465921152388,0.0,0.2854800136658695,0.0,0.09698001439406521,0.5304702087930742,0.014504788794773847,31.63525078341014,0.4037391180248323,-0.3157894736842105,0.15542358975734102,-0.4451085861893247,-0.05788648971983819,-0.00035335689045936394,-0.35586969883220654,-0.23227969348659003,0.5534044083048869,-0.15899430004206494,0.39429047774771164,Beverages—Wineries & Distilleries,Consumer Defensive,STZ
2012Q2,2012,Q2,2011-10-11,2011-08-31,162700000.0,690200000.0,208800000.0,0.76,283000000.0,0.4100260794,7034700000.0,2699100000.0,1919600000.0,786800000.0,4335600000.0,1259200000.0,1899500000.0,3689655330.0,6626055330.0,14.462382587915062,2.439755973563803,0.41883804568780475,1.0916231336371383,0.03611940923743512,14.462382587915062,0.060279352376718165,5.345777064618951,5.669415073755378,1.366994676003112,0.0,0.3233799237611182,0.0,0.09811363668671017,0.650355871886121,0.02312820731516625,14.306534819697557,0.41002607939727614,1.1714285714285715,1.5531007995692365,-0.47737714534857534,-0.0852394599050225,0.12749003984063745,1.1838926174496645,0.19314285714285714,9.352488173962795,-0.15910038381269923,0.17549151726507323,Beverages—Wineries & Distilleries,Consumer Defensive,STZ
2012Q1,2012,Q1,2011-07-11,2011-05-31,74500000.0,635300000.0,175000000.0,0.35,251000000.0,0.3950889344,7075400000.0,2715100000.0,1956100000.0,783400000.0,4360300000.0,1309000000.0,1736800000.0,4107530160.0,7086530160.0,14.515680634710177,2.4969364309420476,0.4229301523588772,1.1021325181392951,0.019099289938574633,14.515680634710177,0.027439136680048618,6.465496867621596,13.783658255033558,1.512846731243785,0.0,0.29358288770053476,0.0,0.08978997653842892,0.6033954557058974,0.010529440031658987,18.64516640944167,0.3950889343617189,-0.7666666666666666,-0.07030784496642874,-0.41358158486647406,-0.07150355770841513,-0.011811023622047244,-0.7337383845604003,0.7006802721088435,0.9339856040784001,-0.2106166311506928,0.0914656831129026,Beverages—Wineries & Distilleries,Consumer Defensive,STZ
2011Q4,2011,Q4,2011-04-29,2011-02-28,279800000.0,715300000.0,102900000.0,1.5,254000000.0,0.355095764,7167600000.0,2551900000.0,2083000000.0,662900000.0,4615700000.0,1369300000.0,1662300000.0,3800774720.0,7027874720.0,13.643167990761631,3.142253733594811,0.45151794184943356,1.268192327285552,0.046487455787427016,13.643167990761631,0.10964379481954623,5.31353938207745,3.3959745532523233,1.4893901485167913,0.0,0.3368874607463668,0.0,0.09979630559741057,0.6435359782772666,0.03903677660583738,16.432229658452226,0.35509576401509857,1.5423728813559323,4.1310715705225425,-0.2716651855003346,-0.08483220659105327,-0.2782040352372833,1.0086145010768126,-0.5837378640776699,1.3880584036065815,-0.06357863434750179,0.06821580796389232,Beverages—Wineries & Distilleries,Consumer Defensive,STZ
2011Q3,2011,Q3,2011-01-10,2010-11-30,139300000.0,966400000.0,247200000.0,0.59,351900000.0,0.3641349338,8257800000.0,2719000000.0,2844800000.0,1515300000.0,5538800000.0,1866600000.0,1382500000.0,4327110720.0,8037710720.0,12.950579180003048,1.8773840163663962,0.4512824238901402,1.3705774181684443,0.02776714092960835,12.950579180003048,0.05123207061419639,4.477556622516556,7.765812491026561,1.5914346156675248,0.0,0.3292081860066431,0.0,0.11702874857710285,0.5839767702765128,0.01686889970694374,118.87666813186813,0.3641349337748344,0.5128205128205127,0.20091141917702124,-0.2835573617455871,-0.121307746467514,0.11998726925525144,0.5257393209200438,0.1589310829817159,0.06278534153880824,-0.19453300097001486,-0.2936925845797751,Beverages—Wineries & Distilleries,Consumer Defensive,STZ
2011Q2,2011,Q2,2010-10-12,2010-08-31,91300000.0,862800000.0,213300000.0,0.39,314200000.0,0.3641631896,7877100000.0,2429900000.0,2560000000.0,1449700000.0,5447200000.0,1722400000.0,1243200000.0,3484722220.0,7254222220.0,11.61703327962824,1.765882596399255,0.4803036650543982,1.5570188073583275,0.020993241503660734,11.61703327962824,0.03757356269805342,4.038852828001854,9.54195569550931,1.4341010823490679,0.0,0.3185090571295866,0.0,0.10953269604295997,0.50672552941988,0.011590559977656753,15.257102539404553,0.36416318961520633,0.95,0.040762786666121154,-0.31991623542997266,-0.19443751784566665,0.1637037037037037,0.8594704684317719,0.3699421965317919,0.1581784417466744,-0.11591663716241403,-0.30305086469545933,Beverages—Wineries & Distilleries,Consumer Defensive,STZ
2011Q1,2011,Q1,2010-07-12,2010-05-31,49100000.0,787500000.0,155700000.0,0.2,270000000.0,0.3428571429,7896100000.0,2297400000.0,2562000000.0,1534200000.0,5598700000.0,1795600000.0,1151900000.0,3488996680.0,7485896680.0,10.614538045361511,1.6699256941728589,0.5088334747533593,1.74884652215548,0.011833340515496012,10.614538045361511,0.021371985722991208,4.430471974603175,17.764748879837068,1.5186718377296073,0.0,0.2882044998886166,0.0,0.09973277947341093,0.42849693651414417,0.006218259647167589,102.31661818181819,0.34285714285714286,1.8333333333333335,-0.41392741761558266,-0.3510845429356791,-0.24299985707979518,0.21402877697841727,1.9627450980392156,0.9758883248730964,0.565412714049258,-0.1697803501881861,-0.3022628438781575,Beverages—Wineries & Distilleries,Consumer Defensive,STZ
2010Q4,2010,Q4,2010-04-29,2010-02-28,-51000000.0,708700000.0,78800000.0,-0.24,222400000.0,0.3138140257,8094300000.0,2576300000.0,2589100000.0,1372600000.0,5518000000.0,1879900000.0,1102800000.0,3302859140.0,7094859140.0,11.903122819824523,1.8862742241002477,0.47385196990474776,1.4887629546248495,0.008928516679850158,11.903122819824523,-0.019795831230834917,4.660447495414139,-16.190485980392157,1.2820165120521678,0.0,0.2586839725517315,0.0,0.08755544024807581,0.4066734664141046,-0.006300730143434269,16.911721146953404,0.31381402568082406,-2.1999999999999997,-1.967537677484987,-0.3828956284998163,-0.16261479387857736,-0.35367625690206334,-2.1564625850340136,-0.4145616641901932,-1.6902345474414278,-0.4104998693821668,-0.28377159789979944,Beverages—Wineries & Distilleries,Consumer Defensive,STZ
2010Q3,2010,Q3,2010-01-11,2009-11-30,44100000.0,987700000.0,134600000.0,0.2,344100000.0,0.3483851372,8728600000.0,2697200000.0,3093600000.0,1576400000.0,6031400000.0,1992500000.0,1153800000.0,3362200550.0,7409100550.0,13.725859392890767,1.9624460796752092,0.4693994455009967,1.5190567996440754,0.008304563274877677,13.725859392890767,0.016350289188788374,3.4040706186088894,19.060093820861677,1.2465521837461069,0.0,0.3230112923462986,0.0,0.11315674907774442,0.6039076376554174,0.0050523566207639255,50.0327462797619,0.3483851371874051,-0.5555555555555556,-0.5552375708599642,-0.11101850130094708,-0.012568573164580148,0.11143410852713179,-0.5576730190571715,-0.373953488372093,-0.5638056861842515,-0.2982823440366676,-0.1358223013203386,Beverages—Wineries & Distilleries,Consumer Defensive,STZ
2010Q2,2010,Q2,2009-10-13,2009-08-31,99700000.0,876800000.0,215000000.0,0.45,309600000.0,0.3531021898,8433900000.0,2515300000.0,2818600000.0,1428800000.0,5918600000.0,1824000000.0,1109700000.0,2897508900.0,7041908900.0,12.83905875146751,1.9727043673012319,0.49373362264195686,1.6555082892696695,0.022101896947079015,12.83905875146751,0.039637418995746035,3.304640625,7.265568956870612,1.1519536039438636,0.0,0.3109649122807018,0.0,0.1039613938984337,0.5648096304591266,0.011821340068058668,21.590975409836066,0.3531021897810219,14.000000000000002,0.20514294026565433,-0.17605092919792587,0.029327189196840103,0.15221436546334202,14.338461538461539,0.30382049727107335,0.49038369749088134,-0.3675349835349835,-0.18791635842786047,Beverages—Wineries & Distilleries,Consumer Defensive,STZ
2010Q1,2010,Q1,2009-07-10,2009-05-31,6500000.0,791600000.0,164900000.0,0.03,268700000.0,0.3394391107,8401500000.0,2325200000.0,2766700000.0,1555700000.0,6076300000.0,1846000000.0,1010000000.0,2638672850.0,6943672850.0,10.618466779616124,1.778427717426239,0.5144081414033208,1.8586788233270257,0.0020385992026668302,10.618466779616124,0.0027954584551866508,3.333341144517433,101.48741730769231,1.134815435231378,0.0,0.283261105092091,0.0,0.0942212700113075,0.4709776949283281,0.0007736713682080581,-25.89472865554465,0.3394391106619505,1.0161290322580645,-0.8765008895543378,-0.16747657898703697,-0.018628997751876427,0.4053347280334728,1.0159783677482792,7.245,-0.9307138908310674,-0.37585649762757345,-0.3207890917709072,Beverages—Wineries & Distilleries,Consumer Defensive,STZ
2009Q4,2009,Q4,2009-04-29,2009-02-28,-406800000.0,735100000.0,20000000.0,-1.86,191200000.0,0.2601006666,8036500000.0,1908300000.0,2534500000.0,1326400000.0,6128200000.0,1828700000.0,1003500000.0,2857649850.0,7278149850.0,8.714613863556446,1.9108112183353438,0.5516829465563368,2.323324424880784,0.0032937003669038897,8.714613863556446,-0.21317402924068543,3.8874300775404707,-1.756176161504425,1.497484593617356,0.0,0.2974243998468858,0.0,0.09147016736141356,0.4053829915560917,-0.0506190505817209,19.983565384615385,0.2601006665759761,-5.894736842105264,-7.315232950614512,-0.18655435762170572,-0.21725975513921267,-0.5267326732673268,-5.87185628742515,-0.9285203716940672,-7.372226878120689,-0.3606492321754502,-0.4154338680486522,Beverages—Wineries & Distilleries,Consumer Defensive,STZ
2009Q3,2009,Q3,2009-01-09,2008-11-30,83500000.0,1031200000.0,279800000.0,0.38,404000000.0,0.391776571,9108500000.0,2341700000.0,3145400000.0,1728400000.0,6766800000.0,1978500000.0,1410300000.0,2574701000.0,7175401000.0,10.732143266344325,1.8198333719046518,0.5250041170335401,2.042106162189862,0.016767167908338345,10.732143266344325,0.035657855404193535,2.4968008145849496,7.708685628742516,1.0995007900243414,0.0,0.3170078342178418,0.0,0.11321293297469397,0.575503355704698,0.009167261349289125,23.300461538461537,0.39177657098525986,4.8,-0.026905971404980966,0.008381951797468775,0.025281447914144793,0.3211249182472204,4.6784140969163,2.4714640198511164,-0.30733769273241895,-0.26439846090427893,-0.2718278448504594,Beverages—Wineries & Distilleries,Consumer Defensive,STZ
2009Q2,2009,Q2,2008-10-10,2008-08-31,-22700000.0,956500000.0,80600000.0,-0.1,305800000.0,0.3197072661,9421800000.0,2675800000.0,3038100000.0,1341100000.0,6746000000.0,2005100000.0,1326800000.0,4591150570.0,9404050570.0,12.303264103141798,2.2653791663559764,0.5134687639304591,1.8079826593915838,-0.02234016262132129,12.303264103141798,-0.00848344420360266,4.799948322007318,-50.56333226872247,1.715804832199716,0.0,0.3245224677073463,0.0,0.10151987942855929,0.5971217657147118,-0.0024093060773949775,25.54897367835281,0.31970726607422895,-1.5000000000000002,-1.5785827974487838,-0.04591727406836937,0.280138731443134,-0.07051671732522796,-1.5089686098654709,-0.5190930787589498,-1.248866648852643,-0.2749013275863559,-0.1468520636066921,Beverages—Wineries & Distilleries,Consumer Defensive,STZ
2009Q1,2009,Q1,2008-07-10,2008-05-31,44600000.0,931800000.0,167600000.0,0.2,329000000.0,0.3530800601,10156300000.0,2880100000.0,3325400000.0,1786300000.0,7276200000.0,2270700000.0,1349500000.0,4617080520.0,9884780520.0,13.29925517521622,1.861613390807815,0.5211445112885598,1.8377486892816222,0.012002519017069517,13.29925517521622,0.015485573417589667,4.955012363168062,25.880496188340807,1.6030972952328044,0.0,0.2654687981679658,0.0,0.09174600986579759,0.45697811117953313,0.004391362996366787,-84.09982732240437,0.35308006009873366,1.051948051948052,-0.023791395365448845,0.03582435692188102,0.7160067025094538,0.05550208533846648,1.0534259702922857,0.9810874704491725,-0.46794069619363504,-0.23261106412739344,-0.051533093070366326,Beverages—Wineries & Distilleries,Consumer Defensive,STZ
2008Q4,2008,Q4,2008-04-29,2008-02-29,-834800000.0,884400000.0,84600000.0,-3.85,311700000.0,0.3524423338,10052800000.0,2765900000.0,3199000000.0,1718300000.0,7286900000.0,2179500000.0,1306000000.0,4160136810.0,9397136810.0,12.77192107535521,1.861723796775883,0.5229886200859462,1.9008279402726056,0.010926344810842386,12.77192107535521,-0.3018185762319679,4.703908649932157,-1.2458483499041688,1.5040807006760912,0.0,0.2627666896077082,0.0,0.08797548941588414,0.4377000523773497,-0.08304154066528728,20.473114222440945,0.35244233378561735,-8.0,-14.764983597544711,0.1616756732576309,1.0191866944213572,-0.20464404184741006,-7.9799331103678925,-0.573373676248109,-16.828341838609262,-0.2303377348008796,-0.1014947989580996,Beverages—Wineries & Distilleries,Consumer Defensive,STZ
2008Q3,2008,Q3,2008-01-09,2007-11-30,119600000.0,1094800000.0,198300000.0,0.55,391900000.0,0.3579649251,10193600000.0,3512700000.0,3147500000.0,1594600000.0,6680900000.0,2041400000.0,2140800000.0,4511661900.0,9190561900.0,18.335612648633976,1.973849241189013,0.46144639773975826,1.3390838955788995,0.015183955329362052,18.335612648633976,0.03404788339453981,4.120991870661308,9.43073139632107,1.2843857716286617,0.0,0.34432252375820516,0.0,0.10740072202166065,0.604164053681174,0.011732851985559567,107.16536579572447,0.35796492510047495,0.6666666666666667,0.7526929445292113,0.3980997776013636,1.885450749466976,0.26541814659347757,0.6588072122052705,0.6919795221843004,0.23722490588006306,0.010718995262232455,0.31905475943602385,Beverages—Wineries & Distilleries,Consumer Defensive,STZ
2008Q2,2008,Q2,2007-10-10,2007-08-31,72100000.0,892600000.0,117200000.0,0.33,309700000.0,0.3469639256,9731100000.0,3188800000.0,2887400000.0,1452000000.0,6542300000.0,1922700000.0,2021200000.0,4625827440.0,9341627440.0,16.668409057645263,1.9885674931129476,0.48802293676973824,1.489274962368289,0.00962515201259412,16.668409057645263,0.022610386352232816,5.18241926954963,16.039623578363386,1.4506483442047164,0.0,0.3031674208144796,0.0,0.09172652629199166,0.5631542699724518,0.007409234310612366,19.72634302771855,0.3469639256105758,1.5384615384615385,0.3637807438561406,0.21332080696282205,1.7729617458814015,0.1547352721849366,1.419463087248322,0.718475073313783,-0.10751250331803654,-0.14102567501175972,0.3363321233909042,Beverages—Wineries & Distilleries,Consumer Defensive,STZ
2008Q1,2008,Q1,2007-07-10,2007-05-31,29800000.0,901200000.0,68200000.0,0.13,268200000.0,0.2976031957,9826200000.0,3128300000.0,2909300000.0,1507500000.0,6697900000.0,1955300000.0,1949100000.0,4996954800.0,9950354800.0,15.212803205664377,1.9298839137645107,0.5075105330646639,1.5941246044177348,0.0038948473244992178,15.212803205664377,0.009525940606719305,5.544778961384821,41.92076174496644,1.5973387462839244,0.0,0.3237354881603846,0.0,0.09171398913109849,0.528955223880597,0.0030327084732653517,-48.14021965317919,0.29760319573901467,-0.6176470588235294,-0.3109216140742102,0.1999960300596269,1.6788099404459094,-0.22328410078192876,-0.5754985754985755,-0.549239920687376,-0.3970711142315838,0.009278941511553432,0.40598489770724133,Beverages—Wineries & Distilleries,Consumer Defensive,STZ
2007Q4,2007,Q4,2007-04-30,2007-02-28,70200000.0,1142200000.0,151300000.0,0.34,345300000.0,0.302311329,9438200000.0,3417500000.0,3023300000.0,1591100000.0,6020700000.0,1948100000.0,1919300000.0,4824220560.0,8976220560.0,16.619171740356748,1.9001319841619007,0.4434637960628086,1.2247256766642283,0.01347138640269264,16.619171740356748,0.020541331382589612,4.223621572404133,17.18027264957265,1.4116226949524506,0.0,0.40906524305733794,0.0,0.12101883833781865,0.5747596002765383,0.007437858913775932,34.78169113193944,0.30231132901418317,-0.2444444444444444,1.246575938769594,0.4653454629801423,2.0898288089430452,-0.22439353099730458,-0.34879406307977734,-0.38843977364591753,0.16049933810446917,0.34593356653108237,0.49272185332621654,Beverages—Wineries & Distilleries,Consumer Defensive,STZ
2007Q3,2007,Q3,2007-01-09,2006-11-30,107800000.0,1500800000.0,247400000.0,0.45,445200000.0,0.296641791,9845300000.0,3327900000.0,3636400000.0,1843200000.0,6517400000.0,2138900000.0,1849100000.0,,,,,,,,,,,,,,,,,,,,,,,,,,,,,,,Beverages—Wineries & Distilleries,Consumer Defensive,STZ
2007Q2,2007,Q2,2006-10-10,2006-08-31,68400000.0,1417500000.0,210400000.0,0.28,414800000.0,0.292627866,9448700000.0,3167000000.0,3272600000.0,1567800000.0,6281700000.0,1926200000.0,1741300000.0,,,,,,,,,,,,,,,,,,,,,,,,,,,,,,,Beverages—Wineries & Distilleries,Consumer Defensive,STZ
2007Q1,2007,Q1,2006-07-10,2006-05-31,85500000.0,1155900000.0,143000000.0,0.36,318600000.0,0.2756293797,7671500000.0,3120000000.0,2921500000.0,1437100000.0,4551500000.0,1751100000.0,1675300000.0,,,,,,,,,,,,,,,,,,,,,,,,,,,,,,,Beverages—Wineries & Distilleries,Consumer Defensive,STZ
