Quarters,Year,Quarter,FillingDate,Date,NetIncome,Revenue,OperatingIncome,EPSDiluted,GrossProfit,GrossProfitRatio,TotalAssets,CommonStockEquity,CurrentAssets,CurrentLiability,TotalLiability,Inventory,RetainedEarnings,MarketCap,EnterpriseValue,bookValuePerShare,currentRatio,debtToAssets,debtToEquity,roic,shareholdersEquityPerShare,roe,priceToSalesRatio,peRatio,pbRatio,payoutRatio,inventoryTurnover,dividendYield,assetTurnover,quickRatio,returnOnAssets,priceToFreeCashFlowsRatio,grossProfitMargin,epsdilutedGrowth,fiveYNetIncomeGrowthPerShare,fiveYRevenueGrowthPerShare,fiveYShareholdersEquityGrowthPerShare,grossProfitGrowth,netIncomeGrowth,operatingIncomeGrowth,threeYNetIncomeGrowthPerShare,threeYRevenueGrowthPerShare,threeYShareholdersEquityGrowthPerShare,Industry,Sector,Symbol
2023Q1,2023,Q1,2023-06-28,2023-03-31,-5122000.0,69865000.0,-5599000.0,-0.0739,69828000.0,0.9994704072,382830000.0,350100000.0,29936000.0,24041000.0,32730000.0,11855000.0,-197914000.0,451629316.19,447512316.19,5.062011959910542,1.2452061062351816,0.02294491027348954,0.025089974293059127,0.09567413022158502,5.062011959910542,-0.01463010568409026,6.464314265941458,-22.043601922588834,1.2900009031419595,0.0,0.003121045972163644,0.0,0.1824961471149074,1.1420489996256395,-0.01337930674189588,-110.0729505703144,0.9994704072139126,0.8973611111111112,0.7668178599079809,0.0,0.0,-0.6132569757524065,-2.627064803049555,-1.1659651410955656,0.7668178599079809,0.0,0.0,Other Precious Metals & Mining,Basic Materials,GATO
2022Q4,2022,Q4,2023-06-27,2022-12-31,3148000.0,180602000.0,33736000.0,-0.72,180554000.0,0.9997342222,383501000.0,348482000.0,35648000.0,26358000.0,35019000.0,11542000.0,-198749000.0,0.0,-8343000.0,0.0,1.3524546627209955,0.022584034982959626,0.024853507498235203,-0.13461406946808885,0.0,0.009033465143106387,0.0,0.0,0.0,13.246505717916138,0.004158724657771617,,0.47092967163058247,1.237081720919645,0.008208583549977706,0.0,0.9997342222123786,-6.142857142857142,1.0,0.0,-1.0,1.4438158144067568,-0.6780198424874706,6.644303162121465,1.0,0.0,-1.0,Other Precious Metals & Mining,Basic Materials,GATO
2022Q3,2022,Q3,2023-03-30,2022-09-30,9777000.0,73926000.0,-5977000.0,0.14,73882000.0,0.9994048102,388423000.0,373359000.0,16932000.0,2334000.0,15064000.0,10776000.0,-172558000.0,185354757.64000002,182815757.64000002,5.3983082643251645,7.254498714652956,0.032773548425299226,0.0340958701946384,-0.07966138295628865,5.3983082643251645,0.026186592528906493,2.507301323485648,4.739561154750946,0.49645182690118633,0.0,0.004083147735708983,0.0,0.19032343604781385,7.085689802913453,0.025171012015251414,23.192537242242246,0.999404810215621,3.3529411764705888,2.627450807877266,0.0,0.0,0.292728163493841,3.3765192027224114,-0.3896768193443385,2.627450807877266,0.0,0.0,Other Precious Metals & Mining,Basic Materials,GATO
2022Q2,2022,Q2,2023-03-30,2022-06-30,-4114000.0,57196000.0,-4301000.0,-0.0595,57152000.0,0.9992307154,384750000.0,370720000.0,10075000.0,1336000.0,14030000.0,11493000.0,-174458000.0,198495580.01000002,203912580.01000002,5.36015159605266,7.541167664670659,0.03299285250162443,0.034241476046612,-0.019022822987492968,5.36015159605266,-0.011097324126025033,3.470445136198336,-12.06220102151191,0.5354326176359517,-3.232863393291201,0.003828417297485426,0.06700401086679088,0.1486575698505523,6.368263473053892,-0.010692657569850552,21.21132507052789,0.9992307154346458,-1.09296875,0.7358891424678135,0.0,1.3767411324595542,1299.909090909091,-1.0922649083854763,0.379454624152359,0.7358891424678135,0.0,1.3767411324595542,Other Precious Metals & Mining,Basic Materials,GATO
2022Q1,2022,Q1,2023-03-30,2022-03-31,44589000.0,0.0,-6931000.0,0.64,-44000.0,0.0,388610000.0,373396000.0,8764000.0,2557000.0,15214000.0,2219000.0,-172032000.0,298780803.36,306153803.36,5.398843238454033,3.4274540477121627,0.03256992872031085,0.033896988719750616,-0.04251571079985915,5.398843238454033,0.11941477680532196,0.0,1.6751934521967302,0.8001714087992373,0.0,0.01982875168995043,0.0,0.0,2.556902620258115,0.11473971333727902,-224.30991243243244,0.0,-0.6235294117647059,3.029941125451589,0.0,0.0,-1.0002904002904003,-0.3992239184036433,-1.0893861232912045,3.029941125451589,0.0,0.0,Other Precious Metals & Mining,Basic Materials,GATO
2021Q4,2021,Q4,2023-03-20,2021-12-31,74219000.0,249194000.0,77540000.0,1.7,151515000.0,0.6080202573,522560000.0,0.0,93362000.0,48402000.0,522560000.0,11062000.0,-100034000.0,453145138.38000005,432865138.38000005,0.0,1.9288872360646254,0.0,0.0,0.0,0.0,0.0,1.8184432144433655,1.5263784825314275,0.0,0.0,8.830139215331766,0.0,0.47687155541947335,0.6516879467790587,0.1420296233925291,4.2218228928391754,0.608020257309566,8.727272727272727,7.393001629894052,0.0,-1.0,4888.580645161291,5.9482632175478365,12.921894218942189,7.393001629894052,0.0,-1.0,Other Precious Metals & Mining,Basic Materials,GATO
2021Q3,2021,Q3,2021-11-08,2021-09-30,-14999000.0,0.0,-6504000.0,-0.22,-31000.0,0.0,408385000.0,391759000.0,14736000.0,4043000.0,16626000.0,0.0,-150551000.0,782997239.72,783182239.72,5.818867473439987,3.6448182043037347,0.030811611592002644,0.03211923657146358,-0.016085393058351594,5.818867473439987,-0.0382862933589273,0.0,-13.05082405027002,1.9986707126575267,0.0,0.0,0.0,0.0,3.383131338115261,-0.0367275977325318,-103.03951042505594,0.0,-2.0,-1.5647969449380856,0.0,0.0,-3.4285714285714284,-2.111778222518716,-0.27230046948356806,-1.5647969449380856,0.0,0.0,Other Precious Metals & Mining,Basic Materials,GATO
2021Q2,2021,Q2,2021-08-09,2021-06-30,13491000.0,0.0,-5112000.0,0.22,-7000.0,0.0,284558000.0,280777000.0,37184000.0,3781000.0,3781000.0,0.0,-135552000.0,1044975869.5199999,1015368869.5199999,4.699428832032003,9.834435334567575,0.0,0.0,-0.018206619488063482,4.699428832032003,0.048048807416561895,0.0,19.364314534133864,3.7217288792173147,0.0,0.0,0.0,0.0,9.179846601428194,0.047410369766444804,-800.1346627258804,0.0,8.333333333333334,2.0025789954694786,0.0,1.083770506114449,0.0,9.327777777777778,-0.3333333333333333,2.0025789954694786,0.0,1.083770506114449,Other Precious Metals & Mining,Basic Materials,GATO
2021Q1,2021,Q1,2021-05-07,2021-03-31,-1620000.0,0.0,-3834000.0,-0.03,-7000.0,0.0,265680000.0,262141000.0,39566000.0,3539000.0,3539000.0,0.0,-149043000.0,592951453.02,561920453.02,4.407689291743495,11.17999434868607,0.0,0.0,-0.014625716694450697,4.407689291743495,-0.006179880293429872,0.0,-91.50485386111112,2.2619561725178436,0.0,0.0,0.0,0.0,10.24752755015541,-0.006097560975609756,-89.9911144361815,0.0,0.8258949112043914,0.9142338947264059,0.0,0.0,-1.0039615166949631,0.8256377139166936,-4.0672,0.9142338947264059,0.0,0.0,Other Precious Metals & Mining,Basic Materials,GATO
2020Q4,2020,Q4,2021-03-29,2020-12-31,-9291000.0,0.0,1250000.0,-0.1723097251638556,1767000.0,0.0,265410000.0,261386000.0,155752000.0,4024000.0,4024000.0,0.0,-147423000.0,702582108.38,552436108.38,4.847632097909758,38.70576540755467,0.0,0.0,0.004782199505711859,4.847632097909758,-0.035545132486055106,0.0,-18.904910891723173,2.6879102491334654,0.0,0.0,0.0,0.0,37.82082504970179,-0.035006216796654235,-108.62432102350031,0.0,-6.840457076209473,0.3520530083487713,0.0,0.8207987300410108,3.974747474747475,-6.840506329113924,1.3356605800214822,0.3520530083487713,0.0,0.8207987300410108,Other Precious Metals & Mining,Basic Materials,GATO
2020Q3,2020,Q3,2020-12-09,2020-09-30,-1185000.0,0.0,-3724000.0,-0.021977,-594000.0,0.0,142819000.0,121524000.0,8992000.0,19774000.0,21295000.0,106000.0,-256733000.0,355874283.59999996,367814283.59999996,2.253768920548099,0.4547385455648832,0.10899810249336572,0.12809815345117015,-0.027164438219868553,2.253768920548099,-0.009751160264639083,0.0,-75.07896278481012,2.9284279944702276,0.0,5.60377358490566,0.0,0.0,0.23541013452007686,-0.008297215356500185,-149.3387677717163,0.0,0.9024202894046293,0.7469904705640086,0.0,0.0,-65.0,0.9024209486166008,-1.1123085649461146,0.7469904705640086,0.0,0.0,Other Precious Metals & Mining,Basic Materials,GATO
2020Q2,2020,Q2,2020-06-30,2020-06-30,-12144000.0,0.0,-1763000.0,-0.225221,-9000.0,0.0,136147000.0,121604000.0,15454000.0,13049000.0,14543000.0,108000.0,-255548000.0,355874283.59999996,364487283.59999996,2.2552525905527387,1.1843053107517818,0.07761463712017158,0.08689681260484852,-0.013338780821814165,2.2552525905527387,-0.09986513601526266,0.0,-7.3261339673913035,2.9265014604782733,0.0,0.08333333333333333,0.0,0.0,0.9155490842210131,-0.08919770542134604,-73.8941618770764,0.0,0.2908569377448078,0.0,0.0,0.0,-0.125,0.3185567588799731,-0.735236220472441,0.0,0.0,0.0,Other Precious Metals & Mining,Basic Materials,GATO
2020Q1,2020,Q1,2020-03-31,2020-03-31,-17821000.0,0.0,-1016000.0,-0.317596,-8000.0,0.0,,,,,,,,370340031.59999996,,,0.0,0.0,0.0,0.0,,0.0,0.0,-5.195275680377082,0.0,0.0,0.0,0.0,0.0,0.0,0.0,-78.445251345054,0.0,-0.1942760199099315,0.0,0.0,0.0,0.9816091954022989,-0.19427690658088728,0.6242603550295858,0.0,0.0,0.0,Other Precious Metals & Mining,Basic Materials,GATO
2019Q4,2019,Q4,2019-12-31,2019-12-31,-14922000.0,0.0,-2704000.0,-0.2659318237202419,-435000.0,0.0,154295000.0,149391000.0,18455000.0,3465000.0,4904000.0,103000.0,-225583000.0,370340031.59999996,361255031.59999996,2.6623657068349185,5.326118326118326,0.0,0.0,-0.01810015328902009,2.6623657068349185,-0.09988553527320923,0.0,-6.204597768395657,2.4789982770046386,0.0,4.223300970873787,0.0,0.0,4.536796536796537,-0.09671084610648434,-76.32729422918383,0.0,-2.0615438709705267,0.0,0.0,0.0,0.37589670014347204,-2.061551087402544,-0.08900523560209424,0.0,0.0,0.0,Other Precious Metals & Mining,Basic Materials,GATO
2019Q3,2019,Q3,2019-09-30,2019-09-30,-4874000.0,0.0,-2483000.0,-0.086862,-697000.0,0.0,,,,,,,,370340031.59999996,,,0.0,0.0,0.0,0.0,,0.0,0.0,-18.995693044727123,0.0,0.0,0.0,0.0,0.0,0.0,0.0,-113.0119107720476,0.0,0.0,0.0,0.0,0.0,0.0,0.0,0.0,0.0,0.0,0.0,Other Precious Metals & Mining,Basic Materials,GATO
2013Q1,2013,Q1,2013-03-31,2013-03-31,-11372000.0,0.0,-11444000.0,-0.202666,0.0,0.0,103609000.0,99258000.0,59534000.0,3473000.0,4351000.0,941000.0,-152931000.0,370340031.59999996,316552031.59999996,1.7689224607173144,17.141952202706594,0.0,0.0,-0.11503249178212743,1.7689224607173144,-0.1145701102178162,0.0,-8.14148855962012,3.731084966451067,0.0,0.0,0.0,0.0,15.635761589403973,-0.10975880473704022,-40.9713498838367,0.0,0.008542273067480307,-1.5237461162893917,0.0,0.0,0.0,0.008544027898866609,-0.0009621271757194088,-1.5237461162893917,0.0,0.0,Other Precious Metals & Mining,Basic Materials,GATO
2012Q4,2012,Q4,2012-12-31,2012-12-31,-11470000.0,0.0,-11433000.0,-0.20441214435539298,0.0,0.0,109840000.0,105210000.0,65325000.0,3768000.0,4630000.0,881000.0,-141559000.0,370340031.59999996,310209031.59999996,1.874995789680113,17.336783439490446,0.0,0.0,-0.10853590127800328,1.874995789680113,-0.10902005512783956,0.0,-8.071927454228423,3.5200079041916164,0.0,0.0,0.0,0.0,16.080414012738853,-0.10442461762563729,-55.498281372695935,0.0,0.0,-0.5908460471567267,0.0,38.50807360120165,0.0,0.0,0.0,-0.5908460471567267,0.0,38.50807360120165,Other Precious Metals & Mining,Basic Materials,GATO
2012Q1,2012,Q1,2012-03-31,2012-03-31,-18675000.0,0.0,-18834000.0,-0.332816,0.0,0.0,,,,,,,,370340031.59999996,,,0.0,0.0,0.0,0.0,,0.0,0.0,-4.957697879518072,0.0,0.0,0.0,0.0,0.0,0.0,0.0,-18.961652327069785,0.0,-0.38734219796567865,-3.1444740346205062,0.0,0.0,-1.0,-0.38734120793403165,-0.4117382505059591,-3.1444740346205062,0.0,0.0,Other Precious Metals & Mining,Basic Materials,GATO
2011Q4,2011,Q4,2011-12-31,2011-12-31,-13461000.0,0.0,-13341000.0,-0.23989467089520009,4015000.0,0.0,166370000.0,159745000.0,125475000.0,5824000.0,6625000.0,803000.0,-81977000.0,370340031.59999996,251168031.59999996,2.8468891020097864,21.544471153846153,0.0,0.0,-0.08351435099690131,2.8468891020097864,-0.08426554821747159,0.0,-6.8780185647425895,2.318320020031926,0.0,-5.0,0.0,0.0,20.631353021978022,-0.08091001983530685,-31.422028813846936,0.0,-0.31725217731676286,-0.8669902912621359,0.0,58.98685692827637,3.7275815217391304,-0.3172521773167629,-0.3087110064743967,-0.8669902912621359,0.0,58.98685692827637,Other Precious Metals & Mining,Basic Materials,GATO
2011Q3,2011,Q3,2011-09-30,2011-09-30,-10219000.0,0.0,-10194000.0,-0.18211749809657898,-1472000.0,0.0,177596000.0,172831000.0,137474000.0,3979000.0,4765000.0,790000.0,-68516000.0,370340031.59999996,238588031.59999996,3.0801007254652943,34.54988690625785,0.0,0.0,-0.059017125618412214,3.0801007254652943,-0.059127124184897385,0.0,-9.060084930032293,2.1427870671349467,0.0,1.8632911392405063,0.0,0.0,33.11183714501131,-0.05754071037635983,-18.433130834702105,0.0,-0.14332065339002012,-0.5714285714285714,0.0,0.0,-0.11599696739954511,-0.14332065339002015,-0.15933128625042647,-0.5714285714285714,0.0,0.0,Other Precious Metals & Mining,Basic Materials,GATO
2011Q2,2011,Q2,2011-06-30,2011-06-30,-8938000.0,0.0,-8793000.0,-0.15928820804258959,-1319000.0,0.0,187629000.0,182736000.0,157019000.0,4121000.0,4893000.0,785000.0,-58297000.0,370340031.59999996,217179031.59999996,3.2566222851723707,38.10215966998302,0.0,0.0,-0.04815092060598297,3.2566222851723707,-0.048912091760791525,0.0,-10.358582221973595,2.0266396966115052,0.0,1.6802547770700638,0.0,0.0,37.16597913127882,-0.047636559380479566,-33.077887781350476,0.0,0.01801845717867721,-0.41446431397372996,0.0,0.0,-0.07761437908496732,0.018018018018018018,0.018090452261306532,-0.41446431397372996,0.0,0.0,Other Precious Metals & Mining,Basic Materials,GATO
2011Q1,2011,Q1,2011-03-31,2011-03-31,-9102000.0,0.0,-8955000.0,-0.162211,-1224000.0,0.0,179438000.0,174357000.0,149652000.0,4323000.0,5081000.0,782000.0,-49359000.0,370340031.59999996,223527031.59999996,3.1072962731798826,34.617626648161,0.0,0.0,-0.051292516780257924,3.1072962731798826,-0.05220323818372649,0.0,-10.171941100856955,2.1240330563154908,0.0,1.565217391304348,0.0,0.0,33.96090677770067,-0.050725041518518935,-62.76949688135593,0.0,-0.2624138794155339,-1.0199733688415444,0.0,0.0,-0.052450558899398106,-0.2624133148404993,-0.35333232582741425,-1.0199733688415444,0.0,0.0,Other Precious Metals & Mining,Basic Materials,GATO
2010Q4,2010,Q4,2010-12-31,2010-12-31,-7210000.0,0.0,-6617000.0,-0.1284927254404868,-1163000.0,0.0,36076000.0,2663000.0,6154000.0,1669000.0,33413000.0,779000.0,-40257000.0,370340031.59999996,397704031.59999996,0.047458547551735966,3.6872378669862194,0.8592970395831023,11.641006383777695,-0.19618502084155146,0.047458547551735966,-2.7074727750657153,0.0,-12.841193883495144,139.06873135561395,0.0,1.4929396662387677,0.0,0.0,2.1785500299580587,-0.19985585985142476,-53.393891522491344,0.0,-0.10871905274488695,0.0,0.0,0.0,-0.20268872802481902,-0.10871905274488698,-0.1072623828647925,0.0,0.0,0.0,Other Precious Metals & Mining,Basic Materials,GATO
2010Q3,2010,Q3,2010-09-30,2010-09-30,-6503000.0,0.0,-5976000.0,-0.11589295333418663,-967000.0,0.0,,,,,,,,370340031.59999996,,,0.0,0.0,0.0,0.0,,0.0,0.0,-14.237276318622174,0.0,0.0,0.0,0.0,0.0,0.0,0.0,-47.89705530263838,0.0,-0.029118531413198288,0.0,0.0,0.0,-1.3935643564356435,-0.02911853141319829,-0.017537885237527667,0.0,0.0,0.0,Other Precious Metals & Mining,Basic Materials,GATO
2010Q2,2010,Q2,2010-06-30,2010-06-30,-6319000.0,0.0,-5873000.0,-0.11261380472377754,-404000.0,0.0,,,,,,,,370340031.59999996,,,0.0,0.0,0.0,0.0,,0.0,0.0,-14.651844896344357,0.0,0.0,0.0,0.0,0.0,0.0,0.0,-129.08331530149877,0.0,-0.4023611163191604,0.0,0.0,0.0,0.0,-0.40235241899689306,-0.39468059843267633,0.0,0.0,0.0,Other Precious Metals & Mining,Basic Materials,GATO
2010Q1,2010,Q1,2010-03-31,2010-03-31,-4506000.0,0.0,-4211000.0,-0.080303,0.0,0.0,,,,,,,,370340031.59999996,,,0.0,0.0,0.0,0.0,,0.0,0.0,-20.54705013315579,0.0,0.0,0.0,0.0,0.0,0.0,0.0,-67.06628605577689,0.0,0.0,0.0,0.0,0.0,0.0,0.0,0.0,0.0,0.0,0.0,Other Precious Metals & Mining,Basic Materials,GATO
2012Q3,2012,Q3,2012-09-30,2012-09-30,,,,,,,117865000.0,112900000.0,73038000.0,4118000.0,4965000.0,896000.0,-130089000.0,0.0,-66761000.0,0.0,17.73627974745022,0.0,0.0,,0.0,,0.0,0.0,0.0,0.0,,,,16.572850898494416,,0.0,0.0,0.0,1.0,0.0,0.0,0.0,0.0,0.0,1.0,0.0,0.0,Other Precious Metals & Mining,Basic Materials,GATO
