Quarters,Year,Quarter,FillingDate,Date,NetIncome,Revenue,OperatingIncome,EPSDiluted,GrossProfit,GrossProfitRatio,TotalAssets,CommonStockEquity,CurrentAssets,CurrentLiability,TotalLiability,Inventory,RetainedEarnings,MarketCap,EnterpriseValue,bookValuePerShare,currentRatio,debtToAssets,debtToEquity,roic,shareholdersEquityPerShare,roe,priceToSalesRatio,peRatio,pbRatio,payoutRatio,inventoryTurnover,dividendYield,assetTurnover,quickRatio,returnOnAssets,priceToFreeCashFlowsRatio,grossProfitMargin,epsdilutedGrowth,fiveYNetIncomeGrowthPerShare,fiveYRevenueGrowthPerShare,fiveYShareholdersEquityGrowthPerShare,grossProfitGrowth,netIncomeGrowth,operatingIncomeGrowth,threeYNetIncomeGrowthPerShare,threeYRevenueGrowthPerShare,threeYShareholdersEquityGrowthPerShare,Industry,Sector,Symbol
2023Q1,2023,Q1,2023-04-26,2023-03-31,9533000.0,248442000.0,27277000.0,0.12,140307000.0,0.5647475065,1198478000.0,734112000.0,593586000.0,300162000.0,464366000.0,149585000.0,-35847000.0,2798173910.0,2733472910.0,9.237482855381208,1.9775521218541987,0.12783880888927457,0.20870384900396668,0.011402884657630747,9.237482855381208,0.012985756941720064,11.262885945210552,73.38125222909892,3.8116444221045294,0.0,0.722900023398068,0.0,0.20729792286550108,1.3834662615520952,0.007954255313823032,77.0570845151874,0.5647475064602604,-0.6842105263157895,3.395171912931542,0.9089414515981628,0.5380501681766618,-0.14101261173013346,-0.6932754182754183,-0.3373095891742183,1.5586326966664978,2.630807617055756,0.6303996438106092,Semiconductors,Technology,MXL
2022Q4,2022,Q4,2023-02-01,2022-12-31,31080000.0,290586000.0,41161000.0,0.38,163340000.0,0.5621055385,1180025000.0,676385000.0,563124000.0,341086000.0,503640000.0,160544000.0,-45380000.0,2670133550.0,2638379550.0,8.600045772991392,1.6509736547381013,0.13186076566174446,0.23004501873932745,0.03673639729443123,8.600045772991392,0.045950161520435844,9.188789377327193,21.47790822072072,3.9476534074528566,0.0,0.7925926848714371,0.0,0.24625410478591556,1.1048621168854775,0.026338425033367936,51.36353852072713,0.5621055384636562,0.0857142857142858,2.3643929705350777,1.181561324883037,0.49053046150742596,-0.02476595338173481,0.09405801182765418,-0.20764995764995764,4.498533734241545,2.7859029215484017,0.48707915749792835,Semiconductors,Technology,MXL
2022Q3,2022,Q3,2022-10-25,2022-09-30,28408000.0,285730000.0,51948000.0,0.35,167488000.0,0.5861757603,1182698000.0,615881000.0,562975000.0,351318000.0,566817000.0,165970000.0,-76460000.0,2558582320.0,2584170320.0,7.85201948085063,1.6024655725012666,0.17509457190254823,0.3362402801839966,0.038549797754706606,7.85201948085063,0.04612579378159092,8.9545456199909,22.516389045339338,4.154345271245581,0.0,0.7124299572211845,0.0,0.24159168274572207,1.0763894818938966,0.024019656750920354,53.966006201092576,0.5861757603331816,-0.1250000000000001,3.6357362581147146,1.139629988136156,0.32062666043067706,0.01908719752237589,-0.11130576237252081,0.33176096598046506,6.483110508359515,2.248876568531894,0.3556692067283883,Semiconductors,Technology,MXL
2022Q2,2022,Q2,2022-07-27,2022-06-30,31966000.0,280009000.0,39007000.0,0.4,164351000.0,0.5869489909,1180693000.0,569597000.0,538624000.0,316081000.0,611096000.0,146431000.0,-104868000.0,2645614839.9999995,2719741839.9999995,7.315844229237843,1.704069526482136,0.2417986724745552,0.5012140162255068,0.03180110644566854,7.315844229237843,0.056120379847506216,9.44832073254788,20.690849965588434,4.644713437746336,0.0,0.7898464123034057,0.0,0.23715648352281246,1.1778373265080786,0.027073930310419388,23.5870229307086,0.5869489909252917,-0.04761904761904753,1.4671146486154474,1.2746687137745978,0.21142292148731298,0.06314121223882528,-0.04823438337402489,-0.189498618239242,14.06247097806902,2.091208552289327,0.26117645464212813,Semiconductors,Technology,MXL
2022Q1,2022,Q1,2022-04-27,2022-03-31,33586000.0,263927000.0,48127000.0,0.42,154590000.0,0.5857301451,1099127000.0,527846000.0,454576000.0,234795000.0,571281000.0,139041000.0,-136834000.0,4504153200.0,4678136200.0,6.838092030262203,1.9360548563640623,0.2957747375871942,0.6158879673238028,0.040245936284597716,6.838092030262203,0.06362840677015645,17.06590534503859,33.52701423212053,8.533081997400757,0.0,0.7863651728626808,0.0,0.24012420766662998,1.2600566451585427,0.030556978401949913,36.111515365311995,0.585730145077995,0.20000000000000004,2.3539940497054554,1.5107225773313395,0.2188185880562865,0.0903743202352991,0.19200738216922203,0.558567311117588,7.275584412593429,1.8265780970920202,0.17207970322041388,Semiconductors,Technology,MXL
2021Q4,2021,Q4,2022-02-02,2021-12-31,28176000.0,247889000.0,30879000.0,0.35,141777000.0,0.5719374397,1050384000.0,489198000.0,404104000.0,207395000.0,561186000.0,131703000.0,-170420000.0,5786559450.0,5995668450.0,6.373500097713504,1.9484751319945033,0.32338744687657084,0.6943630186550231,0.035424649145420456,6.373500097713504,0.05759631069628249,23.343349039287745,51.34298205919932,11.828665387021207,0.0,0.8056915939652096,0.0,0.23599845389876464,1.2068564815930953,0.02682447562034456,2047.6148089171975,0.5719374397411745,1.9166666666666665,1.8473667498222477,1.3999718450182725,0.17102376207961084,0.09233163575847696,2.0434219053791316,0.2982006222147482,81.09480057333633,1.5633978438421292,0.10838560493696962,Semiconductors,Technology,MXL
2021Q3,2021,Q3,2021-10-27,2021-09-30,9258000.0,229774000.0,23786000.0,0.12,129793000.0,0.5648724398757039,1053894000.0,457543000.0,418280000.0,231274000.0,596351000.0,127347000.0,-198596000.0,3771663500.0,3958737500.0,5.974550155388995,1.8085906759947077,0.33826741588812537,0.7791573688156086,0.012381532419376758,5.974550155388995,0.020234163783513243,16.41466615021717,101.84876593216677,8.243298444080665,0.0,0.7851068340832529,0.0,0.2180238240278434,1.1946479068118336,0.008784564671589362,54.70222193215275,0.5648724398757039,11.0,-0.19763444731046667,1.00102246448665,0.13317885147856504,0.15327474831842053,11.630286493860845,9.792196007259529,1.5963560956731015,1.4261984887668784,0.046658528881048794,Semiconductors,Technology,MXL
2021Q2,2021,Q2,2021-07-28,2021-06-30,733000.0,205376000.0,2204000.0,0.01,112543000.0,0.5479851589280149,1026627000.0,433667000.0,378108000.0,211789000.0,592960000.0,98502000.0,-207854000.0,3226265700.0,3472064700.0,5.711405241669959,1.7853051858217377,0.3663560377819792,0.8672806554337775,-0.0002642903577146744,5.711405241669959,0.0016902369790645817,15.709068732471176,1100.3634720327423,7.439500123366547,0.0,0.9424478690788004,0.0,0.20004928761858007,1.2542341670247275,0.0007139886248851823,193.27057449230216,0.5479851589280149,-0.7999999999999999,-0.9728694743685794,0.6882600926686567,0.12863148899956509,0.007375647830718141,-0.8072067332982641,-0.7777777777777778,1.0457412767121976,0.8204228219975944,-0.024085063826314142,Semiconductors,Technology,MXL
2021Q1,2021,Q1,2021-04-28,2021-03-31,3802000.0,209359000.0,9918000.0,0.05,111719000.0,0.5336240620178736,998599000.0,420778000.0,344980000.0,197637000.0,577821000.0,92154000.0,-208587000.0,2550956160.0,2778852160.0,5.621466360284295,1.7455233584804464,0.37651850242189305,0.89356145045606,0.008114471167273738,5.621466360284295,0.009035643498471878,12.184602333790284,167.73778011572855,6.062475129403152,0.0,1.0595307854243983,0.0,0.20965272346557526,1.214792776656193,0.0038073340750391297,77.28296655356277,0.5336240620178736,1.1515151515151514,-0.8337039481981697,0.7047137943970647,0.22153176799261345,0.34460264541986113,1.1541018158236056,1.419277108433735,0.8610740571012667,0.7079080910899161,-0.06402020808103527,Semiconductors,Technology,MXL
2020Q4,2020,Q4,2021-02-11,2020-12-31,-24672000.0,194716000.0,-23655000.0,-0.33,83087000.0,0.4267086423303683,1022442000.0,391117000.0,361718000.0,233661000.0,631325000.0,97839000.0,-212389000.0,2838853650.0,3082550650.0,5.261545705253245,1.5480461009753446,0.38398070501798637,1.0037865907132648,-0.02493148243942524,5.261545705253245,-0.06308086838465217,14.579457517615399,-28.765945707684825,7.258323340586065,0.0,1.140945839593618,0.0,0.19044209842709905,1.0660957541053064,-0.024130464124126356,40.84505201214336,0.4267086423303683,0.33999999999999997,-1.4043923537765188,0.638522658300506,0.23862169838679478,0.25497689031205634,0.3267294310274253,0.3158351409978308,-0.14594210999118823,0.5466578053384209,-0.08808692938320895,Semiconductors,Technology,MXL
2020Q3,2020,Q3,2020-11-05,2020-09-30,-36645000.0,156633000.0,-34575000.0,-0.5,66206000.0,0.4226823210945331,1007779000.0,396808000.0,350053000.0,211374000.0,610971000.0,104471000.0,-187717000.0,1705862480.0,2005165480.0,5.40595624097436,1.6560835296677927,0.39281727442226916,0.9976436966996634,-0.040361137373532543,5.40595624097436,-0.09234944859982662,10.890824283516245,-11.637757402101242,4.298961916090401,0.0,0.8655703496664146,0.0,0.15542395703819983,1.0923055815757852,-0.036362138921330965,-76.99672669826224,0.4226823210945331,-0.6666666666666667,-20.137631705919134,0.3594627824786842,0.23933500528355825,1.0219894328558776,-0.6804237171550419,-0.5181119648737651,-2.633151952451326,0.25335369439237476,-0.09077531527227793,Semiconductors,Technology,MXL
2020Q2,2020,Q2,2020-07-23,2020-06-30,-21807000.0,65220000.0,-22775000.0,-0.3,32743000.0,0.5020392517632628,693060000.0,401975000.0,190578000.0,69964000.0,291085000.0,34284000.0,-151072000.0,1561000400.0,1672729400.0,5.526189166895794,2.723943742496141,0.31612125934262547,0.5450363828596305,-0.03139044125146523,5.526189166895794,-0.05424964239069594,23.93438209138301,-17.89563442931169,3.8833270725791404,0.0,0.947293197993233,0.0,0.09410440654488789,2.126750900463095,-0.031464808241710676,291.9940890385335,0.5020392517632628,-0.42857142857142855,0.48559545680837146,-0.33427144785413143,0.14255680748905875,0.0643976334438593,-0.4097226711487491,-0.13117115327307044,-2.8014694730063825,-0.43290358096620346,-0.08492417067908596,Semiconductors,Technology,MXL
2020Q1,2020,Q1,2020-04-29,2020-03-31,-15469000.0,62027000.0,-20134000.0,-0.21,30762000.0,0.4959453141373918,693425000.0,408157000.0,180609000.0,62428000.0,285268000.0,31088000.0,-129265000.0,840695130.0,962299130.0,5.665778258998598,2.893076824501826,0.29880232180841476,0.507640442280789,-0.022330025778766478,5.665778258998598,-0.037899631759347505,13.553696454769698,-13.586772415799341,2.059734685427421,0.0,1.005693515182707,0.0,0.08945019288315247,2.293345934516563,-0.022308108302988787,149.77643506146447,0.4959453141373918,-0.9090909090909091,-0.7287156988985428,-0.07527220979521446,1.1949124164704796,-0.16005897771952818,-0.9088104639684107,-1.540247287408529,-2.655277689175994,-0.3677333117887649,0.00986588471051721,Semiconductors,Technology,MXL
2019Q4,2019,Q4,2020-02-05,2019-12-31,-8104000.0,70018000.0,-7926000.0,-0.11,36624000.0,0.5230654974435145,705791000.0,414920000.0,181770000.0,66562000.0,290871000.0,31510000.0,-113796000.0,1522450120.0,1650796120.0,5.7831795500794465,2.7308374147411434,0.29315902299689284,0.4986720331630194,-0.009361230655415992,5.7831795500794465,-0.01953147594717054,21.743696192407665,-46.96600814412635,3.6692618336064786,0.0,1.059790542684862,0.0,0.09920500544778837,2.1501607523812387,-0.011482152648588605,60.611916553865754,0.5230654974435145,-0.5714285714285713,-0.7931093964400193,0.12669838350630414,1.188110233999101,-0.12600229095074456,-0.7191344929995758,-1.3773245350929815,-1.8761379370184317,-0.2747836685747971,0.06256226087537821,Semiconductors,Technology,MXL
2019Q3,2019,Q3,2019-10-24,2019-09-30,-4714000.0,80020000.0,-3334000.0,-0.07,41904000.0,0.5236690827293177,706765000.0,413351000.0,165120000.0,63119000.0,293414000.0,37642000.0,-105692000.0,1597171080.0,1760526080.0,5.791987781296416,2.616011026790665,0.29234894201042777,0.49987057004821567,-0.005158064587633136,5.791987781296416,-0.011404351265631388,19.959648587853035,-84.70359991514637,3.863958427583337,0.0,1.0125923170926092,0.0,0.11322009437366026,1.9400497473027138,-0.006669826604316852,78.11273438646256,0.5236690827293177,-1.3333333333333337,0.23948405449039195,0.27149434224253843,1.225567414849106,-0.049364791288566245,-1.1148497083894122,-0.12369396697000337,-1.4384095696676242,-0.25220083632512935,0.09855267611524858,Semiconductors,Technology,MXL
2019Q2,2019,Q2,2019-07-25,2019-06-30,-2229000.0,82507000.0,-2967000.0,-0.03,44080000.0,0.5342576993467221,729160000.0,411376000.0,172650000.0,66918000.0,317784000.0,42875000.0,-100978000.0,1724701440.0,1909255440.0,5.800809396900602,2.5800233121133327,0.31040512370398815,0.5501900937341994,-0.0017691716657880548,5.800809396900602,-0.005418400684531912,20.90369835286703,-193.43892328398383,4.192518377348216,0.0,0.8962565597667639,0.0,0.11315349168906687,1.8417615589228609,-0.0030569422349004333,144.68971812080537,0.5342576993467221,0.5714285714285715,-0.8536650964798123,0.1798071658061972,1.1840170821406726,-0.022117709696741133,0.5405071119356833,0.621072796934866,-1.0883338880072897,-0.2738213031439589,0.14629865505959516,Semiconductors,Technology,MXL
2019Q1,2019,Q1,2019-05-01,2019-03-31,-4851000.0,84635000.0,-7830000.0,-0.07,45077000.0,0.5326047143616707,748882000.0,408204000.0,179320000.0,73483000.0,340678000.0,42753000.0,-98749000.0,1831762240.0,2027869240.0,5.834152755545392,2.4402923125076548,0.32187180356851947,0.5904988682129524,-0.004971023704626485,5.834152755545392,-0.011883764000352764,21.643081940095705,-94.40126984126984,4.487369648509079,0.0,0.9252684022173883,0.0,0.11301513456058498,1.779200631438564,-0.006477656025915966,131.87633117350612,0.5326047143616707,-16.654565916398713,-1.8447711164480627,0.3163658162485571,1.3155005701656823,-0.01793028322440087,-16.59807073954984,0.2690440627333831,-1.2269891242722526,-0.2627516866453135,0.26774803467113983,Semiconductors,Technology,MXL
2018Q4,2018,Q4,2019-02-05,2018-12-31,311000.0,87627000.0,-10712000.0,0.004471538870756711,45900000.0,0.5238111540963402,738831000.0,399936000.0,180611000.0,70567000.0,338895000.0,41738000.0,-93630000.0,1224097600.0,1407926600.0,5.750255208408219,2.5594257939263394,0.3461644137833957,0.6394948191710673,0.0003714488114718957,5.750255208408219,0.0007776244199071852,13.969411254522008,984.0012861736334,3.060733717394783,0.0,0.9997364511955532,0.0,0.11860222432464258,1.879532926155285,0.00042093523417398564,53.780484161504326,0.5238111540963402,1.0223576943537835,1.059021948094208,0.39416902936730314,1.3179750181897083,0.0461300027349804,1.022317904556871,0.14767663908338638,1.0323930124538256,-0.21190472705506014,0.3536689162055451,Semiconductors,Technology,MXL
2018Q3,2018,Q3,2018-10-30,2018-09-30,-13935000.0,85010000.0,-12568000.0,-0.2,43876000.0,0.5161275144100694,742144000.0,392394000.0,174253000.0,66464000.0,349750000.0,41757000.0,-93941000.0,1371402900.0,1575865900.0,5.708213319368072,2.621765166104959,0.3644440971024491,0.6892816913612339,-0.016499278585659742,5.708213319368072,-0.03551277542470068,16.132253852487942,-24.603568353067814,3.4949639902750804,0.0,0.9850803458102833,0.0,0.1145465031045188,1.8930247953779489,-0.01877667945843394,47.107821516900245,0.5161275144100694,0.04761904761904753,-0.432787066199866,0.34336370703500735,1.3269020980780966,-0.22109000532575893,0.033767854666481766,-49.88259109311741,-8.770807836745036,-0.21215677881349843,0.30862853285760816,Semiconductors,Technology,MXL
2018Q2,2018,Q2,2018-08-07,2018-06-30,-14422000.0,101533000.0,-247000.0,-0.21,56330000.0,0.5547949927609742,798366000.0,399921000.0,209695000.0,80160000.0,398445000.0,44338000.0,-80163000.0,1065342650.0,1297619650.0,5.852359698543938,2.6159555888223553,0.38225951505950906,0.7631082138722398,-0.001577673180665232,5.852359698543938,-0.03606212226914816,10.492575320339201,-18.46731815975593,2.6638827418415136,0.0,1.0195092245929,0.0,0.12717600699428583,1.9674026946107785,-0.018064396529912347,31.89553157091105,0.5547949927609742,-8.0,-1.4526395143355706,0.684183711382273,1.2979910305939804,-0.10113614603944597,-8.808337845154304,-1.0557562076749436,0.637870036216492,0.10319860907757282,0.20999357993422835,Semiconductors,Technology,MXL
2018Q1,2018,Q1,2018-05-09,2018-03-31,1847000.0,110827000.0,4430000.0,0.03,62668000.0,0.5654578757883909,808714000.0,406448000.0,201065000.0,67061000.0,402266000.0,45758000.0,-65743000.0,1539583500.0,1807963500.0,6.005969796376747,2.998240407986758,0.39927094127219265,0.7944337282998071,-0.6588970031585497,6.005969796376747,0.004544246742510727,13.891772762954876,208.389753654575,3.787897836869661,0.0,1.0524716989378906,0.0,0.13704103057446762,2.181252889160615,0.002283872914281192,160.5405109489051,0.5654578757883909,1.103448275862069,1.3894655259035966,1.025689209415744,1.4429839840236118,0.2030023227688941,1.0949712052653229,1.7818566890222378,1.2197222615579735,0.7588327298188069,1.3267020127511953,Semiconductors,Technology,MXL
2017Q4,2017,Q4,2018-02-20,2017-12-31,-19448000.0,113721000.0,-5666000.0,-0.29,52093000.0,0.4580772240835026,824862000.0,387424000.0,201304000.0,76386000.0,437438000.0,53434000.0,-69119000.0,1774023740.0,2050865740.0,5.769788672613817,2.635352027858508,0.4214147336160473,0.8972314570083423,-0.014271124460125958,5.769788672613817,-0.05019823242752127,15.599790188267779,-22.804706653640476,4.5790238601635425,0.0,1.1533480555451585,0.0,0.1378666977021611,1.8062341266724269,-0.02357727716878702,95.00475231617844,0.4580772240835026,-1.0714285714285712,-1.075103912329999,1.2386651863616642,1.36025368643648,0.004841634196211566,-1.1215228537144104,0.46763130696232263,-3.597834969913913,0.9552834262172639,1.1830436930468373,Semiconductors,Technology,MXL
2017Q3,2017,Q3,2017-11-07,2017-09-30,-9167000.0,113581000.0,-10643000.0,-0.14,51842000.0,0.456431973657566,877014000.0,396648000.0,219418000.0,98381000.0,480366000.0,63692000.0,-49671000.0,1584410000.0,1881574000.0,5.945676939681017,2.230288368689076,0.41883253859117414,0.9260654282890624,-0.008254256741836346,5.945676939681017,-0.023111171618160183,13.94960424718923,-43.20961055961601,3.9944989007886083,0.0,0.9693368083903787,0.0,0.12950876496840416,1.4961628769782784,-0.01045251273069757,45.029557210254076,0.456431973657566,-1.8750000000000002,-11.173341194654302,1.0407410580880554,1.3615142037220915,0.014441139636819035,-1.8360237118103055,0.32617917062361507,-0.5820979658948919,0.9306740877805378,1.2846223707350442,Semiconductors,Technology,MXL
2017Q2,2017,Q2,2017-08-08,2017-06-30,10965000.0,104175000.0,-15795000.0,0.16,51104000.0,0.4905591552675786,937627000.0,397907000.0,258169000.0,110197000.0,539720000.0,77559000.0,-40504000.0,1837644210.0,2167097210.0,6.039050524366738,2.34279517591223,0.4447621495541404,1.0480363502024341,0.011434887244392272,6.039050524366738,0.027556690382426044,17.639973218142547,41.89795280437757,4.618275652350926,0.0,0.6842661715597158,0.0,0.11110494898291111,1.5450783596649638,0.011694415796473437,-136.6278223048327,0.4905591552675786,0.3333333333333334,3.1836360654656732,1.1740010925231523,1.264753548892484,-0.03438893507671378,0.2956398440269408,-2.5139461324642958,10.81447965517765,0.6033235868182524,1.273715373612291,Semiconductors,Technology,MXL
2017Q1,2017,Q1,2017-05-09,2017-03-31,8463000.0,88841000.0,10433000.0,0.12,52924000.0,0.595715941963733,446097000.0,366013000.0,248429000.0,64555000.0,80084000.0,31685000.0,-51469000.0,1829925900.0,1742549900.0,5.610426438578743,3.848330880644412,0.0,0.0,0.022900470599394443,5.610426438578743,0.023122129541846875,20.597763420042547,54.05665544133286,4.999619958853921,0.0,1.1335647782862552,0.0,0.199151753990724,3.2622414994965534,0.01897121029731202,83.90691457655096,0.595715941963733,0.0,1.658549135900669,1.193309783324734,1.1056165561281552,0.05001686407555106,0.013775754671777671,0.2536649843787551,6.322788595091654,0.48196810653756106,1.226706457943484,Semiconductors,Technology,MXL
2016Q4,2016,Q4,2017-02-09,2016-12-31,8348000.0,87136000.0,8322000.0,0.12,50403000.0,0.5784405986044804,422652000.0,352424000.0,214043000.0,54543000.0,70228000.0,26583000.0,-59932000.0,1411593600.0,1330257600.0,5.442673585371881,3.9242982600883707,0.0,0.0,0.02284456014008176,5.442673585371881,0.023687376569132636,16.199889827396255,42.27340680402492,4.005384423308287,0.0,1.3818229695670166,0.0,0.2061648826930903,3.3240012467227693,0.019751474025912572,54.461730776650334,0.5784405986044804,-0.14285714285714296,1.915317904645985,1.3231531986718252,0.9490066377415544,-0.09190328624963967,-0.13751420601301786,-0.21961740435108776,2.701710908349373,0.4891049206472708,1.193986344224429,Semiconductors,Technology,MXL
2016Q3,2016,Q3,2016-11-07,2016-09-30,9679000.0,96324000.0,10664000.0,0.14,55504000.0,0.5762219176944479,408376000.0,338703000.0,186844000.0,54491000.0,69673000.0,32119000.0,-68280000.0,1302165070.0,1247701070.0,5.272380566927663,3.428896515020829,0.0,0.0,0.028179688894047827,5.272380566927663,0.028576658606507765,13.518594223661808,33.63377079243723,3.844563142340044,0.0,1.2708988449204521,0.0,0.23587086410562816,2.714099576076783,0.023701196936156875,79.90213352150703,0.5762219176944479,-0.5757575757575757,1.4332007569056606,1.7833429685498376,0.827409593654135,-0.11776580357000938,-0.5714222458377612,-0.5233114299763086,2.064915234540846,0.6288008024481379,1.1492387751914512,Semiconductors,Technology,MXL
2016Q2,2016,Q2,2016-08-08,2016-06-30,22584000.0,101687000.0,22371000.0,0.33,62913000.0,0.6186926549116406,391912000.0,321188000.0,251407000.0,55620000.0,70724000.0,25604000.0,-77959000.0,1141190600.0,994851600.0,5.060469513155821,4.520082704063286,0.0,0.0,0.06914348058518675,5.060469513155821,0.07031395942563234,11.22258105755898,12.632733351044987,3.553030001120839,0.0,1.5143727542571472,0.0,0.2594638592337055,3.97017259978425,0.05762518116311825,37.45661207207799,0.6186926549116406,0.13793103448275876,3.4069153263452967,1.8725657003047422,0.5869057933555121,0.02849435998038254,0.18141870684243566,0.03082665192148189,5.135078848990934,0.8160273277505161,0.9870469606848716,Semiconductors,Technology,MXL
2016Q1,2016,Q1,2016-05-09,2016-03-31,19116000.0,102685000.0,21702000.0,0.29,61170000.0,0.595705312363052,366257000.0,288015000.0,226696000.0,63274000.0,78242000.0,29421000.0,-102108000.0,1157822500.0,1082288500.0,4.601981305424623,3.5827670133072034,0.0,0.0,0.06615729724217956,4.601981305424623,0.06637154314879433,11.275478404830306,15.142060315965683,4.020007638491051,0.0,1.4110669249855545,0.0,0.2803632422042446,3.0200398267850934,0.05219285911259034,32.402958132766145,0.595705312363052,3.071428571428571,9.523868055124472,2.1088255529612443,0.39431690371469974,0.09702295552367288,3.2373595505617976,3.4910468319559227,5.358637373172486,1.0294849505915642,0.8718986283798479,Semiconductors,Technology,MXL
2015Q4,2015,Q4,2016-02-17,2015-12-31,-8544000.0,98949000.0,-8712000.0,-0.14,55760000.0,0.5635226227652629,334505000.0,262924000.0,190002000.0,55832000.0,71581000.0,32443000.0,-121221000.0,911713350.0,843757350.0,4.247903707892398,3.4031021636337586,0.0,0.0,-0.03335366056763126,4.247903707892398,-0.03249608251814212,9.213972349392112,-26.677005793539326,3.4675927264152384,0.0,1.3312270751780044,0.0,0.2958072375599767,2.7520955724315805,-0.02554221909986398,39.56745725197465,0.5635226227652629,-5.666666666666667,-1.781065847748844,2.2282533250258343,0.2973687625932939,0.09226248775710089,-6.400758533501897,-6.194991055456172,0.010997954634390704,1.113152946946092,0.7376945595545026,Semiconductors,Technology,MXL
2015Q3,2015,Q3,2015-11-04,2015-09-30,1582000.0,95191000.0,1677000.0,0.03,51050000.0,0.5362901955016756,342610000.0,264528000.0,167477000.0,67485000.0,78082000.0,36265000.0,-112677000.0,754411360.0,696262360.0,4.361981399643823,2.4816922279024967,0.0,0.0,0.00470635240759469,4.361981399643823,0.005980463315792657,7.925238310344465,119.21797724399494,2.851914957962862,0.0,1.21717909830415,0.0,0.2778406934998978,1.8776320663851227,0.004617495111059222,34.35232275397295,0.5362901955016756,1.0517241379310345,-0.39676505702696385,1.6493617714093032,0.41370431222168125,0.894811075643976,1.0516200606910955,1.0523081721771679,0.9313410871461133,0.8814566881995336,0.7324992824421932,Semiconductors,Technology,MXL
2015Q2,2015,Q2,2015-08-10,2015-06-30,-30647000.0,70824000.0,-32060000.0,-0.58,26942000.0,0.3804077713769344,339301000.0,254342000.0,159049000.0,74236000.0,84959000.0,38822000.0,-114259000.0,636290600.0,579559600.0,4.836686570570114,2.142478042998006,0.0,0.0,-0.12060433182045727,4.836686570570114,-0.12049523869435642,8.98410990624647,-5.1904803080236235,2.5017126546146526,0.0,1.1303384678790376,0.0,0.20873501699081345,1.548170698852309,-0.0903239306692288,151.5699380657456,0.3804077713769344,-3.833333333333333,-11.310503187379751,1.3150732077112581,0.6130204895693144,0.2432282774214388,-5.4902583650995345,-6.039964866051823,-6.64719861859143,0.8519083049262184,0.8138452446095279,Semiconductors,Technology,MXL
2015Q1,2015,Q1,2015-05-06,2015-03-31,-4722000.0,35396000.0,-4554000.0,-0.12,21671000.0,0.6122443213922477,141509000.0,98129000.0,102031000.0,39858000.0,43380000.0,12849000.0,-83511000.0,309061950.0,286292950.0,2.5813231619097725,2.5598625119173066,0.0,0.0,-0.048503760335965596,2.5813231619097725,-0.04812033140050342,8.731550175161034,-16.36287325285896,3.149547534368026,0.0,1.0681765117908009,0.0,0.25013250040633456,2.1478247779617643,-0.033368902331300486,112.63190597667638,0.6122443213922477,-1.0,-2.1719332757664307,-0.27378683106265617,-0.6421297675137814,0.09726582278481012,-0.9991532599491956,-0.0048543689320388345,0.3694268568411473,0.49963776109391816,-0.031218598810969632,Semiconductors,Technology,MXL
2014Q4,2014,Q4,2015-02-23,2014-12-31,-2362000.0,32478000.0,-4532000.0,-0.06,19750000.0,0.6081039472873946,135711000.0,99102000.0,100914000.0,33246000.0,36609000.0,10858000.0,-78789000.0,277845360.0,257149360.0,2.643001920204822,3.0353726764121998,0.0,0.0,-0.02388673641802279,2.643001920204822,-0.0238340295856794,8.554878995012007,-29.40784928027096,2.8036301991887145,0.0,1.1722232455332473,0.0,0.23931737294692398,2.635444865547735,-0.01740463190161446,-40.85360388178209,0.6081039472873946,0.3333333333333333,-1.329417967252621,-0.4285529771117878,0.6697725661157953,-0.007986337837159074,0.26302652106084246,-0.4211351520852932,0.5527630705160981,0.4953324374500445,-0.053548186338478555,Semiconductors,Technology,MXL
2014Q3,2014,Q3,2014-10-30,2014-09-30,-3205000.0,32541000.0,-3189000.0,-0.09,19909000.0,0.6118127900187456,137200000.0,96034000.0,113900000.0,39691000.0,41166000.0,9576000.0,-76427000.0,253878880.0,219823880.0,2.60247689764505,2.8696681867425866,0.0,0.0,-0.03349965387416005,2.60247689764505,-0.03337359685111523,7.801815555760426,-19.80334477379095,2.643635379136556,0.0,1.3191311612364245,0.0,0.2371793002915452,2.5761507646569752,-0.023360058309037902,78.47878825347759,0.6118127900187456,-3.4999999999999996,-1.4021910288122623,-0.4540175564849693,2.1731087718924926,-0.10505259372471455,-4.2369281045751634,-8.547904191616766,0.750275640456903,0.6369569843550869,-0.09798027861423453,Semiconductors,Technology,MXL
2014Q2,2014,Q2,2014-07-31,2014-06-30,-612000.0,35592000.0,-334000.0,-0.02,22246000.0,0.6250280962013935,134963000.0,95864000.0,107534000.0,37726000.0,39099000.0,9763000.0,-73222000.0,363456510.0,332208510.0,2.6560274845537917,2.8503949530827546,0.0,0.0,-0.0073022969755098255,2.6560274845537917,-0.006384044062421764,10.211747302764666,-148.47079656862746,3.791376429107903,0.0,1.366997849021817,0.0,0.26371672236094335,2.539654349785294,-0.00453457614309107,83.47646072576941,0.6250280962013935,0.0,-2.1018202975646245,-0.12276333144863713,0.0,0.10936019548197277,0.2900232018561485,0.5840597758405978,0.8853017250612455,0.76808217252625,-0.1670999318161298,Semiconductors,Technology,MXL
2014Q1,2014,Q1,2014-04-30,2014-03-31,-862000.0,32501000.0,-803000.0,-0.02,20053000.0,0.6169964001107658,131956000.0,89116000.0,107364000.0,41691000.0,42840000.0,11042000.0,-72610000.0,335298120.0,306798120.0,2.5196075659475814,2.575232064474347,0.0,0.0,-0.01030138883746193,2.5196075659475814,-0.009672786031689034,10.316547798529276,-97.2442343387471,3.762490686296512,0.0,1.127332005071545,0.0,0.2463017975688866,2.270202201914082,-0.006532480523810967,126.71886621315193,0.6169964001107658,0.75,-3.626572397592094,0.038765578913020494,0.0,0.04857770340932859,0.67434831885153,0.6991382540277258,0.31986607496889685,0.7411394060401942,-0.23660458685761487,Semiconductors,Technology,MXL
2013Q4,2013,Q4,2014-02-07,2013-12-31,-2647000.0,31574000.0,-2669000.0,-0.08,19124000.0,0.6056882244885032,124929000.0,86674000.0,93716000.0,37158000.0,38255000.0,10032000.0,-71748000.0,364413770.0,337963770.0,2.480723546752912,2.5220948382582487,0.0,0.0,-0.03121812416184765,2.480723546752912,-0.030539723561852458,11.54157756381833,-34.41762089157537,4.204418510741399,0.0,1.2410287081339713,0.0,0.2527355537945553,2.2068464395285,-0.02118803480376854,158.8551743679163,0.6056882244885032,0.4285714285714286,0.06454986108683931,0.1553938466837727,1.9697738424498332,-0.03565125308859866,0.4578041786153216,0.43188590889740314,-1.4286723253017983,0.8248656595651327,-0.24235259094804387,Semiconductors,Technology,MXL
2013Q3,2013,Q3,2013-10-30,2013-09-30,-4882000.0,31765000.0,-4698000.0,-0.14,19831000.0,0.6243034786714938,120182000.0,84648000.0,92646000.0,34617000.0,35534000.0,9675000.0,-69101000.0,286054740.0,259554740.0,2.4531385845939835,2.676315105295086,0.0,0.0,-0.05732030384361829,2.4531385845939835,-0.05767413287969001,9.00534361718873,-14.648440188447356,3.379344343634817,0.0,1.2334883720930232,0.0,0.26430746700837066,2.3499725568362364,-0.04062172371902614,146.69473846153846,0.6243034786714938,-0.5555555555555558,-1.6551573805275557,-0.43004553511180377,2.1057920993877874,0.14656567992599445,-0.681129476584022,-0.6893203883495146,-4.271681419267792,0.5537725942309442,-0.20494557913495778,Semiconductors,Technology,MXL
2013Q2,2013,Q2,2013-08-01,2013-06-30,-2904000.0,29773000.0,-2781000.0,-0.09,17296000.0,0.5809290296577436,117653000.0,85947000.0,90826000.0,30803000.0,31706000.0,9355000.0,-64219000.0,234548600.0,209830600.0,2.5467286950337797,2.948608901730351,0.0,0.0,-0.03388574272562938,2.5467286950337797,-0.033788264860902646,7.877896080341249,-20.191856060606064,2.72899112243592,0.0,1.3337252805986104,0.0,0.25305772058511045,2.586014349251696,-0.024682753520947193,54.929414519906324,0.5809290296577436,-0.28571428571428553,-6.591533093028606,-0.215194708322385,0.0,0.034944949736716135,-0.26260869565217393,-0.26294277929155313,-2.5223362928029225,0.5164530599596303,-0.15067360546801037,Semiconductors,Technology,MXL
2013Q1,2013,Q1,2013-05-01,2013-03-31,-2300000.0,26534000.0,-2202000.0,-0.07,16712000.0,0.6298334212708223,112245000.0,80689000.0,86952000.0,30728000.0,31556000.0,8662000.0,-61315000.0,195284950.0,178110950.0,2.458456476036684,2.829731840666493,0.0,0.0,-0.028273387343396888,2.458456476036684,-0.028504504951108577,7.359800633149921,-21.226625000000002,2.4202177496313007,0.0,1.1339182636804432,0.0,0.23639360327854247,2.5032543608435303,-0.02049089046282685,753.9959459459459,0.6298334212708223,0.4984784981445099,-8.552329301361933,-0.0861087416151521,0.0,0.06418746816097809,0.49792621698319145,0.5001135073779795,-1.661162060875659,-0.3694553515833585,-0.6591637949021546,Semiconductors,Technology,MXL
2012Q4,2012,Q4,2013-02-06,2012-12-31,-4581000.0,24830000.0,-4405000.0,-0.1395752719295573,15704000.0,0.6324607329842932,110597000.0,80233000.0,98018000.0,29568000.0,30364000.0,9891000.0,-59015000.0,164761420.0,142953420.0,2.444562932268974,3.315002705627706,0.0,0.0,-0.056201681304185715,2.444562932268974,-0.057096207296249674,6.635578735400725,-8.991564068980571,2.0535368240000995,0.0,0.9226569608735213,0.0,0.22450880222790853,2.9299580627705626,-0.04142065336311111,-247.01862068965517,0.6324607329842932,-14.95752719295573,-0.7233982829160156,-0.03275648457605776,1.9556377981093274,-0.10093318829793324,-11.18,-10.898876404494382,-1.7298957129580081,-0.5008896821098783,0.5444045232210764,Semiconductors,Technology,MXL
2012Q3,2012,Q3,2012-10-29,2012-09-30,450000.0,27795000.0,445000.0,0.01,17467000.0,0.6284223781255621,113657000.0,83881000.0,104045000.0,29093000.0,29776000.0,8946000.0,-51594000.0,224883000.0,198253000.0,2.5177392243966863,3.5762898291685286,0.0,0.0,0.004832382100132749,2.5177392243966863,0.005364742909598121,8.090771721532649,124.935,2.6809766216425652,0.0,1.154482450257098,0.0,0.24455158943135927,3.2208778744027775,0.003959280994571386,47.725594227504246,0.6284223781255621,1.125,-0.9374536254697318,-0.48346501291782834,2.134911888036437,0.15507208041264384,1.175849941383353,1.1782138566279536,-0.9374536254697318,-0.48346501291782834,2.134911888036437,Semiconductors,Technology,MXL
2012Q2,2012,Q2,2012-08-03,2012-06-30,-2559000.0,24420000.0,-2497000.0,-0.08,15122000.0,0.6192465192465193,115718000.0,89537000.0,106414000.0,25505000.0,26181000.0,8537000.0,-42808000.0,166546880.0,154039880.0,2.666537613913872,4.172279945108802,0.0,0.0,-0.029378831808094467,2.666537613913872,-0.028580363425176183,6.820101556101556,-16.270699491989056,1.8600900186515072,0.0,1.0891413845613214,0.0,0.21103026322611868,3.773534601058616,-0.022114104979346343,940.942824858757,0.6192465192465193,0.6,-5.952195590249919,-0.35303885230440063,0.0,0.21794458762886598,0.6100274306613838,0.6129282281816772,-5.952195590249919,-0.35303885230440063,0.0,Semiconductors,Technology,MXL
2012Q1,2012,Q1,2012-05-02,2012-03-31,-6562000.0,20683000.0,-6451000.0,-0.2,12416000.0,0.6002997630904607,108533000.0,88760000.0,95093000.0,19280000.0,19773000.0,6766000.0,-40249000.0,185547840.0,161761840.0,2.6645052833813643,4.932209543568464,0.0,0.0,-0.07335283137781924,2.6645052833813643,-0.07392969806219017,8.971031281728957,-7.069027735446511,2.0904443442992338,0.0,1.221844516701153,0.0,0.19056876710309306,4.520954356846473,-0.060460873651331855,-87.39888836552049,0.6002997630904607,-0.4199488491048594,-22.22953146535522,-0.29813040099397503,0.0,0.05911456111916745,-0.39855072463768115,-0.49849012775842044,-22.22953146535522,-0.29813040099397503,0.0,Semiconductors,Technology,MXL
2011Q4,2011,Q4,2012-03-14,2011-12-31,-4692000.0,19296000.0,-4305000.0,-0.14085014409221902,11723000.0,0.6075352404643449,112376000.0,93025000.0,95079000.0,18494000.0,19351000.0,8082000.0,-33687000.0,158232000.0,130240000.0,2.792537223823247,5.141072780361198,0.0,0.0,-0.04923032230512964,2.792537223823247,-0.050438054286482126,8.200248756218905,-8.430946291560103,1.7009621069604945,0.0,0.9370205394704281,0.0,0.17170926176407775,4.628690386071158,-0.04175268740656368,-54.31925849639547,0.6075352404643449,0.5975710168793742,-0.7391396994699273,-0.25941058757295193,2.091669225809545,0.03450405930109424,0.5879873551106428,-0.36363636363636365,-0.7391396994699273,-0.25941058757295193,2.091669225809545,Semiconductors,Technology,MXL
2011Q3,2011,Q3,2011-11-01,2011-09-30,-11388000.0,17639000.0,-3157000.0,-0.35,11332000.0,0.6424400476217472,113163000.0,94469000.0,106973000.0,17712000.0,18694000.0,9228000.0,-28995000.0,211519780.0,168056780.0,2.8851662950859724,6.039577687443541,0.0,0.0,-0.12032106562624847,2.8851662950859724,-0.12054748118430385,11.991597029310052,-4.643479539866527,2.23903904984704,0.0,0.6834633723450368,0.0,0.155872502496399,5.434677055103885,-0.10063359932133295,-66.95782842671731,0.6424400476217472,-1.3333333333333333,-2.6105398349929607,-0.6664650026035157,2.3005356136673547,-0.009007433318758199,-1.3744787322768974,0.4445812807881773,-2.6105398349929607,-0.6664650026035157,2.3005356136673547,Semiconductors,Technology,MXL
2011Q2,2011,Q2,2011-07-28,2011-06-30,-4796000.0,18094000.0,-5684000.0,-0.15,11435000.0,0.6319774510887587,122126000.0,103454000.0,110382000.0,17320000.0,18672000.0,6675000.0,-17607000.0,280947720.0,259093720.0,3.1888909438382345,6.373094688221709,0.0,0.0,-0.046750644715745554,3.1888909438382345,-0.04635876814816247,15.52712059246159,-14.644897831526274,2.715677692501015,0.0,0.9976029962546816,0.0,0.14815845929613677,5.740762124711316,-0.03927091692186758,-194.83198335644937,0.6319774510887587,-2.7499999999999996,-10.606249947115273,-0.5038484736837994,0.0,0.05576585726156403,-3.177700348432056,-2.0444563470808785,-10.606249947115273,-0.5038484736837994,0.0,Semiconductors,Technology,MXL
2011Q1,2011,Q1,2011-04-28,2011-03-31,-1148000.0,16908000.0,-1867000.0,-0.04,10831000.0,0.6405843387745446,119240000.0,105739000.0,108424000.0,13247000.0,13501000.0,5236000.0,-12811000.0,261742290.0,228686290.0,3.300527515060711,8.18479655771118,0.0,0.0,-0.011072959320184372,3.300527515060711,-0.010856921287320668,15.480381476224272,-56.99962761324041,2.475361881614163,0.0,1.1606187929717342,0.0,0.1417980543441798,7.504869026949498,-0.009627641730962764,-94.90293328498912,0.6405843387745446,-1.2263299187566232,-4.861845882003282,-0.403398960870431,0.0,0.03934363304865176,-1.2027552101730836,-0.7351301115241635,-4.861845882003282,-0.403398960870431,0.0,Semiconductors,Technology,MXL
2010Q4,2010,Q4,2011-02-08,2010-12-31,5662000.0,15865000.0,-1076000.0,0.17673315229266162,10421000.0,0.6568547116293728,118918000.0,104897000.0,109190000.0,13746000.0,14021000.0,7425000.0,-11663000.0,344718120.0,323271120.0,3.274245403751912,7.943401716863088,0.0,0.0,0.0576115553707726,3.274245403751912,0.053976758153236035,21.728214308225652,15.220687036382902,3.2862533723557394,0.0,0.7331986531986532,0.0,0.1334112581779041,7.095373199476211,0.04761264064313224,-77.20450615901456,0.6568547116293728,3.41832880731654,3.182203244061943,-0.36686087514019844,2.2799804115522693,-0.20059834305001534,3.187869822485207,-1.6650185414091472,3.182203244061943,-0.36686087514019844,2.2799804115522693,Semiconductors,Technology,MXL
2010Q3,2010,Q3,2010-10-29,2010-09-30,1352000.0,18523000.0,1618000.0,0.04,13036000.0,0.7037736867678022,115200000.0,96465000.0,109995000.0,18459000.0,18735000.0,6357000.0,-17325000.0,350782080.0,329638080.0,3.08549769703173,5.95888184625386,0.0,0.0,0.013334936303456045,3.08549769703173,0.01401544601668999,18.93764940884306,64.86355029585799,3.636366350489815,0.0,0.8631429919773478,0.0,0.16078993055555554,5.548458746410965,0.01173611111111111,56.73331392527899,0.7037736867678022,-0.20000000000000004,-0.7997490291477765,-0.6331802562328619,2.3908382500214933,0.026052735143644236,-0.23442808607021517,0.01825047199496539,-0.7997490291477765,-0.6331802562328619,2.3908382500214933,Semiconductors,Technology,MXL
2010Q2,2010,Q2,2010-07-30,2010-06-30,1766000.0,18176000.0,1589000.0,0.05,12705000.0,0.6989986795774648,110572000.0,93683000.0,105951000.0,16649000.0,16889000.0,4241000.0,-18677000.0,436777140.0,419175140.0,2.9985276701981243,6.36380563397201,0.0,0.0,0.017859692037809235,2.9985276701981243,0.018850805375575076,24.03043243838028,61.83141845979615,4.66228814192543,0.0,1.2900259372789435,0.0,0.16438157942336215,6.027328968706829,0.015971493687371125,-204.4836797752809,0.6989986795774648,4.0,2.672994672375239,-0.4824730732525889,0.0,0.15720921759723108,0.3238380809595202,0.157319737800437,2.672994672375239,-0.4824730732525889,0.0,Semiconductors,Technology,MXL
2010Q1,2010,Q1,2010-03-31,2010-03-31,1334000.0,16137000.0,1373000.0,0.01,10979000.0,0.6803619012207969,109435000.0,90783000.0,105857000.0,18446000.0,18652000.0,2877000.0,-20443000.0,223804252.0,155139252.0,7.21301446051168,5.738750948715168,0.0,0.0,0.014607273654776582,7.21301446051168,0.014694381106594847,13.869012331908037,41.94232608695652,2.4652660960752564,0.0,1.7928397636426834,0.0,0.14745739480056655,5.562127290469478,0.012189884406268562,219.20103036238982,0.6803619012207969,-0.9477059436913451,10.422811059907835,0.4493680355224917,0.0,0.02799625468164794,-0.3044838373305527,-0.2800209753539591,10.422811059907835,0.4493680355224917,0.0,Semiconductors,Technology,MXL
2009Q4,2009,Q4,2009-12-31,2009-12-31,1918000.0,15203000.0,1907000.0,0.19122632103688933,10680000.0,0.7024929290271656,35773000.0,15876000.0,30740000.0,19711000.0,19897000.0,2850000.0,-21777000.0,187561000.0,169879000.0,1.582851445663011,1.5595352848663182,0.0,0.0,0.11858426130629154,1.582851445663011,0.12081128747795414,12.337104518844965,24.447471324296142,11.814121945074326,0.0,1.5870175438596492,0.0,0.42498532412713497,1.4016538988382121,0.05361585553350292,37.72345132743363,0.7024929290271656,0.07196213759460313,3.3611568780582286,0.9379353236229415,1.6187742807928382,0.004136893569010906,-0.11449676823638043,-0.19569801771404471,3.3611568780582286,0.9379353236229415,1.6187742807928382,Semiconductors,Technology,MXL
2009Q3,2009,Q3,2009-09-30,2009-09-30,2166000.0,16200000.0,2371000.0,0.1783890627573711,10636000.0,0.6565432098765432,23449000.0,-22251000.0,20553000.0,10203000.0,45700000.0,1969000.0,-23695000.0,187561000.0,174446000.0,-2.218444666001994,2.014407527197883,0.0,0.0,-0.0983647363872083,-2.218444666001994,-0.09734393959822031,11.57783950617284,21.64831486611265,-8.429329018920498,0.0,2.8257998984255965,0.0,0.6908610175273999,1.789669704988729,0.09237067678792273,63.386617100371744,0.6565432098765432,11.168932339860666,0.0,0.0,0.0,0.4613904918933773,13.156862745098039,10.622549019607844,0.0,0.0,0.0,Semiconductors,Technology,MXL
2009Q2,2009,Q2,2009-06-30,2009-06-30,153000.0,11176000.0,204000.0,0.01465938488071285,7278000.0,0.6512168933428776,,,,,,,,185915400.0,,,0.0,0.0,0.0,0.0,,0.0,16.63523622047244,303.7833333333333,0.0,0.0,0.0,0.0,0.0,0.0,0.0,94.08674089068826,0.6512168933428776,0.6694171238611796,0.0,0.0,0.0,0.2748292170257488,0.6630434782608695,0.8545454545454545,0.0,0.0,0.0,Semiconductors,Technology,MXL
2009Q1,2009,Q1,2009-03-31,2009-03-31,92000.0,8771000.0,110000.0,0.008781139639209698,5709000.0,0.6508949948694561,,,,,,,,185410500.0,,,0.0,0.0,0.0,0.0,,0.0,21.139037738000226,503.83288043478257,0.0,0.0,0.0,0.0,0.0,0.0,0.0,-127.34237637362638,0.6508949948694561,1.1084246569399303,0.0,0.0,0.0,0.1418,1.1145703611457036,1.1369863013698631,0.0,0.0,0.0,Semiconductors,Technology,MXL
2008Q4,2008,Q4,2008-12-31,2008-12-31,-803000.0,7755000.0,-803000.0,-0.08098840141200202,5000000.0,0.6447453255963894,16723000.0,-25363000.0,14903000.0,6497000.0,42086000.0,3675000.0,-26106000.0,185410500.0,177838500.0,-2.558043368633384,2.2938279205787286,0.0,0.0,0.03209945634793732,-2.558043368633384,0.03166029255214289,23.908510638297873,-57.72431506849315,-7.310274809762252,0.0,0.7496598639455783,0.0,0.4637325838665311,1.7040172387255657,-0.04801770017341386,1800.1019417475727,0.6447453255963894,0.0,0.0,0.0,0.0,0.0,0.0,0.0,0.0,0.0,0.0,Semiconductors,Technology,MXL
