Quarters,Year,Quarter,FillingDate,Date,NetIncome,Revenue,OperatingIncome,EPSDiluted,GrossProfit,GrossProfitRatio,TotalAssets,CommonStockEquity,CurrentAssets,CurrentLiability,TotalLiability,Inventory,RetainedEarnings,MarketCap,EnterpriseValue,bookValuePerShare,currentRatio,debtToAssets,debtToEquity,roic,shareholdersEquityPerShare,roe,priceToSalesRatio,peRatio,pbRatio,payoutRatio,inventoryTurnover,dividendYield,assetTurnover,quickRatio,returnOnAssets,priceToFreeCashFlowsRatio,grossProfitMargin,epsdilutedGrowth,fiveYNetIncomeGrowthPerShare,fiveYRevenueGrowthPerShare,fiveYShareholdersEquityGrowthPerShare,grossProfitGrowth,netIncomeGrowth,operatingIncomeGrowth,threeYNetIncomeGrowthPerShare,threeYRevenueGrowthPerShare,threeYShareholdersEquityGrowthPerShare,Industry,Sector,Symbol
2023Q4,2023,Q4,2023-05-26,2023-03-31,-610300000.0,1446200000.0,-708000000.0,-3.62,223200000.0,0.1543354999,15862100000.0,9042500000.0,2508100000.0,3851600000.0,6819600000.0,584700000.0,1164300000.0,20125910000.0,22785510000.0,53.60106698280972,0.651183923564233,0.2198321785892158,0.3856234448437932,-0.045716550400306595,53.60106698280972,-0.06749239701410008,13.916408518877057,-8.244269211863019,2.2257019629527233,0.0,2.091670942363605,0.0,0.09117329987832633,0.48226710977256204,-0.0384753595047314,-198.872628458498,0.15433549993085327,-2.978021978021978,-5.51267340662882,1.1576514674319924,3.079738961269754,-0.6882246123760302,-2.9784876140808345,-3.0689655172413794,-4.34268873991633,0.2781467457367553,1.393641331612372,Electronic Gaming & Multimedia,Communication Services,TTWO
2023Q3,2023,Q3,2023-02-07,2022-12-31,-153400000.0,1407800000.0,-174000000.0,-0.91,715900000.0,0.5085239381,16881400000.0,9550400000.0,2606700000.0,3009800000.0,7331000000.0,331500000.0,1774600000.0,17493840000.0,20131140000.0,56.84761904761905,0.8660708352714466,0.20722214982169726,0.3662883230021779,-0.009909243858158282,56.84761904761905,-0.01606215446473446,12.42636738173036,-28.510169491525424,1.831738984754565,0.0,2.0871794871794873,0.0,0.08339355740637625,0.6395773805568477,-0.009086924070278531,-110.7906269791007,0.5085239380593835,0.40909090909090906,-5.130067053074213,0.9816976243954032,3.614623190090702,0.053413772807533844,0.4031128404669261,0.3160377358490566,-1.631921809862528,0.020306232228207644,1.6802480832968318,Electronic Gaming & Multimedia,Communication Services,TTWO
2023Q2,2023,Q2,2022-11-08,2022-09-30,-257000000.0,1393500000.0,-254400000.0,-1.54,679600000.0,0.4876928597,17492900000.0,9433500000.0,3251100000.0,3467000000.0,8059400000.0,938700000.0,1928000000.0,18192100000.0,20906700000.0,56.52186938286399,0.937727141620998,0.20985657037998273,0.3891450681083373,-0.016096354385291983,56.52186938286399,-0.027243334923411248,13.054969501255831,-17.6965953307393,1.9284570943976256,0.0,0.7605198679024182,0.0,0.07966089099005882,0.6413037207960773,-0.014691674908105573,-7909.608695652174,0.4876928597057768,-1.3692307692307693,-60.588140638194254,1.0598362773672985,3.2006213922729976,0.019349032548372582,-1.4711538461538463,-116.63636363636364,-3.4254342187316644,0.10096044417118835,1.930466920092341,Electronic Gaming & Multimedia,Communication Services,TTWO
2023Q1,2023,Q1,2022-08-09,2022-06-30,-104000000.0,1102400000.0,2200000.0,-0.65,666700000.0,0.6047714078,17744900000.0,9662300000.0,3036000000.0,3286700000.0,8082600000.0,790500000.0,2185000000.0,19592547000.0,22427247000.0,60.42714196372733,0.9237228831350595,0.20750187377781784,0.38107903915216873,0.0001566406281289188,60.42714196372733,-0.010763482814650756,17.772629716981132,-47.097468750000004,2.027731182016704,0.0,0.5511701454775458,0.0,0.06212489222255409,0.663796513219947,-0.005860838888920197,336.0642710120069,0.6047714078374455,-1.6842105263157896,-2.127226681384871,0.7221100669028383,4.73993424466429,0.2546600449020379,-1.9371733410229608,-0.9829277377700522,-2.5827448334984644,0.43663805668824973,2.2618880717629284,Electronic Gaming & Multimedia,Communication Services,TTWO
2022Q4,2022,Q4,2022-05-17,2022-03-31,110972000.0,930004000.0,128864000.0,0.95,531379000.0,0.5713728113,6546219000.0,3809659000.0,3871088000.0,2104964000.0,2736560000.0,13224000.0,2288993000.0,17731602900.0,16249773900.0,33.03124810335111,1.8390281258966898,0.03822328583874142,0.06567989418475512,0.027231071073575742,33.03124810335111,0.029129116280485996,19.06615767244012,39.94611906607072,4.65438058891885,0.0,30.144056261343014,0.0,0.14206735216160657,1.487692901161255,0.01695207569438175,83.0236167493082,0.5713728112997364,-0.23387096774193553,-0.026102230942920784,0.41771114854540414,2.306981694149962,-0.038876921101229395,-0.23201173726790175,-0.15298509915274847,0.9066326328873239,0.684696508826021,0.8229037694727882,Electronic Gaming & Multimedia,Communication Services,TTWO
2022Q3,2022,Q3,2022-02-08,2021-12-31,144497000.0,903252000.0,152139000.0,1.24,552873000.0,0.6120916422,6357953000.0,3665737000.0,3705013000.0,2072345000.0,2692216000.0,11678000.0,2178021000.0,20491116000.0,19748501000.0,31.793035559410235,1.7878360022100568,0.038396949458418456,0.06659670347327154,0.034785118593236526,31.793035559410235,0.03941826704970924,22.68593482217587,35.45249382340118,5.58990347643598,0.0,30.00333961294742,0.0,0.14206647957290655,1.5024819709073538,0.02272696888448216,-71.46783947990708,0.6120916421995191,12.777777777777777,4.797558937899767,0.4867715922356621,2.502140424677099,0.37696380717082256,13.03292221035253,6.549947893404794,-0.21000941174853416,-0.288380705337038,0.7787610859316485,Electronic Gaming & Multimedia,Communication Services,TTWO
2022Q2,2022,Q2,2021-11-04,2021-09-30,10297000.0,858198000.0,20151000.0,0.09,401516000.0,0.46785939841388585,6619031000.0,3469668000.0,4243458000.0,2566873000.0,3149363000.0,12579000.0,2033524000.0,17841306000.0,17223804000.0,29.96259067357513,1.6531624275918597,0.03616828505562219,0.06899766778838783,0.002630957711473912,29.96259067357513,0.0029677191016546827,20.78926541427503,433.1675730795377,5.14207872338218,0.0,36.30511169409333,0.0,0.12965613848915347,1.20847427979491,0.0015556657764557984,161.20011203671913,0.46785939841388585,-0.9307692307692307,-0.7915790306667334,0.5061883016882344,3.39053167532145,-0.16978853712851327,-0.9323704812946616,-0.881794291211563,-0.6013174967981262,0.7108801890600079,0.7525853216578494,Electronic Gaming & Multimedia,Communication Services,TTWO
2022Q1,2022,Q1,2021-08-03,2021-06-30,152256000.0,813346000.0,170474000.0,1.3,483631000.0,0.5946190182284047,6314255000.0,3618932000.0,4013612000.0,2165329000.0,2682948000.0,11491000.0,2023227000.0,20481214000.0,19268650000.0,31.27858254105445,1.8535806798874443,0.029823312488963465,0.052035241336394276,0.037890737191367194,31.27858254105445,0.04207208093437512,25.181428322017936,33.62956796448088,5.659463620758832,0.0,28.693325211034722,0.0,0.12881107905841624,1.3962012239248631,0.024113058468497074,331.3629730298177,0.5946190182284047,-0.3085106382978723,3.8862500659147674,0.9086231594030548,3.9589397982957486,-0.1360399725608449,-0.3041697895910645,-0.3336095724678188,1.0730793801347414,1.0463599500849168,0.9072588567514023,Electronic Gaming & Multimedia,Communication Services,TTWO
2021Q4,2021,Q4,2021-05-19,2021-03-31,218812000.0,839431000.0,255817000.0,1.88,559784000.0,0.6668612429133544,6028218000.0,3331892000.0,4220515000.0,2234715000.0,2696326000.0,17742000.0,1870971000.0,20339937000.0,19108319000.0,28.94528711667101,1.8886144318179277,0.03172844777677251,0.057404621758448356,0.05942582562666762,28.94528711667101,0.06567199657131743,24.230624077500117,23.23905567336343,6.104620738007114,0.0,15.761864502310901,0.0,0.13925027263446677,1.4696898709678863,0.03629795737314079,212.00463826726843,0.6668612429133544,0.19745222929936293,2.5386492818561175,0.6698652143578983,3.300333126417879,0.08770900329353243,0.2006277160791888,0.4530350965880368,1.3711754951693218,0.8354390529890685,1.2031131513276463,Electronic Gaming & Multimedia,Communication Services,TTWO
2021Q3,2021,Q3,2021-02-09,2020-12-31,182248000.0,860889000.0,176057000.0,1.57,514645000.0,0.5978064535613766,4947369000.0,3155291000.0,4159959000.0,2341789000.0,2810808000.0,26733000.0,1652159000.0,23896681160.0,22434224160.0,27.436358735348335,1.7764021438310624,0.037873665780741236,0.05938438007778046,0.04199395266820373,27.436358735348335,0.05775949032910118,27.758144383306092,32.780443626267505,7.573526866460178,0.0,12.951932068978417,0.0,0.1740094583605953,1.28263092874721,0.036837357391373074,163.97914746448913,0.5978064535613766,0.8255813953488373,4.117110898914664,0.5076603761223739,3.343488794238749,0.25941850591111426,0.8349392374220961,0.5260603118742795,6.167882042745592,0.7702716821333943,1.2271549695991848,Electronic Gaming & Multimedia,Communication Services,TTWO
2021Q2,2021,Q2,2020-11-06,2020-09-30,99321000.0,841142000.0,115367000.0,0.86,408637000.0,0.48581214586835514,5836154000.0,2901282000.0,3932098000.0,2325835000.0,2934872000.0,26934000.0,1469911000.0,18908437680.0,17743182680.0,25.351106217888226,1.6906177781312948,0.03081549938538291,0.061987769544635786,0.029925485212904494,25.351106217888226,0.03423348712741471,22.479483464147552,47.59425922010451,6.517269841401146,0.0,16.05795648622559,0.0,0.14412608029191828,1.3645434865327937,0.017018228100218056,114.4536982918296,0.48581214586835514,0.11688311688311684,0.3883171396544258,0.8547488488085934,2.935260759732111,0.15232036455821849,0.12220778487091125,0.4044653835384634,35.71109874391949,0.8132527979695316,0.8840565653501103,Electronic Gaming & Multimedia,Communication Services,TTWO
2021Q1,2021,Q1,2020-08-04,2020-06-30,88505000.0,831310000.0,82143000.0,0.77,354621000.0,0.4265809385187235,5369241000.0,2651028000.0,3686933000.0,2148740000.0,2718213000.0,19486000.0,1370590000.0,15891719340.0,14668703340.0,23.282816040470042,1.7158581308115455,0.005140763843530212,0.010411810060097441,0.028133974637278677,23.282816040470042,0.033385162284215786,19.116478016624363,44.88932642223603,5.994549789741941,0.0,24.46315303294673,0.0,0.15482821501214045,1.3822603013859285,0.016483707846230034,36.405644990584584,0.4265809385187235,-0.28037383177570097,1.9606573852640128,1.1967776868078048,2.660673376648758,-0.028172024740957136,-0.2788171639966754,-0.32605592202421974,0.3471482237954785,0.8237040453015162,1.2116192949045042,Electronic Gaming & Multimedia,Communication Services,TTWO
2020Q4,2020,Q4,2020-05-22,2020-03-31,122722000.0,760541000.0,121884000.0,1.07,364901000.0,0.47979135904573195,4948832000.0,2539244000.0,3493351000.0,2038539000.0,2409588000.0,19108000.0,1282085000.0,13449662340.0,12269244340.0,22.393107219076846,1.71365423962946,0.005089483740809953,0.009919094029561554,0.04377400675756969,22.393107219076846,0.04833013290569949,17.684335676840565,27.398637448868175,5.296719157355496,0.0,20.705463680133974,0.0,0.15368090894982897,1.2725888491709014,0.024798174599582286,59.22117723207799,0.47979135904573195,-0.25174825174825166,1.3614433893790152,0.8122704150237736,2.2246204835813335,-0.25988974435943824,-0.2500580535559331,-0.31073951129031346,0.09545218687057169,0.17922482681656265,1.2419254463809242,Electronic Gaming & Multimedia,Communication Services,TTWO
2020Q3,2020,Q3,2020-02-07,2019-12-31,163642000.0,930129000.0,176833000.0,1.43,493036000.0,0.5300727103444791,4879633000.0,2402035000.0,3435037000.0,2096331000.0,2477598000.0,24426000.0,1159363000.0,13865319930.0,12755966930.0,21.209834791745767,1.6385947638994034,0.004940535486992567,0.010036489892944941,0.05891993738135385,21.209834791745767,0.06812640115568674,14.906878432991553,21.182398054900332,5.772322189310315,0.0,17.894579546385,0.0,0.19061454006889453,1.2553313384193623,0.033535718772292916,48.38556782372915,0.5300727103444791,1.2698412698412698,1.9069463232644284,0.24720901187475877,1.0980955893045183,0.265515550844086,1.2786604469818283,1.3634456027800053,5.378523982625584,0.5587116076509399,1.3363550701565514,Electronic Gaming & Multimedia,Communication Services,TTWO
2020Q2,2020,Q2,2019-11-08,2019-09-30,71815000.0,857841000.0,74820000.0,0.63,389593000.0,0.45415525720966937,4815111000.0,2181763000.0,3388333000.0,2290228000.0,2633348000.0,39293000.0,995721000.0,14178084780.0,13557114780.0,19.287666752123908,1.479474096028867,0.0046256462208244,0.010208716528788873,0.027647353875009918,19.287666752123908,0.032916040834866114,16.527637149541697,49.35627925920769,6.498453214212542,0.0,11.916829969714707,0.0,0.1781560175871335,1.0318806686495843,0.014914505605374414,706.713427375137,0.45415525720966937,0.5365853658536587,2.23317629749706,3.8257805690081956,1.0527708436149987,0.3030302016789859,0.5517502160760588,0.44635607964430696,0.48808090637546453,0.5412718701417765,1.826294719999926,Electronic Gaming & Multimedia,Communication Services,TTWO
2020Q1,2020,Q1,2019-08-06,2019-06-30,46280000.0,540459000.0,51730000.0,0.41,298990000.0,0.553214952475581,4366222000.0,2086327000.0,2821079000.0,1942006000.0,2279895000.0,23847000.0,923906000.0,13059531160.0,12221828160.0,18.52520400280587,1.4526623501678162,0.004991500661212371,0.01044610935869593,0.017080671107355387,18.52520400280587,0.022182524599451574,24.16377775187387,70.54630056179775,6.259580190449531,0.0,10.125760053675515,0.0,0.1237818416012745,0.9757451830735847,0.01059955265673619,132.49798263057505,0.553214952475581,-0.18000000000000005,1.9212655140657056,2.03675792029266,0.877723423667974,0.06746687707297219,-0.18564138659158894,-0.10905583686404188,1.9012948090532225,0.302931509944418,1.937005578193468,Electronic Gaming & Multimedia,Communication Services,TTWO
2019Q4,2019,Q4,2019-05-14,2019-03-31,56830000.0,539007000.0,58062000.0,0.5,280093000.0,0.5196463125710797,4243065000.0,2040580000.0,2827835000.0,1951794000.0,2202485000.0,28200000.0,877626000.0,10776033660.0,9949508660.0,18.120127160033388,1.4488388631177265,0.0,0.0,0.0250592354727829,18.120127160033388,0.02784992502131747,19.992381657381074,47.40468792891079,5.280868017916474,0.0,9.181347517730497,0.0,0.12703246356112857,1.0076570580706776,0.013393619942188018,25.060951364324534,0.5196463125710797,-0.6815286624203821,2.2621431797298355,0.8879701949836414,0.740133886903529,-0.20031462881223341,-0.684186542779025,0.12134262925124085,-0.06056938106555462,0.09600235879608997,1.692064610280423,Electronic Gaming & Multimedia,Communication Services,TTWO
2019Q3,2019,Q3,2019-02-06,2018-12-31,179948000.0,1248738000.0,51779000.0,1.57,350254000.0,0.28048637904828716,4387160000.0,2027467000.0,2974773000.0,2099358000.0,2359693000.0,39786000.0,820796000.0,11676793020.0,10621882020.0,17.873696367018415,1.4169917660541937,0.0,0.0,0.07678612188861003,17.873696367018415,0.08875508208025087,9.35087505946003,16.222454570209173,5.759301147688224,0.0,22.582918614588046,0.0,0.2846347067351088,1.15469919851688,0.041016967696642016,20.072461236445648,0.28048637904828716,6.136363636363637,-0.7667158791711903,-0.4976089396743488,0.8495601734048173,0.3586953570195549,6.09378326171798,0.9925729238820904,4.120398313873506,1.2171813557580116,1.8296101764316235,Electronic Gaming & Multimedia,Communication Services,TTWO
2019Q2,2019,Q2,2018-11-08,2018-09-30,25367000.0,492667000.0,25986000.0,0.22,257787000.0,0.5232479545007074,3655189000.0,1944439000.0,2191736000.0,1489789000.0,1710750000.0,40541000.0,640849000.0,15628326350.0,15165979350.0,17.09622367784763,1.471172092155332,0.0,0.0,0.010949624863640312,17.09622367784763,0.013045922242867995,31.721885878291015,154.0222173493121,8.037447484852956,0.0,5.7936410054019385,0.0,0.13478564309533653,1.0470825063146527,0.006939996810014475,-74.52458120139052,0.5232479545007074,-0.6451612903225807,1.159607670107284,1.5852760095265637,2.043969633914353,0.004559323817206187,-0.6461718717308523,-0.6332044152104565,-0.6432075897373842,0.09312080798753737,1.6538525617301876,Electronic Gaming & Multimedia,Communication Services,TTWO
2019Q1,2019,Q1,2018-08-03,2018-06-30,71693000.0,387982000.0,70846000.0,0.62,256617000.0,0.661414704805893,3456004000.0,1852205000.0,2074347000.0,1391216000.0,1603799000.0,10642000.0,615482000.0,13367696760.0,13545580760.0,16.399757395454262,1.491031586755759,0.001513887136704703,0.002824741321829927,0.035308022667225054,16.399757395454262,0.03870683860587786,34.454425102195465,46.614372253916,7.217179934186551,0.0,12.344014283029505,0.0,0.11226318025094878,0.96462087842578,0.02074447830500196,-524.7996529522613,0.661414704805893,-0.19480519480519484,1.891898796575578,1.0946705913402792,1.350399263478358,-0.01703037197917744,-0.21089011920354858,-0.19332764019356674,1.7845211432073826,0.03362227650451059,1.5784748364066878,Electronic Gaming & Multimedia,Communication Services,TTWO
2018Q4,2018,Q4,2018-05-17,2018-03-31,90853000.0,450274000.0,87825000.0,0.77,261063000.0,0.5797869741535154,3737841000.0,1488970000.0,2409177000.0,1726929000.0,2248871000.0,15162000.0,73516000.0,11081407400.0,10895908400.0,13.13835701050031,1.3950643020066256,0.0021584652744726165,0.005418510782621544,0.05839397059756124,13.13835701050031,0.06101734756240891,24.610364800099497,30.49268433623546,7.442330873019604,0.0,12.479290331090885,0.0,0.1204636580314679,0.9682088840942505,0.024306277340314902,63.04026783022249,0.5797869741535154,2.666666666666667,2.342440252302488,0.2430377758962325,1.0936194613387156,0.22647129293375365,2.613882259347653,8.921486669679169,1.2677332567474686,0.07355037100339495,0.8919310626339355,Electronic Gaming & Multimedia,Communication Services,TTWO
2018Q3,2018,Q3,2018-02-08,2017-12-31,25140000.0,480840000.0,8852000.0,0.21,212857000.0,0.44267739788703103,3682610000.0,1400820000.0,2447724000.0,2072117000.0,2281790000.0,30857000.0,-17311000.0,12483303360.0,12270015360.0,12.319016462642464,1.1812672740004546,0.0037576610067316385,0.009878499735868991,0.012866808203001585,12.319016462642464,0.01794663125883411,25.96144946343898,124.137861575179,8.911425707799719,0.0,8.684674466085491,0.0,0.13057043781448482,0.843444168451878,0.0068266799905501805,66.31060720830789,0.44267739788703103,8.0,-0.7343759986066789,-0.12796961689154832,0.870097252440432,0.08041560498238703,10.18859649122807,1.7820478840887004,-0.5552220440578232,-0.3578560563217917,0.21860798816304677,Electronic Gaming & Multimedia,Communication Services,TTWO
2018Q2,2018,Q2,2017-11-08,2017-09-30,-2736000.0,443562000.0,-11319000.0,-0.03,197014000.0,0.44416338640370456,3696380000.0,1472446000.0,2455515000.0,1850504000.0,2223934000.0,36431000.0,-42451000.0,11187028900.0,11003287900.0,13.455597185415334,1.3269439028502505,0.014167645101423555,0.03556599019590532,-0.0014214629873829832,13.455597185415334,-0.00185813265817558,25.220891104287563,-1022.2065880847954,7.597581778890364,0.0,6.767533144849167,0.0,0.11999902607415905,0.9144325005512012,-0.0007401836391280117,4496.3942524115755,0.44416338640370456,-1.0535714285714286,0.8290693224919254,0.2675328011178868,1.3715847945976811,-0.11908498660836049,-1.045391200477802,-1.2253927796252415,0.9514356504566512,1.5793280646161614,0.43206837512407015,Electronic Gaming & Multimedia,Communication Services,TTWO
2018Q1,2018,Q1,2017-08-03,2017-06-30,60276000.0,418216000.0,50219000.0,0.56,223647000.0,0.5347643323067506,3219570000.0,1099755000.0,2113136000.0,1466058000.0,2119815000.0,11636000.0,-39648000.0,7665641700.0,7503342700.0,10.527497247882065,1.441372715131325,0.06611566140820048,0.19355583743651994,0.048640125039751105,10.527497247882065,0.05480857099990452,18.329384098169367,31.793921710133382,6.9703176616610065,0.0,16.72129597799931,0.0,0.12989809198122731,1.0301488754196628,0.01872175476849393,-127.54599257915842,0.5347643323067506,-0.37078651685393255,1.4425424655944743,0.5049580146451648,0.8760521576874954,-0.12861183841406396,-0.3928686543110395,-0.5496174990807422,2.2935536895528394,1.5333583962424182,0.06707209118745563,Electronic Gaming & Multimedia,Communication Services,TTWO
2017Q4,2017,Q4,2017-05-24,2017-03-31,99280000.0,571556000.0,111503000.0,0.89,256656000.0,0.44904786232670113,3149154000.0,1003728000.0,2195242000.0,1685892000.0,2145426000.0,16323000.0,-99694000.0,5956042300.0,5713507300.0,9.988337147974923,1.3021249285244845,0.07999894574860422,0.25099329698882566,0.07934512385966883,9.988337147974923,0.0989112588270926,10.420750197705912,14.998092012489929,5.933920643839766,0.0,19.291796851069044,0.0,0.18149509360291685,0.9561027634035869,0.03152592728078716,70.04718743017088,0.44904786232670113,3.696969696969697,2.256604145462564,2.265110031373807,0.42533163840038835,0.5517385232075164,4.326854768447155,4.9249181597381115,3.4709404316419943,1.2435154012296024,-0.04078797066364046,Electronic Gaming & Multimedia,Communication Services,TTWO
2017Q3,2017,Q3,2017-02-08,2016-12-31,-29842000.0,476473000.0,-28409000.0,-0.33,165399000.0,0.34713194661607266,3089099000.0,820921000.0,2451176000.0,1863817000.0,2268178000.0,26665000.0,-198974000.0,4457196120.0,4081165120.0,9.078172689874817,1.3151376986045304,0.08380307656051166,0.3153482491007052,-0.02444061551584729,9.078172689874817,-0.03635185358883498,9.354561790489702,-37.339958112727025,5.429506761308335,0.0,11.666004125257828,0.0,0.15424335704359102,0.9504060752745576,-0.009660422019495005,15.676412978106042,0.34713194661607266,-1.846153846153846,-2.955271718666893,0.8631598682366085,0.18259585310551163,-0.2291319059292885,-1.819115063680281,-1.6019621138280289,-1.048529137495151,-0.7595386044090827,-0.06059573186737212,Electronic Gaming & Multimedia,Communication Services,TTWO
2017Q2,2017,Q2,2016-11-03,2016-09-30,36432000.0,420167000.0,47194000.0,0.39,214562000.0,0.510658857073497,2979080000.0,582753000.0,2370770000.0,1719234000.0,2396327000.0,77561000.0,-169132000.0,3849516440.0,3995740440.0,6.8243649947888,1.3789687733025289,0.17174295420062569,0.8779637342064305,0.03916340642726678,6.8243649947888,0.06251705267926548,9.161872398355891,26.415763888888886,6.605742810418822,0.0,2.650881241861245,0.0,0.1410391798810371,0.9051595070828055,0.012229278837761993,-505.58398213816656,0.510658857073497,1.847826086956522,1.746985583522241,2.812781727323028,0.00023120132427440447,0.7854575109010419,1.9446417922057717,2.210630274735141,1.3053089410923986,1.9366165591602413,0.21507300128518664,Electronic Gaming & Multimedia,Communication Services,TTWO
2017Q1,2017,Q1,2016-08-05,2016-06-30,-38567000.0,311552000.0,-38983000.0,-0.46,120172000.0,0.3857205217748562,2538727000.0,533540000.0,1977672000.0,1261627000.0,2005187000.0,12734000.0,-205564000.0,3207576960.0,3308122960.0,6.307514068189342,1.567556813543147,0.19867634448288454,0.9453555497244818,-0.034374858400818296,6.307514068189342,-0.07228511451812422,10.29547863599014,-20.792237923613452,6.011877197585935,0.0,15.029056070362808,0.0,0.12271977254742239,1.0541681495402366,-0.015191471946373124,-62.309665488169706,0.3857205217748562,-1.9583333333333333,-3.317373841184756,-0.09121371943593777,-0.15418599047899262,-0.28362017061204536,-1.8312032586909202,-1.8745485137408862,0.3593843353410865,1.2458335924625772,-0.09601245538175465,Electronic Gaming & Multimedia,Communication Services,TTWO
2016Q4,2016,Q4,2016-05-19,2016-03-31,46399000.0,377206000.0,44575000.0,0.48,167749000.0,0.4447145591533539,2590277000.0,581385000.0,2045276000.0,1220411000.0,2008892000.0,15888000.0,-166997000.0,3253746250.0,3423759250.0,6.7309406657018815,1.6758911547011621,0.19223233654161312,0.8564634450493219,0.04673640452624342,6.7309406657018815,0.07980770057707028,8.62591329406213,17.531338229272183,5.596543168468399,0.0,13.183345921450151,0.0,0.1456238078012506,1.1783645017948872,0.017912756048870448,51.01434988476192,0.4447145591533539,1.9411764705882353,3.0354367316009103,1.0023292782361,-0.08582763798313009,0.07283832182143771,2.093980619149789,1.7529942395729514,1.2396998936752726,0.36628996077262205,0.07258680515129369,Electronic Gaming & Multimedia,Communication Services,TTWO
2016Q3,2016,Q3,2016-02-04,2015-12-31,-42413000.0,414221000.0,-59197000.0,-0.51,156360000.0,0.37747965458052585,2585009000.0,526974000.0,2106308000.0,1454974000.0,2058035000.0,20207000.0,-213396000.0,2906561840.0000005,2942336840.0000005,6.316663869776808,1.4476602331038217,0.1901641348250625,0.9328278055463837,-0.03667331209880272,6.316663869776808,-0.08048404665125794,7.016935017780365,-17.13249381085988,5.515569724502538,0.0,12.760973919928738,0.0,0.16023967421390023,1.0160806997238438,-0.01640729297267437,17.50698300837836,0.37747965458052585,-1.9272727272727272,-2.0046498405132067,0.1993680174110658,-0.1761676156336093,-0.22988267974821952,-1.7748789622727688,-1.891105056374283,-1.6108096796852336,0.023924696586657027,-0.0410942478012176,Electronic Gaming & Multimedia,Communication Services,TTWO
2016Q2,2016,Q2,2015-11-06,2015-09-30,54735000.0,346974000.0,66431000.0,0.55,203034000.0,0.5851562364903422,2416499000.0,564065000.0,1964608000.0,1213885000.0,1852434000.0,24020000.0,-170983000.0,2515598800.0,2644447800.0,6.442039744175423,1.6184465579523595,0.20177993038689443,0.8644411548314467,0.059575554070584825,6.442039744175423,0.09703668903406522,7.250107500850207,11.489900429341372,4.459767579977485,0.0,5.992506244796004,0.0,0.14358541013259266,1.075499738443098,0.022650536995877095,-27.1980149634563,0.5851562364903422,1.6790123456790123,2.094487605535223,2.0706721848493546,-0.0558053156277995,1.7934564266255744,1.816659952553601,2.0605712278685124,5.2736572616431845,0.23917445729729223,0.13542664015241082,Electronic Gaming & Multimedia,Communication Services,TTWO
2016Q1,2016,Q1,2015-08-10,2015-06-30,-67023000.0,275297000.0,-62637000.0,-0.81,72682000.0,0.26401304772663703,2352604000.0,526839000.0,1907976000.0,1106300000.0,1825765000.0,12453000.0,-225718000.0,2283705810.0,2324718810.0,6.360254970844953,1.724646117689596,0.20478754605534974,0.914480514920118,-0.059315511428759356,6.360254970844953,-0.12721723334832843,8.295425703876177,-8.51836612058547,4.334731882036068,0.0,16.270376616076447,0.0,0.11701799367849412,1.1947139112356504,-0.028488857453273054,26.336371824293934,0.26401304772663703,0.7290969899665551,-11.846769843981098,-0.25509093928656745,-0.07925633715143898,1.657202535422676,0.7239477575363172,0.741546421954752,0.3794142369333631,0.24937449783804597,0.1334289414225989,Electronic Gaming & Multimedia,Communication Services,TTWO
2015Q4,2015,Q4,2015-05-22,2015-03-31,-242791000.0,300089000.0,-242353000.0,-2.99,-110593000.0,-0.3685340015795314,2231100000.0,563088000.0,1781308000.0,966260000.0,1668012000.0,20051000.0,-158695000.0,2064018674.9999998,1815884674.9999998,6.944416353209595,1.843507958520481,0.2133732239702389,0.8454397891626175,-0.22690030280129692,6.944416353209595,-0.4311777200011366,6.8780217702081705,-2.1253039393964355,3.665534827593555,0.0,20.481871228367662,0.0,0.13450271166689076,1.3618580920249208,-0.10882120926897046,14.81005894551038,-0.3685340015795314,-8.11904761904762,-15.080680692767192,0.08824152491865932,0.019009043386753046,-1.4368950832365466,-7.05569550794403,-4.69372980552338,-2.808479556211,1.1245719067997313,-0.009034617893183168,Electronic Gaming & Multimedia,Communication Services,TTWO
2015Q3,2015,Q3,2015-02-06,2014-12-31,40093000.0,531147000.0,65612000.0,0.42,253134000.0,0.47657992984992853,2253818000.0,815389000.0,1806013000.0,707105000.0,1438429000.0,24617000.0,84096000.0,2260871770.0,1912979770.0,10.109088880348132,2.5540945121304475,0.20872137856739098,0.5769270863354792,0.03743289503769919,10.109088880348132,0.04917039597051223,4.256583902384839,14.097671476317561,2.772752355010921,0.0,11.293536986635251,0.0,0.2356654352747205,1.9973002595088425,0.017788925281455734,12.643070354484601,0.47657992984992853,1.8235294117647056,2.1466135940269084,2.152161666700455,0.546446595825555,2.408707127563593,1.9691556479489474,2.352462226619669,1.945085034497133,1.3285021883897532,0.31689129486471496,Electronic Gaming & Multimedia,Communication Services,TTWO
2015Q2,2015,Q2,2014-10-30,2014-09-30,-41369000.0,126277000.0,-48513000.0,-0.51,74261000.0,0.588080172953111,1665212000.0,755009000.0,1266777000.0,379142000.0,910203000.0,55948000.0,44003000.0,1853789850.0,1613617850.0,9.395918113371913,3.3411676891507667,0.27916625630850606,0.6157158391489373,-0.044405785156301884,9.395918113371913,-0.05479272432514049,14.680344401593322,-11.202771701032173,2.4553215259685643,0.0,0.9297204547079431,0.0,0.07583238650694327,2.1870539270247034,-0.024843083042879827,-31.437217643467644,0.588080172953111,-0.13333333333333333,-0.8293834133995379,-0.6424069857851858,0.4505853126472301,0.04198178731285692,-0.1685167923622292,-0.46083892920593816,0.09860821487299821,0.21773734617223028,0.37713772186262584,Electronic Gaming & Multimedia,Communication Services,TTWO
2015Q1,2015,Q1,2014-08-06,2014-06-30,-35403000.0,125425000.0,-33209000.0,-0.45,71269000.0,0.5682200518237991,1607736000.0,783037000.0,1234352000.0,285269000.0,824699000.0,23147000.0,85372000.0,1765166559.9999998,1421943559.9999998,9.865778830525771,4.32697559145929,0.2857484064547911,0.5867002453268492,-0.023120550360090225,9.865778830525771,-0.04521242291232726,14.073482639027306,-12.464809196960708,2.2542568997378156,0.0,2.339655246900246,0.0,0.07801343006563266,3.100701443199226,-0.022020406335368493,-18.40478959002377,0.5682200518237991,-0.12499999999999997,0.38089489375925933,-0.12190870441823763,0.48927708122243163,-0.18006212609295905,-0.14993341345373046,-0.408115671641791,-3.2237841017507862,-0.6100820968179145,0.32296398541207116,Electronic Gaming & Multimedia,Communication Services,TTWO
2014Q4,2014,Q4,2014-05-14,2014-03-31,-30787000.0,195208000.0,-23584000.0,-0.4,86920000.0,0.4452686365312897,1799630000.0,801806000.0,1399440000.0,474820000.0,997824000.0,29780000.0,120775000.0,1688610000.0,1207241000.0,10.413064935064934,2.94730634766859,0.25229130432366653,0.5662604171083778,-0.018571308685256013,10.413064935064934,-0.03839706861759578,8.650311462644973,-13.712037548315848,2.1060081865189337,0.0,3.6362659503022163,0.0,0.10847118574373621,2.081932100585485,-0.017107405411112286,-45.77543441134213,0.4452686365312897,-1.0852878464818765,-2.0378839015151518,-0.15480025738620037,0.43903132498577785,-0.8831932377861544,-1.0532254774162988,-1.0388985559834734,-0.5150037010690408,0.1623899666764883,0.4142653516513666,Electronic Gaming & Multimedia,Communication Services,TTWO
2014Q3,2014,Q3,2014-02-04,2013-12-31,578426000.0,1863869000.0,606295000.0,4.69,744135000.0,0.39924211411853516,1985351000.0,821999000.0,1545656000.0,693480000.0,1163352000.0,45035000.0,151562000.0,1477492200.0,954059200.0,9.663754996473077,2.2288400530656975,0.22602401288235682,0.5459094232474735,0.4597146589266356,9.663754996473077,0.7036821212677874,0.7927017403047103,0.6385830685342637,1.7974379530875344,0.0,24.863639391584325,0.0,0.9388108198499913,1.6751586202918614,0.29134697088827116,2.5141571190585177,0.39924211411853516,4.3500000000000005,11.270495045444761,5.493429748995922,0.33147533822569336,12.203012721562782,5.660215920077344,6.1428438133530125,12.43815282940402,4.293120473068439,0.26036694128515353,Electronic Gaming & Multimedia,Communication Services,TTWO
2014Q2,2014,Q2,2013-10-30,2013-09-30,-124120000.0,148824000.0,-117891000.0,-1.4,56361000.0,0.3787090791807773,2701314000.0,498862000.0,2251267000.0,1738206000.0,2202452000.0,84033000.0,-426864000.0,1613895740.0000002,1395498740.0000002,5.616423858953863,1.2951669710034368,0.1641889835835449,0.8890755359197534,-0.11735754106689227,5.616423858953863,-0.24880628310033637,10.844324436918779,-3.250676240734773,3.2351546920791723,0.0,1.100317732319446,0.0,0.05509318798184883,0.9626672557798097,-0.04594800900598746,13.397550596868724,0.3787090791807773,-0.9718309859154929,-6.111478691446757,-0.6057678107545252,-0.30513968293220667,0.15434715821812597,-1.0047162192718933,-1.378561052376725,-1.4466547912076169,0.29835872355542925,-0.1768139031429991,Electronic Gaming & Multimedia,Communication Services,TTWO
2014Q1,2014,Q1,2013-07-31,2013-06-30,-61914000.0,142667000.0,-49564000.0,-0.71,48825000.0,0.3422305088072224,1448105000.0,606981000.0,1020177000.0,416287000.0,841124000.0,27852000.0,-302744000.0,1337067040.0,1227445040.0,6.977434706639691,2.4506578394232825,0.37061746213154434,0.8842006586697112,-0.04411236354471184,6.977434706639691,-0.10200319285117657,9.371943336580989,-5.398888135155215,2.2028153105286656,0.0,3.3693092058020966,0.0,0.09851978965613681,1.787891526759183,-0.04275518695122246,-1686.0870617906683,0.3422305088072224,-3.9583333333333335,-2.041859229040772,-0.7132088055108801,-0.20467972875739118,-0.6636632292463163,-3.7550393805900413,-2.705457298190076,-10.540903419512945,-0.6324221086090687,0.01008981849427738,Electronic Gaming & Multimedia,Communication Services,TTWO
2013Q4,2013,Q4,2013-05-14,2013-03-31,22473000.0,299487000.0,29062000.0,0.24,145167000.0,0.48471886926644564,1277839000.0,587995000.0,866152000.0,336999000.0,689844000.0,30218000.0,-240830000.0,1488861220.0,1421561220.0,6.275427437085103,2.570191602942442,0.2623194314776744,0.5700762761588108,0.0313273191718735,6.275427437085103,0.03821971275265946,4.971371779075553,16.56277777777778,2.5320984362111925,0.0,5.106889933152425,0.0,0.23436990105952316,1.7569725726189098,0.017586722583987496,-29.463730309506847,0.48471886926644564,-0.6363636363636364,-0.8166206922405086,-0.5553327956075931,-0.20841975276940677,-0.2722510201830815,-0.6850977369859175,-0.6411744369814303,0.1278785002959551,-0.06013951026114755,-0.07915698249406652,Electronic Gaming & Multimedia,Communication Services,TTWO
2013Q3,2013,Q3,2013-02-06,2012-12-31,71365000.0,415773000.0,80992000.0,0.66,199474000.0,0.4797666034109959,1189781000.0,564814000.0,817890000.0,281217000.0,624967000.0,29687000.0,-263303000.0,944019420.0,825607420.0,6.587366751417042,2.9083945849646358,0.2776233609378533,0.5848137616985415,0.08797274640484995,6.587366751417042,0.12635132981831187,2.2705164115995986,3.307011209976879,1.6713810564185732,0.0,7.285983763937077,0.0,0.34945338679975557,1.9307652097846146,0.05998162687082749,7.900801948378025,0.4797666034109959,5.4,2.6023035981092995,0.47521322816252887,0.042709413075188364,0.7406563871654581,6.713313585781763,21.592931604373252,2.919963737959203,1.3211823383389705,0.007708113832758535,Electronic Gaming & Multimedia,Communication Services,TTWO
2013Q2,2013,Q2,2012-10-31,2012-09-30,-12491000.0,273084000.0,-3933000.0,-0.15,114597000.0,0.4196401107351584,1164745000.0,484509000.0,797943000.0,336931000.0,680236000.0,60568000.0,-334668000.0,871005041.6,868260041.6,5.673673239964401,2.368268280449113,0.27949379477911473,0.6718946397280546,-0.005319324002473959,5.673673239964401,-0.025780738851084294,3.1895132691772496,-17.432652341686016,1.797706630011001,0.0,2.6166787742702415,0.0,0.23445818612657707,1.4342254052016585,-0.010724235776929714,-25.222397173717894,0.4196401107351584,0.8846153846153847,-0.5148615055123721,-0.20055818308668807,-0.11914607504782722,1.907962850182704,0.8873039932153233,0.9610138577744295,0.48024066345292005,-0.27232676230429725,-0.12407207349549458,Electronic Gaming & Multimedia,Communication Services,TTWO
2013Q1,2013,Q1,2012-08-01,2012-06-30,-110838000.0,226139000.0,-100882000.0,-1.3,39408000.0,0.17426450103697283,1073137000.0,477035000.0,719107000.0,256993000.0,596102000.0,27987000.0,-322177000.0,804194600.0000001,758021600.0000001,5.611516292200918,2.7981579264804877,0.2990140121904286,0.6726613351221609,-0.12856830779079723,5.611516292200918,-0.23234773129854203,3.5561959679666053,-1.8138964073693138,1.6858188602513444,0.0,6.672062028799085,0.0,0.21072705535267167,1.7072955294502186,-0.1032841100437316,-14.41054008529549,0.17426450103697283,-0.6535022449472788,-0.6051147553186638,-0.07114302141929034,-0.10623911828186415,0.24637864507558985,-0.658357771260997,-0.6499623826502241,-0.8096471110923202,0.4781275854090403,-0.15292013449325076,Electronic Gaming & Multimedia,Communication Services,TTWO
2012Q4,2012,Q4,2012-05-23,2012-03-31,-66836000.0,148084000.0,-61142000.0,-0.78621,31618000.0,0.21351395154101727,1149427000.0,595727000.0,743617000.0,218725000.0,553700000.0,22477000.0,-211339000.0,1307878850.0,1203939850.0,7.0077285025291145,3.399780546348154,0.275215389929069,0.5310150454822427,-0.06652774235028586,7.0077285025291145,-0.11219232970807098,8.832006496312903,-4.892119703453229,2.1954332269647003,0.0,5.18156337589536,0.0,0.1288328880389968,2.1273928448965598,-0.058147233360622295,-39.44027170471337,0.21351395154101727,-5.9138125,-0.10050544411539619,-0.3917267371810774,0.0109975743153753,-0.71219210253236,-5.738797504254112,-4.019656262346898,-4.973583794063443,-0.41924816577421303,-0.031568429178129576,Electronic Gaming & Multimedia,Communication Services,TTWO
2012Q3,2012,Q3,2012-02-03,2011-12-31,14104000.0,236325000.0,20248000.0,0.16,109858000.0,0.464859832857294,1140596000.0,641485000.0,752420000.0,169078000.0,499111000.0,22516000.0,-144503000.0,1132305750.0,990895750.0,7.676479387303297,4.450135440447604,0.2734587882124784,0.48622493121429183,0.021429739186051604,7.676479387303297,0.021986484485217894,4.791307521421771,20.070649283891097,1.7651320763540848,0.0,5.616761414105525,0.0,0.20719430894023827,2.9961911070630123,0.01236546507264623,-23.799435651680433,0.464859832857294,1.280701754385965,1.5589407280320575,-0.27234154630282137,0.023228510787105503,2.39791531347623,1.297734901099829,1.487797826977282,1.2549099756546769,-0.16195104551444253,0.0576678519191073,Electronic Gaming & Multimedia,Communication Services,TTWO
2012Q2,2012,Q2,2011-11-08,2011-09-30,-47371000.0,107034000.0,-41509000.0,-0.57,32331000.0,0.30206289590223667,931916000.0,565882000.0,545939000.0,235515000.0,366034000.0,45077000.0,-158607000.0,1054996800.0,896555800.0,6.822787557270316,2.318064666794047,0.11943029200056657,0.19668234720312716,-0.06319414703260913,6.822787557270316,-0.08371179857284734,9.856651157576097,-5.567735534398683,1.8643406222498684,0.0,1.657230960356723,0.0,0.11485369926044836,1.253194064072352,-0.05083183462887213,66.7973154362416,0.30206289590223667,-4.181818181818182,-1.9081061912978454,-0.6545190512562835,-0.11540480223766011,-0.7374899521764194,-4.436818546998738,-21.280730005367687,-1.9066130281242832,-0.6963611195479873,-0.15588914861313502,Electronic Gaming & Multimedia,Communication Services,TTWO
2012Q1,2012,Q1,2011-08-09,2011-06-30,-8713000.0,334380000.0,-1863000.0,-0.11,123161000.0,0.36832645493151506,1003577000.0,615267000.0,644648000.0,260119000.0,388310000.0,25941000.0,-111236000.0,1260676400.0,1121153400.0,7.457329858796436,2.4782810944221683,0.10884665551322918,0.17754243279746842,-0.00399838554657669,7.457329858796436,-0.014161331584499087,3.7701908008852203,-36.17228279582233,2.048990763359647,0.0,8.142284414633206,0.0,0.3331881858591817,1.5550651817052965,-0.008681944683865812,-40.9230799194962,0.36832645493151506,0.5884927612135723,0.917836278303267,0.1946920998386773,-0.04476923408927378,0.9796984504597184,0.6049242767751882,0.9066633266533066,-1.1545919735108747,-0.29126868177811255,-0.14997906029852048,Electronic Gaming & Multimedia,Communication Services,TTWO
2011Q4,2011,Q4,2011-05-25,2011-03-31,-22054000.0,182255000.0,-19960000.0,-0.26731,62212000.0,0.34134591643576306,971659000.0,615279000.0,566603000.0,230888000.0,356380000.0,24578000.0,-102523000.0,1283976225.0,1110856225.0,7.3628791958355775,2.4540166660891862,0.11036690855536768,0.17429328808556768,-0.026826185179455547,7.3628791958355775,-0.035843901709630914,7.044943760116321,-14.554913224358394,2.0868195160244376,0.0,4.884164700138335,0.0,0.18757094824418855,1.579016666089186,-0.022697263134494716,-58.95207644628099,0.34134591643576306,-1.5940222222222222,0.6281266870904555,-0.4160991018756528,-0.1929167613478107,-0.5727461901393458,-1.5397586822976579,-1.410007805759829,-1.2017820596998574,-0.6965812047749841,-0.0712489638991457,Electronic Gaming & Multimedia,Communication Services,TTWO
2011Q3,2011,Q3,2011-02-09,2010-12-31,40859000.0,334259000.0,48682000.0,0.45,145609000.0,0.43561729078349426,976599000.0,619090000.0,618294000.0,230561000.0,357509000.0,28592000.0,-80469000.0,990312895.0,798499895.0,7.667413893464449,2.6816937816890105,0.10782828980984006,0.170096431859665,0.06141291873229821,7.667413893464449,0.06599848164241064,2.9627112358979115,6.0593314508431435,1.5996267020950106,0.0,6.59799944040291,0.0,0.3422684233754079,1.6523306196624754,0.04183805226095869,11.31786165714286,0.43561729078349426,0.0,2.2411841595421924,0.11593285299388688,-0.20315013800900605,0.0,0.0,0.0,1.9741727993702627,0.2594193234429362,0.21366927671653324,Electronic Gaming & Multimedia,Communication Services,TTWO
2011Q1,2011,Q1,2010-07-31,2010-07-31,5920000.0,354076000.0,20685000.0,0.07,113817000.0,0.32144793773088265,944159000.0,548198000.0,558274000.0,281760000.0,395961000.0,21267000.0,-133375000.0,813440000.0,683530000.0,6.907736895161291,1.9813813174332766,0.10826248545001424,0.18646000167822574,0.024261201425549446,6.907736895161291,0.010799017873104243,2.2973598888374247,34.35135135135135,1.4838434288341074,0.0,11.297268067898623,0.0,0.375017343477105,1.165364139693356,0.006270130348807775,15.631653791460087,0.32144793773088265,-0.65,1.1828787352328005,0.8528401800481462,-0.2828605921323681,0.02332251422817223,-0.6467358873373911,-0.22347773856896164,1.091834839271684,0.5578951611438122,0.10021332855736474,Electronic Gaming & Multimedia,Communication Services,TTWO
2010Q4,2010,Q4,2010-04-30,2010-04-30,16758000.0,268002000.0,26638000.0,0.2,111223000.0,0.41500809695450036,866253000.0,537046000.0,517203000.0,220787000.0,329207000.0,24761000.0,-139295000.0,855034250.0,774961250.0,6.814872152782184,2.342542812756186,0.115951113589217,0.18702867165941092,0.037450933296603935,6.814872152782184,0.03120403093962156,3.190402496996291,12.75561299081036,1.5921061696763406,0.0,6.331690965631436,0.0,0.30938074673334465,0.9955794498770308,0.01934538754844139,24.404448281767326,0.41500809695450036,1.4651162790697674,2.8213316236595656,0.07371899523178667,-0.34203952632800716,0.7688136132315522,1.4947157111649052,2.004335859442748,1.297659791942112,0.1875307606361437,-0.01682560714993072,Electronic Gaming & Multimedia,Communication Services,TTWO
2010Q3,2010,Q3,2010-01-31,2010-01-31,-33874000.0,163238000.0,-26523000.0,-0.43,62880000.0,0.3852044254401549,893344000.0,510793000.0,521340000.0,273583000.0,382551000.0,91842000.0,-156053000.0,729818260.0,722560260.0,6.536978973367972,1.90560085970254,0.1105128595479457,0.1932798609221348,-0.04696681650340352,6.536978973367972,-0.0663164921993841,4.470884597949007,-5.38627162425459,1.4287945606145738,0.0,1.0927244615753142,0.0,0.18272692266361,0.6696541817291279,-0.03791820396174374,330.3840018107741,0.3852044254401549,-0.5279653187406722,-1.5377106112316612,-0.7150857204312541,-0.36836940230286597,-0.38938414030181207,-0.5404274670304684,-0.6505694193789284,-0.4356431686083028,-0.46247861594999967,-0.12866003769526468,Electronic Gaming & Multimedia,Communication Services,TTWO
2010Q2,2010,Q2,2009-12-18,2009-10-31,-21990000.0,343392000.0,-16069000.0,-0.28142,102978000.0,0.299884679899357,1008571000.0,506132000.0,628224000.0,354293000.0,502439000.0,93996000.0,-119655000.0,857184830.0,893101830.0,6.47732886266781,1.773176438710333,0.13682725360931455,0.272656145037263,-0.032356908899966376,6.47732886266781,-0.04344716398093778,2.4962283046780356,-9.745166325602547,1.693599357479867,0.0,2.557704583173752,0.0,0.3404737990681866,0.850928468809714,-0.02180312541209295,-11.799639754972812,0.299884679899357,0.6144931506849315,-1.3079232124580713,-0.31244140034839085,-0.3014857198140552,3.353329105897273,0.6035909361310908,0.676067411200258,-0.432910680129988,0.17649125389096906,-0.1601945747031662,Electronic Gaming & Multimedia,Communication Services,TTWO
2010Q1,2010,Q1,2009-09-03,2009-07-31,-55473000.0,138564000.0,-49606000.0,-0.73,23655000.0,0.17071533731705205,886398000.0,510050000.0,498074000.0,226497000.0,376348000.0,63617000.0,-97665000.0,732982880.0,696193880.0,6.624542172117308,2.19903133374835,0.15568627185530654,0.27056170963631015,-0.08042477889834804,6.624542172117308,-0.10875992549750024,5.289850754885829,-3.3033317109224303,1.4370804430938142,0.0,1.806262477010862,0.0,0.15632255487941082,1.0813476558188408,-0.06258249680166246,-13.033819015950353,0.17071533731705205,-4.615384615384615,-2.357104385364591,-0.24749788060910333,-0.20405237195002074,-0.652745155607751,-4.50327380952381,-2.575207207207207,0.43944603598796894,-0.46949498205801926,-0.15144339693982453,Electronic Gaming & Multimedia,Communication Services,TTWO
2009Q4,2009,Q4,2009-06-05,2009-04-30,-10080000.0,229722000.0,-13875000.0,-0.13,68120000.0,0.29653233038193993,855179000.0,554196000.0,518067000.0,213390000.0,300983000.0,74020000.0,-42193000.0,695409960.0,585793960.0,7.236162795252458,2.4277941796710247,0.08185420830025059,0.12630910363842396,-0.014604630180777654,7.236162795252458,-0.01818851092393305,3.02718050513229,-17.247270833333335,1.2548086958404607,0.0,2.183220751148338,0.0,0.2686244634164309,1.085959979380477,-0.011787005995236084,-17.693109098310604,0.29653233038193993,0.803030303030303,0.39600297012686847,0.308219038154579,-0.14733779328059382,0.21843027831437362,0.7999523696118124,0.7261423073127405,0.8145454323959603,-0.19697024112410086,-0.20680680086262662,Electronic Gaming & Multimedia,Communication Services,TTWO
2009Q3,2009,Q3,2009-03-11,2009-01-31,-50388000.0,256810000.0,-50665000.0,-0.66,55908000.0,0.21770180288929558,900749000.0,552343000.0,544846000.0,244006000.0,348406000.0,75972000.0,-32113000.0,534236039.99999994,386400039.99999994,7.257930146382487,2.23292050195487,0.07771310320633162,0.12673284535152976,-0.08490130896591108,7.257930146382487,-0.09122592302246973,2.0802774035278997,-2.650611455108359,0.9672179062647666,0.0,2.644421629021218,0.0,0.2851071719202575,1.139955574862913,-0.05594011206229482,-9.05377395902181,0.21770180288929558,-2.3587786259541983,-2.388082163813446,-0.4016858026825981,-0.16450848982231267,-0.4333840072970508,-2.3695332352547815,-2.8310018903591683,-0.6239940092041664,-0.0903471263911067,-0.24570647732804893,Electronic Gaming & Multimedia,Communication Services,TTWO
2009Q2,2009,Q2,2008-12-19,2008-10-31,-14954000.0,323442000.0,-13225000.0,-0.1965,98670000.0,0.30506242231992137,1083352000.0,615118000.0,723774000.0,365419000.0,468234000.0,104235000.0,18275000.0,902569720.0,692292720.0,8.082809913011484,1.980668766539233,0.0646142712617875,0.11379930354826229,-0.017154615348024666,8.082809913011484,-0.02431078264658163,2.7905148991163795,-15.089101912531763,1.4673115077107157,0.0,2.156396603827889,0.0,0.2985567017922153,1.1978988503608188,-0.013803454463553858,-7.541966191204366,0.30506242231992137,-1.2932835820895523,-1.5282112354970756,0.02860492533653315,0.008722532293626914,-0.43351705132621426,-1.2885424304403195,-1.2239892959368597,-1.731333792225434,-0.014839242514011105,-0.17063808221334215,Electronic Gaming & Multimedia,Communication Services,TTWO
2009Q1,2009,Q1,2008-09-05,2008-07-31,51826000.0,433836000.0,59043000.0,0.67,174180000.0,0.4014881199347219,1092562000.0,665581000.0,715142000.0,392326000.0,426981000.0,71574000.0,33229000.0,1729744800.0,1391043800.0,8.773113120501938,1.8228259151827817,0.0,0.0,0.0767299880314996,8.773113120501938,0.07786580446256729,3.9870937404917988,8.344001080538726,2.5988494262907147,0.0,3.6277978036717244,0.0,0.3970813555660914,1.1344009828560941,0.04743529428993503,6.232326405903208,0.4014881199347219,-0.48062015503875966,4.66210932896366,1.330169435550515,0.14846346563983923,-0.2138153292018542,-0.4723585347478162,-0.4273951878036717,2.6747256267483213,1.3747698658590741,-0.0892031292043573,Electronic Gaming & Multimedia,Communication Services,TTWO
2008Q4,2008,Q4,2008-06-06,2008-04-30,98222000.0,539810000.0,103113000.0,1.29,221551000.0,0.41042403808747524,1097128000.0,595356000.0,723298000.0,427095000.0,501772000.0,91821000.0,-18597000.0,1970571520.0,1913653520.0,7.92772111108152,1.6935295426076167,0.014583530818646502,0.026874676664046384,0.1619662619470999,7.92772111108152,0.16498028070599777,3.6504909505196275,5.015606279652216,3.3099045277111507,0.0,3.4660807440563706,0.0,0.492020985700848,1.0201079385148504,0.08952647275431855,89.51853541089356,0.41042403808747524,3.480769230769231,4.312090516138162,1.2907399583622605,0.10257569901750593,3.070084873424698,3.584993552122536,4.117268274986396,12.202140554096536,1.269441170232809,-0.2345964795161768,Electronic Gaming & Multimedia,Communication Services,TTWO
2008Q3,2008,Q3,2008-03-11,2008-01-31,-37997000.0,240442000.0,-33078000.0,-0.52,54434000.0,0.22639139584598364,773085000.0,462116000.0,415649000.0,216270000.0,310969000.0,82487000.0,-116819000.0,1202553120.0,1184165120.0,6.3175479849073115,1.9218985527350072,0.04656667766157667,0.0779025179824979,-0.07593250344124829,6.3175479849073115,-0.08222394377169369,5.0014270385373605,-7.912158328289076,2.6022754459919155,0.0,2.25499775722235,0.0,0.3110162530640227,0.5443427197484626,-0.049149834752970245,-29.521372775254694,0.22639139584598364,-4.385252692626346,-1.6297740585309128,-0.5080672496399232,-0.08557636141347331,-0.39283005398652565,-4.379725329180235,-11.547831632653061,-1.644312898191623,-0.5517000654208593,-0.38957175387219817,Electronic Gaming & Multimedia,Communication Services,TTWO
2008Q2,2008,Q2,2007-12-20,2007-10-31,-7063000.0,292600000.0,3136000.0,-0.09656,89652000.0,0.30639781271360217,831143000.0,471154000.0,498523000.0,312161000.0,359989000.0,99331000.0,-77747000.0,1373719440.0,1313962440.0,6.441105703505222,1.5970060321436694,0.021656923056561868,0.038204069157854965,0.027327326305489657,6.441105703505222,-0.01499085224788498,4.694871633629528,-48.62379442163387,2.915648471624989,0.0,2.0431486645659462,0.0,0.3520453159083335,0.5852556853674866,-0.00849793597491647,366.8142696929239,0.30639781271360217,0.8807901234567902,-1.264509977191164,0.1212490251612318,0.10553864537497261,1.3508495909376967,0.8793598196290097,1.0549154204461877,-1.1056505588347632,-0.3741658470584329,-0.305392020464366,Electronic Gaming & Multimedia,Communication Services,TTWO
2008Q1,2008,Q1,2007-09-10,2007-07-31,-58546000.0,206415000.0,-57106000.0,-0.81,38136000.0,0.1847540149698423,758313000.0,452526000.0,435961000.0,240477000.0,305787000.0,75790000.0,-70684000.0,1270682250.0,1220057250.0,6.2785431841831425,1.8129010258777347,0.01450588345445746,0.0243079955626859,-0.12798211919373995,6.2785431841831425,-0.12937599165572808,6.155958869268222,-5.425999427800362,2.8079762267803394,0.0,2.2203324976909884,0.0,0.27220290302289424,0.6738773354624351,-0.07720558661133331,-20.41125469849327,0.1847540149698423,-0.14084507042253536,-10.89502441635885,0.35774162371947066,0.176470750666355,-0.16831683168316833,-0.14238326601494664,-0.12524137931034482,-2.7848846834656915,0.19748698281842397,-0.24562461446861142,Electronic Gaming & Multimedia,Communication Services,TTWO
2007Q4,2007,Q4,2007-06-11,2007-04-30,-51249000.0,205436000.0,-50750000.0,-0.71,45854000.0,0.22320333339823595,775579000.0,497238000.0,451204000.0,246904000.0,278341000.0,80228000.0,-12138000.0,1375179120.0000002,1266663120.0000002,6.931498829039812,1.827447104947672,0.0,0.0,-0.10518556363459862,6.931498829039812,-0.10306734400830186,6.693953932124848,-6.7083217233507,2.7656356111158042,0.0,1.989106047763873,0.0,0.2648808180726915,0.7246622168940154,-0.06607837499468139,-43.641240201834286,0.22320333339823595,-1.3666666666666667,-5.120670574802778,-0.06543445902161821,0.38880576500253217,-0.37285098816932233,-1.378364581399666,-1.3788319115027656,-2.2785179651817002,0.2490284423425946,-0.18323740707994005,Electronic Gaming & Multimedia,Communication Services,TTWO
2007Q3,2007,Q3,2007-03-12,2007-01-31,-21548000.0,277340000.0,-21334000.0,-0.3,73115000.0,0.26362948006057546,793486000.0,535358000.0,460006000.0,202210000.0,258128000.0,82194000.0,39111000.0,1240236800.0,1102085800.0,7.502214125560538,2.2748924385539784,0.0,0.0,-0.04194446775741775,7.502214125560538,-0.040249702068522374,4.471900194706858,-14.38923333952107,2.316649419640689,0.0,2.484670413898825,0.0,0.34952097453515246,1.0744176845853322,-0.02715611869648614,283.09445332115956,0.26362948006057546,-0.5274949083503055,-1.4775868474379694,-0.24329596800874811,0.6165911075321557,-0.10616266702526926,-0.5374955404923296,-0.49565339315759954,-1.6330474285353613,-0.3109176634064324,-0.13638791183942706,Electronic Gaming & Multimedia,Communication Services,TTWO
2007Q2,2007,Q2,2007-02-28,2006-10-31,-14015000.0,266556000.0,-14264000.0,-0.1964,81799000.0,0.3068736025450562,868806000.0,550392000.0,544873000.0,263546000.0,318414000.0,95520000.0,60659000.0,,,,,,,,,,,,,,,,,,,,,,,,,,,,,,,Electronic Gaming & Multimedia,Communication Services,TTWO
2007Q1,2007,Q1,2007-03-01,2006-07-31,-91379000.0,241181000.0,-46944000.0,-1.29,57126000.0,0.23685945410293513,855068000.0,555027000.0,530982000.0,246053000.0,300041000.0,83221000.0,74674000.0,,,,,,,,,,,,,,,,,,,,,,,,,,,,,,,Electronic Gaming & Multimedia,Communication Services,TTWO
