Quarters,Year,Quarter,FillingDate,Date,NetIncome,Revenue,OperatingIncome,EPSDiluted,GrossProfit,GrossProfitRatio,TotalAssets,CommonStockEquity,CurrentAssets,CurrentLiability,TotalLiability,Inventory,RetainedEarnings,MarketCap,EnterpriseValue,bookValuePerShare,currentRatio,debtToAssets,debtToEquity,roic,shareholdersEquityPerShare,roe,priceToSalesRatio,peRatio,pbRatio,payoutRatio,inventoryTurnover,dividendYield,assetTurnover,quickRatio,returnOnAssets,priceToFreeCashFlowsRatio,grossProfitMargin,epsdilutedGrowth,fiveYNetIncomeGrowthPerShare,fiveYRevenueGrowthPerShare,fiveYShareholdersEquityGrowthPerShare,grossProfitGrowth,netIncomeGrowth,operatingIncomeGrowth,threeYNetIncomeGrowthPerShare,threeYRevenueGrowthPerShare,threeYShareholdersEquityGrowthPerShare,Industry,Sector,Symbol
2023Q1,2023,Q1,2023-04-27,2023-03-31,74742000.0,779661000.0,92331000.0,0.73,184269000.0,0.2363450269,4739240000.0,2863623000.0,4249786000.0,493819000.0,1872755000.0,3142412000.0,2862621000.0,2557807485.96,2970445485.96,28.34729930145098,8.605958863470219,0.2909614199745107,0.4815354535146561,0.01570895099599172,28.34729930145098,0.02610050275472714,3.280666194615352,8.555455720879827,0.89320678244308,0.0,0.18946974489659535,0.0,0.1645118204606646,2.2424694068069475,0.01577088309517982,19.806776362960555,0.2363450268770658,-0.6313131313131313,1.6134655258732908,1.0028148927279281,1.1865525764179705,-0.5247173101128696,-0.6317638306572796,-0.6486777519881283,2.1179926620947453,0.7368593904485046,0.8006003348219701,Residential Construction,Consumer Cyclical,TPH
2022Q4,2022,Q4,2023-02-21,2022-12-31,202973000.0,1522804000.0,262810000.0,1.98,387704000.0,0.2545987534,4719940000.0,2832389000.0,4232962000.0,505358000.0,1883409000.0,3173849000.0,2827694000.0,1876623189.87,2365010189.87,28.05790304320364,8.376165015691846,0.29196366902969106,0.4865330997966734,0.04592284068613225,28.05790304320364,0.07166141373942633,1.2323471634366603,2.3114197330063604,0.6625584232497725,0.0,0.35764146309418,0.0,0.32263206735678845,2.352688589079425,0.04300330088941809,3.0270361831200376,0.25459875335236837,0.36551724137931035,3.097913302015081,1.0165468887752604,1.1934701412977107,0.32067514860422736,0.3601718199241419,0.3761054764610092,1.3557770130763578,0.827284783708789,0.7739836424540633,Residential Construction,Consumer Cyclical,TPH
2022Q3,2022,Q3,2022-10-27,2022-09-30,149226000.0,1071796000.0,190981000.0,1.45,293565000.0,0.2739000705,4526038000.0,2625730000.0,4028974000.0,229703000.0,1898588000.0,3608305000.0,2624721000.0,1529777317.8799999,2720282317.88,25.935003635027225,17.539927645699013,0.3134401434543855,0.5402847969897895,0.03549321313615004,25.935003635027225,0.05683219523713406,1.4273026936842457,2.562853185570879,0.5826102904259006,0.0,0.21567772125693366,0.0,0.23680667285603876,1.7310744744300248,0.03297055835589538,-66.94867911947483,0.27390007053581095,0.09022556390977435,2.0842735270081305,1.230377588758488,1.1285785966838946,0.049679802339177105,0.09416862805481621,0.07468389333123251,2.308192016858995,0.9957620104322484,0.7327999555308231,Residential Construction,Consumer Cyclical,TPH
2022Q2,2022,Q2,2022-07-21,2022-06-30,136383000.0,1017689000.0,177709000.0,1.33,279671000.0,0.2748098879,4414658000.0,2487566000.0,3918158000.0,254417000.0,1926039000.0,3490321000.0,2486547000.0,1723513039.99,2872487039.99,24.348663135292256,15.40053534158488,0.3214514012183956,0.5704765220299682,0.033438075643652164,24.348663135292256,0.05482588200674877,1.6935557326354123,3.1593252824582247,0.6928511806279714,0.0,0.21144702736510482,0.0,0.2305249919699329,2.149828824331707,0.03089321981453603,-25.42429620873285,0.27480988789305966,0.6219512195121953,5.349609481047483,1.7163388816193574,1.1309561718449481,0.3997477490102652,0.5410682606583125,0.5450806844265146,6.230484752340941,1.0279190147628479,0.6598320166462632,Residential Construction,Consumer Cyclical,TPH
2022Q1,2022,Q1,2022-04-21,2022-03-31,88499000.0,736244000.0,115016000.0,0.82,199801000.0,0.271378782,4314072000.0,2408234000.0,3832934000.0,260589000.0,1904942000.0,3288347000.0,2407184000.0,2155124372.8799996,3407607372.8799996,22.438305337978097,14.7087329089102,0.38598938543445727,0.6914552323403789,0.020656266356394493,22.438305337978097,0.03674850533627546,2.927187688972677,6.087990748144046,0.8948982419814685,0.0,0.16313454754014708,0.0,0.170661036718905,2.0317511483600614,0.020514029436689975,-16.75040900412712,0.2713787820342169,-0.38345864661654144,14.979154482921977,1.7685714466544165,0.9370206547696933,-0.322527049616677,-0.39976261530113943,-0.41484658394257135,1646.58365028333,0.9674650126130938,0.547486948427268,Residential Construction,Consumer Cyclical,TPH
2021Q4,2021,Q4,2022-02-18,2021-12-31,147440000.0,1210012000.0,196557000.0,1.33,294921000.0,0.2437339464,4336223000.0,2447621000.0,3865064000.0,494521000.0,1888590000.0,3054743000.0,2355448000.0,3065439209.52,3798898209.52,22.26896213697518,7.815773243198974,0.3263178577301029,0.5781070680468913,0.03742253555445456,22.26896213697518,0.06023808424588611,2.5333957097284987,5.197774025908845,1.252415798655102,0.0,0.29956398950746427,0.0,0.27904745673827197,1.61474234663442,0.03400194132082229,14.913495677505983,0.2437339464402006,0.13675213675213688,2.6881432939827006,1.2634230309482197,0.9364341702409412,0.08164380547201643,0.10727267265463065,0.14213578467831908,0.9192698278412829,0.3819883221212436,0.5394102407371637,Residential Construction,Consumer Cyclical,TPH
2021Q3,2021,Q3,2021-10-22,2021-09-30,133156000.0,1033193000.0,172096000.0,1.17,272660000.0,0.2639003554998921,4233685000.0,2354136000.0,3826223000.0,515465000.0,1879537000.0,3136477000.0,2208008000.0,2370670556.2599998,3183553556.2599998,20.873393221733217,7.422857032000233,0.3307492172894299,0.5948203502261552,0.03386381180637434,20.873393221733217,0.056562577523133754,2.294508921624517,4.45092702593199,1.0070236198163574,0.0,0.24248001818600934,0.0,0.24404106587996036,1.3087930315346337,0.031451560519972555,24.65903759449957,0.2639003554998921,0.16999999999999993,4.4438035653157835,1.5280280221127602,0.8777011677394542,0.08850652720667491,0.1296948307018809,0.1332841639447898,1.726508782557352,0.746046033937042,0.5729077111991285,Residential Construction,Consumer Cyclical,TPH
2021Q2,2021,Q2,2021-07-22,2021-06-30,117869000.0,1018064000.0,151856000.0,1.0,250490000.0,0.24604543525750838,4160157000.0,2279290000.0,3756221000.0,526097000.0,1880855000.0,3085582000.0,2074852000.0,2503540634.44,3344531634.44,19.510442142644052,7.139787909834118,0.3359185723038818,0.613118120116352,0.030541592647603165,19.510442142644052,0.0517130334446253,2.4591191068930836,5.310006520883354,1.0983861792224772,0.0,0.24876149783087922,0.0,0.24471768733728078,1.2574183087909645,0.028332824939058792,39.217090673893296,0.24604543525750838,0.6949152542372882,1.2086095960670897,1.2555756260317177,0.7966769355660217,0.43918414248779086,0.6647693567978306,0.6702339445000495,1.4080284582976654,0.7171772687655176,0.4595018434874845,Residential Construction,Consumer Cyclical,TPH
2021Q1,2021,Q1,2021-04-22,2021-03-31,70802000.0,720966000.0,90919000.0,0.59,174050000.0,0.24141221638745794,4092953000.0,2239762000.0,3693690000.0,500554000.0,1853179000.0,3015984000.0,1956983000.0,2430072930.72,3189189930.72,18.765508534136394,7.379203842142906,0.32831601046970244,0.5999664250040853,0.018742419840262925,18.765508534136394,0.031611394424943366,3.3705790990421183,8.580523610632468,1.0849692649129685,0.0,0.181339158297922,0.0,0.17614812581527323,1.3305857110321764,0.017298512834132227,99.10574758238172,0.24141221638745794,-0.3586956521739131,2.363822196942783,1.305691609027549,0.7926192451540093,-0.31405893457450373,-0.3849401462897649,-0.3882616535687372,1.0953675083673455,0.5675175233182924,0.44746667387143646,Residential Construction,Consumer Cyclical,TPH
2020Q4,2020,Q4,2021-02-19,2020-12-31,115114000.0,1060827000.0,148624000.0,0.92,253739000.0,0.23918980191869174,4021980000.0,2232537000.0,3609972000.0,442589000.0,1789431000.0,2910142000.0,1886181000.0,2138043522.0,2912988522.0,18.012385086518364,8.156488299528457,0.3471523975753236,0.6254050884710981,0.03017285034236794,18.012385086518364,0.05156196739404543,2.0154497594801035,4.643317758917247,0.9576743955419328,0.0,0.2773362949299381,0.0,0.2637574030701296,1.5473633551669834,0.028621226361145505,8.768223105314961,0.23918980191869174,0.5081967213114755,0.7665644347542817,0.5733667404536091,0.7508748376078875,0.37557736094546246,0.4630283927709006,0.46388645384971483,0.8928791485722564,0.144139890159677,0.4081461754286188,Residential Construction,Consumer Cyclical,TPH
2020Q3,2020,Q3,2020-10-22,2020-09-30,78682000.0,832464000.0,101527000.0,0.61,184460000.0,0.22158315554786753,3957565000.0,2198088000.0,3587799000.0,448360000.0,1759465000.0,2989377000.0,1771067000.0,2339006084.14,3178675084.14,17.047119539520363,8.002049692211616,0.33688745478596055,0.6065516940177099,0.02163654739659374,17.047119539520363,0.035795655133006504,2.8097384200878355,7.431833469344958,1.0641093914984294,0.0,0.2167689120509056,0.0,0.21034752429840065,1.2918123829065928,0.019881416982412164,13.99546500329093,0.22158315554786753,0.41860465116279066,0.9679417078792529,0.611415920020194,0.7496534937881536,0.10446492189230779,0.39191197282762524,0.31714689741959756,0.276889933567604,0.3601957275223805,0.3991181299827399,Residential Construction,Consumer Cyclical,TPH
2020Q2,2020,Q2,2020-07-24,2020-06-30,56528000.0,770106000.0,77081000.0,0.43,167013000.0,0.21687014514884964,3977904000.0,2175799000.0,3596020000.0,160014000.0,1802093000.0,3012622000.0,1692385000.0,1913997750.47,3105641750.4700003,16.699333790831943,22.47315859862262,0.418861038375989,0.7657825929692954,0.014976052472355927,16.699333790831943,0.025980341014955884,2.4853692225096284,8.464821639143432,0.8796758112628971,0.0,0.200188739244419,0.0,0.19359592388353264,3.512973864786831,0.014210498795345488,7.612175320733856,0.21687014514884964,0.7916666666666667,0.27705129528790273,0.9286182373643543,0.7661624938756129,0.3590778520103835,0.7729824671455008,0.9626470438458012,1.063622528080991,0.6117557960600866,0.46149906504282046,Residential Construction,Consumer Cyclical,TPH
2020Q1,2020,Q1,2020-04-23,2020-03-31,31883000.0,597050000.0,39274000.0,0.24,122887000.0,0.20582363286156938,4293053000.0,2115281000.0,3928487000.0,658804000.0,2177760000.0,3194148000.0,1635857000.0,1178347267.96,2589143267.96,15.743248933836142,5.963058815672036,0.47400416440234955,0.9620116665350844,0.007139746691680277,15.743248933836142,0.01507270192470882,1.9736157239092205,9.239620392999404,0.557064176324564,0.0,0.14844741070232187,0.0,0.13907352180371405,1.0744166702084383,0.007426649519584314,-12.121293118821557,0.20582363286156938,-0.7176470588235294,1.5051137445424678,0.9021588487506349,0.7288107463995454,-0.5106676966694806,-0.7297890552829405,-0.7298750962914053,3.59842952968728,0.7934100280407471,0.3590597818636087,Residential Construction,Consumer Cyclical,TPH
2019Q4,2019,Q4,2020-02-19,2019-12-31,117993000.0,1141274000.0,145392000.0,0.85,251132000.0,0.22004531777644984,3858690000.0,2186530000.0,3487793000.0,152070000.0,1672148000.0,3065436000.0,1603974000.0,2153859125.4,3358833125.4,15.816325681779894,22.935444203327414,0.39754035696052287,0.7015613780739345,0.030106645469344252,15.816325681779894,0.05396358613876782,1.8872410353692453,4.5635315768732045,0.9850581173823364,0.0,0.29038022649959094,0.0,0.29576721633507747,2.61910304465049,0.030578512396694214,5.352545919348707,0.22004531777644984,0.9318181818181818,2.3242257668732007,1.097600526131715,0.7548683533154301,0.4819894249834765,0.8770461812570592,0.7692326413395313,1.3466215781590707,0.6973067147886158,0.37533457147536725,Residential Construction,Consumer Cyclical,TPH
2019Q3,2019,Q3,2019-10-31,2019-09-30,62861000.0,748395000.0,82178000.0,0.44,169456000.0,0.22642588472664837,3941471000.0,2111685000.0,3573102000.0,316528000.0,1829773000.0,3345390000.0,1485981000.0,2121969250.2399998,3674765250.24,14.967107745038197,11.288423141080726,0.42701265593480203,0.7970213360420707,0.015828541233149977,14.967107745038197,0.029768170915643193,2.835360004062026,8.439132571228583,1.0048701630404155,0.0,0.17305575732575276,0.0,0.1898770788875524,0.6342851185361169,0.01594861410879339,5584.129605894736,0.22642588472664837,1.4444444444444446,5.457898952278553,0.7639824817542498,0.6878126931101246,0.43800544801894076,1.3936105399436447,1.477778447807996,1.0543301257510493,0.4637892385339257,0.34639133139498546,Residential Construction,Consumer Cyclical,TPH
2019Q2,2019,Q2,2019-07-25,2019-06-30,26262000.0,698714000.0,33166000.0,0.18,117841000.0,0.16865412743983949,3877550000.0,2086630000.0,3512870000.0,284036000.0,1790907000.0,3253601000.0,1423120000.0,1712619758.6399999,3223248758.64,14.669353820809775,12.367692827669732,0.4338164562674885,0.8061539420021757,0.006432893075411048,14.669353820809775,0.012585844160200898,2.4511026809824905,16.303211471327394,0.8207587155557047,0.0,0.17853234001341897,0.0,0.18019471057755543,0.8093551521638103,0.0067728333612719375,337.9281291712707,0.16865412743983949,359.7214428857715,-0.04634317446454921,0.7791216901749195,0.3895033697120292,0.653212682379349,368.88732394366195,5.822742474916388,-0.5958475990236299,0.2713928595840782,0.3508709580650459,Residential Construction,Consumer Cyclical,TPH
2019Q1,2019,Q1,2019-04-25,2019-03-31,71000.0,494632000.0,-6877000.0,0.000499,71280000.0,0.14410713419269275,3855895000.0,2057023000.0,3480108000.0,163032000.0,1798859000.0,3242678000.0,1396858000.0,1822968719.5,3147933719.5,14.49983494903298,21.34616517002797,0.36631262002725695,0.6866539654636822,-0.0014556747201259067,14.49983494903298,3.45158999194467e-05,3.6855050209044298,6418.903941901408,0.8862169842048436,0.0,0.1305562871182399,0.0,0.12827942669600703,1.26978752637519,1.8413364471802265e-05,-14.924139530409581,0.14410713419269275,-0.9992871428571428,-0.9963188346615209,0.5138144119901635,0.40236626884499094,-0.6979481833668099,-0.9992855849147733,-1.0520236023904985,-0.9971620071292385,0.33086526181524684,0.38513076445063305,Residential Construction,Consumer Cyclical,TPH
2018Q4,2018,Q4,2019-02-26,2018-12-31,99382000.0,1132697000.0,132190000.0,0.7,235986000.0,0.20833991791273396,3884203000.0,2056924000.0,3577330000.0,193135000.0,1827266000.0,3216059000.0,1396787000.0,1554149531.82,2687257531.8199997,14.465904895053471,18.522432495404768,0.36321582574340217,0.6858804700611204,0.02828883336755167,14.465904895053471,0.04831583471241524,1.3720787923160385,3.9095347543317702,0.7555697399709469,0.0,0.27882293204198055,0.0,0.2916163238636086,1.704962849820074,0.025586201339116415,4.137249584238436,0.20833991791273396,0.6279069767441859,1.6471049817579633,1.0898979216863518,0.41819363444907737,0.4245287005233643,0.5535962731948287,0.6169832784920062,0.3294250938554774,0.4643805532236937,0.4061429823047143,Residential Construction,Consumer Cyclical,TPH
2018Q3,2018,Q3,2018-10-24,2018-09-30,63969000.0,775071000.0,81751000.0,0.43,165659000.0,0.21373396759780716,3877104000.0,1960397000.0,3572890000.0,202394000.0,1916103000.0,3377735000.0,1297405000.0,1814063908.7199998,3250175908.72,13.270577207495593,17.65314189155805,0.3918383411948712,0.7749440546991248,0.017970983295673856,13.270577207495593,0.03263063552943613,2.3405132029452784,7.08962117869593,0.9253553788951931,0.0,0.18042031124407332,0.0,0.19990977801988288,0.8306175084241628,0.01649917051489978,-22.421871168022147,0.21373396759780716,0.023809523809523832,1.9199228566808153,1.832045905697569,0.3403478530611402,4.225726221234878e-05,0.004538316582914573,-0.009966817642357158,0.3965170864287452,0.3095543535672575,0.36204311360940866,Residential Construction,Consumer Cyclical,TPH
2018Q2,2018,Q2,2018-07-27,2018-06-30,63680000.0,771303000.0,82574000.0,0.42,165652000.0,0.21476903370011527,3872685000.0,2031702000.0,3565145000.0,195176000.0,1840379000.0,3247786000.0,1233436000.0,2486456374.96,3699916374.96,13.367877697244825,18.26630835758495,0.37528639690550614,0.7153440809725048,0.0177892375439907,13.367877697244825,0.03134317926546314,3.223708937940083,9.761527853957286,1.2238292697255797,0.0,0.18648119057105364,0.0,0.19916492046215997,1.534599540927163,0.016443371975773915,-39.18950265512948,0.21476903370011527,0.4999999999999998,5.380367962119163,2.1388849108337853,0.37334493921642087,0.24988304887802376,0.48507462686567165,0.456614157949514,0.23330320241166438,0.6559333979648637,0.4138195276120586,Residential Construction,Consumer Cyclical,TPH
2018Q1,2018,Q1,2018-04-25,2018-03-31,42880000.0,583676000.0,56689000.0,0.28,132534000.0,0.22706775676916646,3846761000.0,1963644000.0,3537041000.0,222558000.0,1882513000.0,3145555000.0,1169756000.0,2488562507.21,3637028507.21,12.96438037080717,15.892670674610663,0.38293878928272385,0.7501736567320757,0.012292488697258222,12.96438037080717,0.02183695211555659,4.263602593236659,14.508876557894123,1.2673185705810217,0.0,0.14342206701202173,0.0,0.1517318076168496,1.7067775591081875,0.011147040328213788,52.15362786507671,0.22706775676916646,-0.4285714285714285,28.63619655251489,2.9055834360949047,0.20055661133424416,-0.46590098531100765,-0.4206971088894893,-0.6581973193128855,1.9887236681976432,0.64956954862531,0.4236553204270152,Residential Construction,Consumer Cyclical,TPH
2017Q4,2017,Q4,2018-02-20,2017-12-31,74020000.0,1128520000.0,165853000.0,0.49,248145000.0,0.2198853365469819,3805381000.0,1929722000.0,3527107000.0,215009000.0,1875054000.0,3105553000.0,1134230000.0,2703393530.88,3891781530.88,12.791559144089328,16.40446213879419,0.38663723816353734,0.7624424658059554,0.023106590928692727,12.791559144089328,0.03835785672754936,2.3955211523765643,9.130618518238315,1.4009238278259772,0.0,0.28348413309964443,0.0,0.2965590042100909,1.8999855819988931,0.01945140315779156,8.666472816241741,0.2198853365469819,0.020833333333333353,1.1514435671005525,2.773701706472763,1.4240073615917177,0.35056657994709745,0.02429978966013506,0.41984059720403044,0.9110054485596806,0.9007311682337988,0.41926151390421024,Residential Construction,Consumer Cyclical,TPH
2017Q3,2017,Q3,2017-10-25,2017-09-30,72264000.0,717735000.0,116811000.0,0.48,183734000.0,0.25599141744515735,3896066000.0,1842429000.0,3570698000.0,197060000.0,2050083000.0,3303421000.0,1060210000.0,2088275614.64,3595437614.6400003,12.184188864546172,18.11985182178017,0.42852405477730615,0.9061722324170972,0.02030708977866734,12.184188864546172,0.03922213556126179,2.9095357125401438,7.224467281910772,1.1334361403560191,0.0,0.16165090674182916,0.0,0.18422044185083106,1.2593118847051659,0.018547940409633718,216.96370022233768,0.25599141744515735,1.2857142857142858,11.202919492337905,13.90837547546705,0.0,0.5885150089915617,1.2089625236901633,1.3943058601676677,5.926742901539569,0.578427456363012,0.37398814594954227,Residential Construction,Consumer Cyclical,TPH
2017Q2,2017,Q2,2017-07-26,2017-06-30,32714000.0,570626000.0,48787000.0,0.21,115664000.0,0.20269668749759037,3751997000.0,1777954000.0,3417187000.0,169279000.0,1959129000.0,3208341000.0,987946000.0,2052412789.81,3555328789.81,11.426167960184545,20.186715422468232,0.4311999716417684,0.9099566130507314,0.009080252582020129,11.426167960184545,0.01839980111971401,3.5967740513225825,15.684514197361985,1.1543677675631654,0.0,0.1418059988012496,0.0,0.15208594249942098,1.1181776829967096,0.00871909012720426,-18.82446679149584,0.20269668749759037,3.1999999999999993,6.04413003720314,13.840555282064518,0.0,0.5575755127324634,2.9929207860368607,3.004514487400476,0.08595672798170603,0.3282270225914747,0.0823039022379805,Residential Construction,Consumer Cyclical,TPH
2017Q1,2017,Q1,2017-04-26,2017-03-31,8193000.0,393391000.0,12183000.0,0.05,74259000.0,0.18876639272377863,3599716000.0,1839174000.0,3263281000.0,175822000.0,1745920000.0,3046092000.0,955232000.0,1990969254.12,3282364254.12,11.58392672929239,18.560140369237068,0.3944516734097912,0.7720389696679053,0.0023939271986904895,11.58392672929239,0.004454717171947842,5.061044238734491,60.75214372391065,1.0825344715181924,0.0,0.10476768265699132,0.0,0.10928389906314831,1.1063348158933466,0.002276012885460964,-17.54714494570965,0.18876639272377863,-0.8611111111111112,2.4265533700557174,15.826069056343513,0.0,-0.5255682907195155,-0.8584020324570955,-0.8558276037537129,-0.6204412547516205,0.07578111981875191,0.1203512428267282,Residential Construction,Consumer Cyclical,TPH
2016Q4,2016,Q4,2017-02-24,2016-12-31,57861000.0,773753000.0,84503000.0,0.36,156522000.0,0.20228936107517514,3564640000.0,1829447000.0,3226279000.0,174299000.0,1716130000.0,2910627000.0,947039000.0,1826267880.64,2999643880.6400003,11.499984083736944,18.510025875076735,0.3877061919296198,0.7554375721187878,0.017673609800479672,11.499984083736944,0.03162759019528852,2.3602724391892504,7.890754915400701,0.9982622511830077,0.0,0.21206118131935148,0.0,0.21706343417568114,1.6704456135720802,0.016231933659499976,18.069694469466103,0.20228936107517514,0.6363636363636362,0.5948339981769619,1.453631428114201,1.1792531905734718,0.3275826972010178,0.6610495492909226,0.5639435889843056,0.3775247645354201,0.27603832014823626,0.12742371404627947,Residential Construction,Consumer Cyclical,TPH
2016Q3,2016,Q3,2016-10-27,2016-09-30,34834000.0,582029000.0,54032000.0,0.22,117900000.0,0.20256722603169258,3489903000.0,1785460000.0,3158716000.0,181448000.0,1681545000.0,2969148000.0,889178000.0,2116893244.8999999,3372660244.8999996,11.11646175672484,17.408381464662053,0.39671073952485214,0.7754203398563956,0.010804795540525812,11.11646175672484,0.01950981819811141,3.637092386977281,15.192722949560773,1.1856290507208225,0.0,0.15631723309178255,0.0,0.1667751224031155,0.9626394338873947,0.009981366244276703,-27.837741898111616,0.20256722603169258,-0.5217391304347826,5.630377528957579,10.382074219854106,0.0,-0.337532519343039,-0.5287990693396099,-0.5265749583807938,0.4624325102128079,0.9560236193261298,0.12277901829669591,Residential Construction,Consumer Cyclical,TPH
2016Q2,2016,Q2,2016-07-27,2016-06-30,73926000.0,625222000.0,114130000.0,0.46,177971000.0,0.2846524914350423,3336264000.0,1757301000.0,3005696000.0,167441000.0,1561483000.0,2840213000.0,854344000.0,1912786570.5,3078294570.5,10.85918216927381,17.95077669149133,0.38456698870353184,0.7301065668317493,0.023987725775406844,10.85918216927381,0.0420679212041648,3.059371823928141,6.468585377607337,1.0884797598703921,0.0,0.15747093615866134,0.0,0.18740183630552018,0.9088574482952204,0.02215831840645704,-40.49768314913618,0.2846524914350423,1.5555555555555558,11.960256352242391,14.635210254440318,0.0,0.8012894475820328,1.589352014010508,1.6361620547881923,5.95646150164011,1.3896435818636836,0.11561485031203533,Residential Construction,Consumer Cyclical,TPH
2016Q1,2016,Q1,2016-04-27,2016-03-31,28550000.0,424138000.0,43294000.0,0.18,98802000.0,0.2329477670003631,3234077000.0,1694757000.0,2893745000.0,155644000.0,1513234000.0,2705251000.0,780418000.0,1907130639.1999998,3009752639.2,10.468206555778773,18.592075505641077,0.3854704139697354,0.735586871746215,0.00956059328072948,10.468206555778773,0.016846072917828338,4.496486141774611,16.69991803152364,1.1253121475232142,0.0,0.12026092957732942,0.0,0.13114653732734255,1.1353280563336845,0.008827866497921973,-13.613901641123014,0.2329477670003631,-0.6538461538461539,5.875094580521768,16.79087446297374,0.0,-0.5171958835429677,-0.6644019183750235,-0.6595152334963902,17.460762695533255,1.6551991822715968,-0.03059967156994085,Residential Construction,Consumer Cyclical,TPH
2015Q4,2015,Q4,2016-02-26,2015-12-31,85072000.0,880243000.0,127154000.0,0.52,204642000.0,0.23248353011611567,3138071000.0,1664683000.0,2791991000.0,159305000.0,1451608000.0,2519273000.0,751868000.0,2050180212.5,3008642212.5,10.28764860835374,17.52607262797778,0.3737796244890571,0.7046068230407831,0.029119426126670702,10.28764860835374,0.051104024009375956,2.3291070903148334,6.024838408935961,1.231573946811495,0.0,0.26817300070298056,0.0,0.28050448826683655,1.6207589215655505,0.027109647933396024,11.970736821669217,0.23248353011611567,0.6774193548387097,8.637835060452732,8.05292919235046,0.0,0.4921361750530453,0.6959451377536781,0.6355053636199933,1.3052783059458575,1.7442061313018065,0.9495149636736189,Residential Construction,Consumer Cyclical,TPH
2015Q3,2015,Q3,2015-11-06,2015-09-30,50162000.0,648141000.0,77746000.0,0.31,137147000.0,0.21160056222334336,3111813000.0,1576176000.0,2729113000.0,150139000.0,1524075000.0,2576402000.0,666796000.0,2117607169.37,3269521169.37,9.743140341812396,18.17724242202226,0.40134384681855884,0.7923651927195947,0.017606863015841186,9.743140341812396,0.03182512612804662,3.267201379591786,10.553841400711695,1.3435093348521991,0.0,0.19833628447734475,0.0,0.2082840453459125,0.8773336707983935,0.01611986324371034,57.79811041459686,0.21160056222334336,-0.08823529411764713,7.6201174255341915,11.584155570323269,0.0,-0.03560905977737306,-0.08680138357910068,-0.10829471945680598,7.6201174255341915,11.584155570323269,0.0,Residential Construction,Consumer Cyclical,TPH
2015Q2,2015,Q2,2015-08-10,2015-06-30,54930000.0,495517000.0,87188000.0,0.34,142211000.0,0.28699519895382,3107187000.0,1528771000.0,2714607000.0,130250000.0,1556480000.0,2535753000.0,616634000.0,2473804521.0,3660283521.0,9.455151408060669,20.84151247600768,0.4210837648329502,0.855841718609262,0.02004941934891645,9.455151408060669,0.03593082286359435,4.99237063713253,11.258895507919169,1.6181655205390475,0.0,0.13932981642928155,0.0,0.15947446999488604,1.1984337811900192,0.017678369534887987,-35.84392779935087,0.28699519895382,2.7777777777777777,9.150949314056902,11.402325420973803,0.0,0.8950601655051104,2.590900176505197,2.825041677634465,9.150949314056902,11.402325420973803,0.0,Residential Construction,Consumer Cyclical,TPH
2015Q1,2015,Q1,2015-05-08,2015-03-31,15297000.0,377258000.0,22794000.0,0.09,75043000.0,0.19891692157621574,2972247000.0,1470602000.0,2572697000.0,145712000.0,1481620000.0,2409306000.0,561704000.0,2491805667.1,3604026667.1,9.106403906051218,17.656040682991105,0.41005811428188843,0.8287721626925572,0.0056067229354098014,9.106403906051218,0.010401862638565703,6.6050439410164925,40.72376392593319,1.6944119939317366,0.0,0.12543653649640188,0.0,0.12692686711434145,0.94152163171187,0.00514661130114691,-22.925382430169652,0.19891692157621574,-0.6538461538461539,3.618605704763005,14.864101464487375,0.0,-0.4253673627223511,-0.6307391493265099,-0.6763641010350556,3.618605704763005,14.864101464487375,0.0,Residential Construction,Consumer Cyclical,TPH
2014Q4,2014,Q4,2015-03-12,2014-12-31,41426000.0,635001000.0,70431000.0,0.26,130593000.0,0.20565794384575772,2913524000.0,1454180000.0,2510754000.0,149501000.0,1441048000.0,2280183000.0,546407000.0,2460520308.5,3461582308.5,9.012827459050415,16.79422880114514,0.4021559458580056,0.8057400046761749,0.01614047450903444,9.012827459050415,0.02848753249253875,3.874829029403103,14.848889034060734,1.6920328353436302,0.006131415053348139,0.22121382362731412,0.00010323019855700573,0.21794946600748785,1.3475495147189651,0.014218520252450297,97.3422600981129,0.20565794384575772,2.714285714285714,4.7300525114225715,5.549667679636192,0.0,0.44776781260046783,2.7780209758321934,1.116379698909222,0.12581759969449033,0.9853947625741146,0.7079356678414944,Residential Construction,Consumer Cyclical,TPH
2014Q3,2014,Q3,2014-11-13,2014-09-30,10965000.0,477920000.0,33279000.0,0.07,90203000.0,0.18874079343823233,2851396000.0,1409365000.0,2473794000.0,136132000.0,1427816000.0,2263740000.0,504981000.0,2056572963.0,3083876963.0,8.867753990792886,18.172024211794433,0.412074296239456,0.8336995739215888,0.008312585356526701,8.867753990792886,0.0077800995483781705,4.303174093990626,46.88948844049248,1.4592195513582356,0.0,0.1712727610061226,0.0,0.16760912900207478,1.3437178620750447,0.003845484808143099,-38.73748282162366,0.18874079343823233,-0.631578947368421,2.4729750529747765,8.445081188475204,0.0,3.3616362845123544,0.7904964075767472,2.0475274725274724,2.4729750529747765,8.445081188475204,0.0,Residential Construction,Consumer Cyclical,TPH
2014Q2,2014,Q2,2014-08-07,2014-06-30,6124000.0,87336000.0,10920000.0,0.19,20681000.0,0.23679811303471648,601187000.0,333953000.0,585224000.0,40106000.0,267234000.0,542037000.0,21534000.0,497263418.76,698271418.76,10.557263940892751,14.59193138183813,0.37779925380954676,0.6801196575566023,0.011492423559747316,10.557263940892751,0.018337909825634147,5.693682087111844,20.299780321685173,1.489022164076981,0.0,0.12297131007661839,0.0,0.14527260236831468,0.7501371365880417,0.01018651434578592,-9.623087408754886,0.23679811303471648,0.35714285714285704,5.6448720351665,10.173206861210696,0.0,0.2625763125763126,0.42484876686831086,0.3646588352911772,5.6448720351665,10.173206861210696,0.0,Residential Construction,Consumer Cyclical,TPH
2014Q1,2014,Q1,2014-05-06,2014-03-31,4298000.0,72812000.0,8002000.0,0.14,16380000.0,0.22496291820029665,538567000.0,326867000.0,529543000.0,34767000.0,211700000.0,484483000.0,15410000.0,513083437.02000004,657970437.02,10.339549140022637,15.23119624931688,0.32852551307451067,0.5412996723437973,0.009169424795996367,10.339549140022637,0.013149078983195,7.046687867659178,29.844313460912055,1.5697009395870494,0.0,0.11647880317782049,0.0,0.135195806649869,0.975091322230851,0.00798043697441544,-12.29442975630796,0.22496291820029665,-0.4615384615384615,4.758452118188438,14.640792300926769,0.0,-0.4085361450133603,-0.48483758839745894,-0.5763447691656078,4.758452118188438,14.640792300926769,0.0,Residential Construction,Consumer Cyclical,TPH
2013Q4,2013,Q4,2014-02-27,2013-12-31,8343000.0,120441000.0,18888000.0,0.26,27694000.0,0.22993831004392193,506035000.0,322306000.0,490903000.0,42279000.0,183729000.0,455642000.0,11112000.0,629746286.51,732597286.51,10.200232566036732,11.611036211830932,0.27292973806159654,0.4285120351467239,0.022295604505760423,10.200232566036732,0.025885338777435107,5.228670357353393,18.870498816672658,1.9538770190750403,0.0,0.20355235031011187,0.0,0.23800922861066923,0.8741455568958585,0.01648700188722124,-8.662021491980964,0.22993831004392193,0.7333333333333335,4.835862068965517,5.343340180123243,0.0,1.0981892567618758,0.7804097311139565,1.6967447173043975,4.835862068965517,5.343340180123243,0.0,Residential Construction,Consumer Cyclical,TPH
2013Q3,2013,Q3,2013-11-13,2013-09-30,4686000.0,58539000.0,7004000.0,0.15,13199000.0,0.2254736158800116,430968000.0,312846000.0,422642000.0,25670000.0,118122000.0,359878000.0,2769000.0,463857274.76,553934274.76,9.900845647782937,16.46443319049474,0.2145217278313007,0.29551920114049723,0.012467942927336209,9.900845647782937,0.014978615676722732,7.923901582876373,24.746973685446008,1.482701631985066,0.0,0.1259871400863626,0.0,0.1358314306398619,2.4450331125827813,0.010873197081917915,-10.278474478938154,0.2254736158800116,1.1428571428571426,4.166216216216216,4.818986083499006,0.0,0.40804352464262855,1.2583132530120482,1.0155395683453237,4.166216216216216,4.818986083499006,0.0,Residential Construction,Consumer Cyclical,TPH
2013Q2,2013,Q2,2013-08-13,2013-06-30,2075000.0,51087000.0,3475000.0,0.07,9374000.0,0.18349090766731263,382959000.0,307568000.0,380653000.0,12834000.0,75391000.0,301831000.0,-1917000.0,516625779.45000005,581482779.45,9.733809267810049,29.659731961976,0.16335169038983285,0.2033924205378973,0.005466216065112835,9.733809267810049,0.006746475576132758,10.112666225262789,62.24406981325302,1.6797123870168549,0.0,0.13819985356043613,0.0,0.133400703469562,6.141654978962132,0.005418334599787445,-9.335654410994056,0.18349090766731263,6.0,2.575550493545938,5.542904713114754,0.0,0.9472372247611134,6.685185185185185,19.321637426900583,2.575550493545938,5.542904713114754,0.0,Residential Construction,Consumer Cyclical,TPH
2013Q1,2013,Q1,2013-05-14,2013-03-31,270000.0,27888000.0,171000.0,0.01,4814000.0,0.17261904761904762,379712000.0,305219000.0,377754000.0,13597000.0,74493000.0,245162000.0,-3992000.0,565856771.48,615638771.48,10.798641437157341,27.782157828932853,0.16037417832462497,0.19951575753803008,0.00036766156533922154,10.798641437157341,0.0008846107221372195,20.290331736947792,523.941455074074,1.8539369157228087,0.0,0.0941173591339604,0.0,0.07344513736726782,9.751562844745164,0.000711065228383617,-11.901499032074877,0.17261904761904762,-0.9565217391304347,1.2640787198733312,5.700391662426301,0.0,-0.5734538366117313,-0.9581135587961527,-0.9732142857142857,1.2640787198733312,5.700391662426301,0.0,Residential Construction,Consumer Cyclical,TPH
2012Q4,2012,Q4,2013-03-28,2012-12-31,6446000.0,56029000.0,6384000.0,0.23,11286000.0,0.20143140159560227,217516000.0,149153000.0,214455000.0,9402000.0,68363000.0,194083000.0,0.0,538440134.7,575984134.7,5.2770298253920265,22.809508615188257,0.26374151786535244,0.3846251835363687,0.030912110632817003,5.2770298253920265,0.04321736740125911,9.610025784861412,20.882723188799254,3.6099852815565225,0.0,0.23053538949830743,0.0,0.2575856488718071,2.1667730270155285,0.029634601592526528,-15.359866914848098,0.20143140159560227,5.910437882960781,4.31319435087423,2.298924628543082,0.0,8.556308213378493,5.355405405405405,5.61271676300578,4.31319435087423,2.298924628543082,0.0,Residential Construction,Consumer Cyclical,TPH
2012Q3,2012,Q3,2012-09-30,2012-09-30,-1480000.0,10060000.0,-1384000.0,-0.046839,1181000.0,0.11739562624254474,,,,,,,,601940128.35,,,0.0,0.0,0.0,0.0,,0.0,59.83500281809145,-101.6790757347973,0.0,0.0,0.0,0.0,0.0,0.0,0.0,-29.951740476190476,0.11739562624254474,-0.12377639155470242,0.0,0.0,0.0,0.23664921465968586,-0.12376613515565679,-0.05247148288973384,0.0,0.0,0.0,Residential Construction,Consumer Cyclical,TPH
2012Q2,2012,Q2,2012-06-30,2012-06-30,-1317000.0,7808000.0,-1315000.0,-0.04168,955000.0,0.12231045081967214,,,,,,,,601940128.35,,,0.0,0.0,0.0,0.0,,0.0,77.09274184810451,-114.2635019646925,0.0,0.0,0.0,0.0,0.0,0.0,0.0,-21.194328662723144,0.12231045081967214,-0.1522406214579937,0.0,0.0,0.0,0.8507751937984496,-0.15223097112860892,-0.13852813852813853,0.0,0.0,0.0,Residential Construction,Consumer Cyclical,TPH
2012Q1,2012,Q1,2012-03-31,2012-03-31,-1143000.0,4653000.0,-1155000.0,-0.036173,516000.0,0.11089619600257898,,,,,,,,601940128.35,,,0.0,0.0,0.0,0.0,,0.0,129.3660280141844,-131.65794583333334,0.0,0.0,0.0,0.0,0.0,0.0,0.0,-28.702085082490942,0.11089619600257898,0.4744893511927246,0.0,0.0,0.0,-0.5641891891891891,0.47448275862068967,-0.050955414012738856,0.0,0.0,0.0,Residential Construction,Consumer Cyclical,TPH
2011Q4,2011,Q4,2010-12-31,2010-12-31,-2175000.0,18987000.0,-1099000.0,-0.068834,1184000.0,0.062358455785537475,,,,,,,,601940128.35,,,0.0,0.0,0.0,0.0,,0.0,31.702750742613368,-69.1885205,0.0,0.0,0.0,0.0,0.0,0.0,0.0,-145.18575213458757,0.062358455785537475,0.0,0.0,0.0,0.0,0.0,0.0,0.0,0.0,0.0,0.0,Residential Construction,Consumer Cyclical,TPH
