Quarters,Year,Quarter,FillingDate,Date,NetIncome,Revenue,OperatingIncome,EPSDiluted,GrossProfit,GrossProfitRatio,TotalAssets,CommonStockEquity,CurrentAssets,CurrentLiability,TotalLiability,Inventory,RetainedEarnings,MarketCap,EnterpriseValue,bookValuePerShare,currentRatio,debtToAssets,debtToEquity,roic,shareholdersEquityPerShare,roe,priceToSalesRatio,peRatio,pbRatio,payoutRatio,inventoryTurnover,dividendYield,assetTurnover,quickRatio,returnOnAssets,priceToFreeCashFlowsRatio,grossProfitMargin,epsdilutedGrowth,fiveYNetIncomeGrowthPerShare,fiveYRevenueGrowthPerShare,fiveYShareholdersEquityGrowthPerShare,grossProfitGrowth,netIncomeGrowth,operatingIncomeGrowth,threeYNetIncomeGrowthPerShare,threeYRevenueGrowthPerShare,threeYShareholdersEquityGrowthPerShare,Industry,Sector,Symbol
2023Q2,2023,Q2,2023-06-05,2023-04-30,34146000.0,703661000.0,56110000.0,4.47,131325000.0,0.1866310624,2483754000.0,429471000.0,1863372000.0,484445000.0,2054257000.0,1484992000.0,-304889000.0,452646060.0,1397606060.0,69.65147583522543,3.8464056807274303,0.5146298707520954,2.9762521800074975,0.024325108913597123,69.65147583522543,0.07950711456652486,0.643272911245614,3.3140489369179407,1.0539618740264185,0.07816435307210215,0.38541352411326124,0.005896439262058307,0.2833054320194351,0.7647183890844161,0.013747738302585522,4.878492628039317,0.18663106240078675,0.9778761061946903,2.064296358422843,0.6197758455064077,1.8396253714913606,0.316224667749113,0.8244282966445822,0.7683580208005043,7.364381235757589,0.42309860090318413,1.8586249974905384,Residential Construction,Consumer Cyclical,HOV
2023Q1,2023,Q1,2023-03-06,2023-01-31,18716000.0,515366000.0,31730000.0,2.26,99774000.0,0.1935983359,2435185000.0,395778000.0,1787698000.0,459584000.0,2039388000.0,1507038000.0,-336366000.0,358045680.0,1402263680.0,63.97963142580019,3.8898177482244813,0.5252771350020635,3.231981060089242,0.01964638838977976,63.97963142580019,0.047289136839339226,0.6947405921228796,4.7826148749732855,0.9046629170898838,0.14260525753366105,0.2757674325398563,0.007454356103388819,0.2116332024055667,0.5362088323353293,0.00768565837913752,-10.233970159492369,0.19359833593989514,-0.6878453038674034,0.5116720624140099,-0.3170319071938559,1.822198390952773,-0.44526854219948847,-0.6635809681304262,-0.6887170984862606,11.015932221767168,-0.3016011729274944,1.780336447783292,Residential Construction,Consumer Cyclical,HOV
2022Q4,2022,Q4,2022-12-19,2022-10-31,55633000.0,886788000.0,101933000.0,7.24,179860000.0,0.2028218695,2562030000.0,383036000.0,1960485000.0,549554000.0,2178979000.0,1519184000.0,-352413000.0,261257740.0,1226411740.0,59.12874343933313,3.567411027851676,0.50403469124093,3.3713593500349837,0.03658673393394773,59.12874343933313,0.14524222266314393,0.29461127123957476,1.174023241601208,0.6820709802733946,0.05424837776140061,0.46533402142202657,0.011551810866923981,0.346127094530509,0.6620532286181158,0.02171442176711436,2.2901876802510586,0.20282186948853614,-0.33086876155268025,1.150512989191863,0.3665108485568898,1.7416687751282651,-0.02568241775505008,-0.3265911346745104,-0.15077771575676283,7.746334562419864,0.6956724197688744,1.7152042700158778,Residential Construction,Consumer Cyclical,HOV
2022Q3,2022,Q3,2022-09-06,2022-07-31,82614000.0,767593000.0,120031000.0,10.82,184601000.0,0.2404933344,2537504000.0,338427000.0,1935232000.0,576061000.0,2198757000.0,1585281000.0,-405378000.0,316727400.0,1427264400.0,52.186121819583654,3.359422005655651,0.5263542441706496,3.946570456848892,0.052299868847789456,52.186121819583654,0.2441117286741306,0.4126241380523272,0.9584555886411505,0.9358810024022907,0.03426779964654901,0.3677530986620038,0.008938285730884035,0.3024992275874245,0.45603677388332137,0.032557190057631434,10.440988956650733,0.24049333435818201,0.28963051251489863,1.2229806946643709,0.1923241374008326,3.3003158296540405,0.11326136774816066,0.3232001281332586,0.21426186887335485,5.978132999506931,0.6013225357603963,1.6414531812272217,Residential Construction,Consumer Cyclical,HOV
2022Q2,2022,Q2,2022-06-06,2022-04-30,62435000.0,702537000.0,98851000.0,8.39,165820000.0,0.2360302731,2384169000.0,258003000.0,1756456000.0,539676000.0,2125770000.0,1492167000.0,-485323000.0,294343920.0,1490233920.0,40.338180112570356,3.254649085747745,0.564272499139113,5.2143618485056376,0.0469478254585208,40.338180112570356,0.24199331015530828,0.4189728370178368,1.178601425482502,1.1408546412251022,0.04467045727556659,0.35968963259474307,0.009475310378417192,0.2946674501681718,0.35016194902126463,0.02618732145246415,5.812019587710291,0.23603027313863897,0.033251231527093764,403.8456476294187,0.174274528424991,2.8557198013433327,0.006904173472671739,0.18969131097560976,0.057942784978113594,4.332715801060053,0.7195809817419696,1.5109825269968156,Residential Construction,Consumer Cyclical,HOV
2022Q1,2022,Q1,2022-03-07,2022-01-31,52480000.0,814348000.0,93437000.0,8.12,164683000.0,0.2022268121,2320508000.0,174897000.0,1593850000.0,281786000.0,2145124000.0,1254260000.0,-567228000.0,616156800.0,1762600800.0,27.49952830188679,5.656242680615787,0.6000470586612932,7.96133724420659,0.03991573530079023,27.49952830188679,0.30006232239546704,0.7566259142283152,2.935198170731707,3.522969519202731,0.004858993902439024,0.5179667692503946,0.0004138556938753252,0.3509352262521827,1.0146139268806824,0.022615737588493553,4.894483985765125,0.20222681212454627,0.09581646423751675,341.49795839380744,-0.06150134740198947,2.262705755076692,0.20182006597191815,0.1001635151565972,0.14980987657359437,0.06445962042966899,0.2406203178521427,1.3612199453463247,Residential Construction,Consumer Cyclical,HOV
2021Q4,2021,Q4,2022-01-04,2021-10-31,47702000.0,690683000.0,81263000.0,7.41,137028000.0,0.1983949221,2312044000.0,120069000.0,1579019000.0,309628000.0,2191353000.0,1313345000.0,-619708000.0,551425800.0,1760134800.0,19.01330166270784,5.099729352642526,0.6291744447770025,12.11535866876546,0.03935424210977732,19.01330166270784,0.39728822593675306,0.7983775480213064,2.8899511550878367,4.592574269794867,0.005345687811831789,0.4215609759811778,0.00046243755732865605,0.29873263657612054,0.916276951696875,0.020631960291413138,4.380288828164717,0.19839492212780682,-0.903440187646599,94.96751053516007,-0.10035752421948511,1.7378527012637868,0.0267269089846472,0.0,0.5313860359935928,44.78206928952539,0.42410955597424116,1.2258500608147007,Residential Construction,Consumer Cyclical,HOV
2021Q3,2021,Q3,2021-09-09,2021-07-31,47702000.0,703162000.0,53065000.0,76.74,133461000.0,0.1898012122,2337988000.0,71943000.0,1558893000.0,272684000.0,2265274000.0,1256873000.0,-667410000.0,652228720.0,1997062720.0,11.514564660691422,5.716848073227618,0.6685898302300953,21.727687196808585,0.5048979070927662,11.514564660691422,0.6630526944942524,0.9275653690045822,3.418246195128087,9.065909400497615,0.0,0.4532685482144974,0.0,0.3007551792395855,0.925697877396547,0.020403013189118163,9.97535666218035,0.18980121223843155,24.49501661129568,95.92491056040888,0.01302402501881615,1.4455001561739762,0.26347628514626525,-0.9023852204732788,0.21820477502295685,5.614745248256496,0.32964770344517835,1.1367397159391435,Residential Construction,Consumer Cyclical,HOV
2021Q2,2021,Q2,2021-06-04,2021-04-30,488676000.0,574664000.0,43560000.0,3.01,105630000.0,0.1838117578,1850699000.0,-417248000.0,1547758000.0,270011000.0,2267034000.0,1281149000.0,-1156086000.0,825372750.0,2231415750.0,-67.02779116465864,5.732203502820256,0.8527269966645035,-3.7822613889101926,0.03568823289000698,-67.02779116465864,-1.1711883580029143,1.4362701509055726,0.4222494812513813,-1.9781347064575503,0.0,0.3661041767975466,0.0,0.3105118660570952,0.790108551133102,0.26404942132675274,7.640783821814075,0.18381175782718248,-0.5041186161449753,55.606928715879945,-0.056074172395317035,-1.7560156948935886,-0.1884852954734028,24.77541009546917,-0.35275850284542576,16.087174558834516,0.31029653722930245,0.1920022744383861,Residential Construction,Consumer Cyclical,HOV
2021Q1,2021,Q1,2021-03-05,2021-01-31,18959000.0,683358000.0,67301000.0,6.07,130164000.0,0.1904770267,1827342000.0,-436929000.0,1544939000.0,246902000.0,2263436000.0,1195775000.0,-1175045000.0,314844810.0,1639636810.0,-70.23452821089857,6.2572964172019665,0.8686283136927844,-3.6328121960318493,0.05500335710227177,-70.23452821089857,-0.04339148923509312,0.4607318711422124,4.151653700089668,-0.7205857473411011,0.0,0.4626238213710773,0.0,0.37396283782674505,1.1995650095989503,0.01037517881162913,3.171856400233725,0.19047702668293925,1.572033898305085,2.1084352587622224,-0.06787809311292824,-2.225532936232508,0.3881198677615442,0.2340688667577947,0.7154181428899141,0.5226836736629057,-0.09950221625176564,0.09742030709727999,Residential Construction,Consumer Cyclical,HOV
2020Q4,2020,Q4,2020-12-22,2020-10-31,15363000.0,628136000.0,39233000.0,2.36,93770000.0,0.1492829578,1805744000.0,-480269000.0,1504295000.0,234934000.0,2285263000.0,1213503000.0,-1215679000.0,196943760.0,1568484760.0,-77.45024995968392,6.403053623570875,0.9049067863440222,-3.4023224484611747,0.0316078769530118,-77.45024995968392,-0.031988323210534096,0.3135368136836609,3.204838898652607,-0.4100696901111669,0.0,0.44034996205200977,0.0,0.3478544023959099,1.2761754365055717,0.008507850503725888,1.9840801112208095,0.14928295783078824,2.746031746031746,2.895980262457039,0.10182427733677134,-2.0060554948809317,0.15629816881435354,0.0,0.25658189738005255,1.0434206923416387,0.011174649476204552,0.028519317683227456,Residential Construction,Consumer Cyclical,HOV
2020Q3,2020,Q3,2020-09-04,2020-07-31,15363000.0,538351000.0,31222000.0,0.63,81095000.0,0.1506359234,1905571000.0,-495793000.0,1613647000.0,211644000.0,2400644000.0,1288497000.0,-1231042000.0,143807600.0,1728439600.0,-80.3293907971484,7.624345599213774,0.9537471970343797,-3.665709277863947,0.022678054825621102,-80.3293907971484,-0.030986722281274644,0.26712609431393275,2.3401614268046607,-0.2900557289029898,0.0,0.3548754867104852,0.0,0.28251427000096035,1.2546020676229896,0.008062150400063813,1.2801787526483521,0.1506359234031329,1.4256756756756757,2.9040595063666816,0.09328087920580506,-2.226613817725961,0.20707619487072623,2.76636430497671,2.849340401923314,1.0435686102828237,-0.12135606120137203,-2.5408450138520045,Residential Construction,Consumer Cyclical,HOV
2020Q2,2020,Q2,2020-06-05,2020-04-30,4079000.0,494056000.0,8111000.0,-1.48,67183000.0,0.1359825607,1790003000.0,-499779000.0,1494320000.0,221500000.0,2289082000.0,1295715000.0,-1235121000.0,77751820.0,1685666820.0,-81.11978574906671,6.746365688487584,0.9437475803113179,-3.3801160112769844,0.008227319833588004,-81.11978574906671,-0.008161607430484275,0.15737450815292195,4.765372640353028,-0.15557240300212694,0.0,0.3294497632581239,0.0,0.27600847596344813,0.5895440180586907,0.002278767130557882,1.5240374777035106,0.13598256068138026,-3.933333333333333,1.1989405727570317,0.057392456056804944,-2.6677895742013242,-0.39182742357446115,3.257332595462092,-0.874429117706253,28.322567742272337,-0.1426979486853499,-2.731838974271455,Residential Construction,Consumer Cyclical,HOV
2020Q1,2020,Q1,2020-03-06,2020-01-31,-1807000.0,713590000.0,64593000.0,-0.3,110467000.0,0.1548045797,1881424000.0,-490463000.0,1534164000.0,199048000.0,2371200000.0,1292485000.0,-1225973000.0,152899920.0,1724579920.0,-81.98980274155801,7.7075077368272975,0.9049826089175008,-3.471527923615033,0.1612143119180263,-81.98980274155801,0.003684273839209074,0.21426858560237672,-21.153835085777533,-0.31174608482189275,0.0,0.46663829754310493,0.0,0.37928186309943956,0.883656203528797,-0.0009604427284865081,5.6977797652319735,0.15480457966058941,0.7637795275590551,0.8769410201481833,0.00032581768172214315,-3.076222374994604,0.5622321845257456,0.7622681226154453,3.218180630836544,-11.464921430959542,-0.1256544950590754,-2.764755331176525,Residential Construction,Consumer Cyclical,HOV
2019Q4,2019,Q4,2019-12-19,2019-10-31,-7601000.0,482041000.0,15313000.0,-1.27,70711000.0,0.1466908417,1795262000.0,-493646000.0,1530990000.0,213894000.0,2288333000.0,1354918000.0,-1224166000.0,149752680.0,1712065680.0,-82.67392396583487,7.15770428343011,0.9431988200051024,-3.4301685823444332,0.013734988504304643,-82.67392396583487,0.015397673636573577,0.31066378171151415,-4.925426917510854,-0.3033604647865069,0.0,0.30358294745512276,0.0,0.2685073265072173,0.7644534208533199,-0.004233922402412572,18.570520833333333,0.14669084165039903,0.50390625,-1.4357102845963423,-0.14222093341934858,-0.09230627200391951,0.1558617758598143,0.501802451333814,0.9756160495419945,-14.835732227566854,-0.33594898051516736,-2.2083422019182595,Residential Construction,Consumer Cyclical,HOV
2019Q3,2019,Q3,2019-09-05,2019-07-31,-15257000.0,440691000.0,7751000.0,-2.56,61176000.0,0.1388183557,1755272000.0,-485045000.0,1478324000.0,184255000.0,2239751000.0,1268058000.0,-1216565000.0,35772000.0,1602787000.0,-81.35608856088561,8.023250386692355,0.96339085908053,-3.4863012710160914,0.006575900057245343,-81.35608856088561,0.03145481347091507,0.08117252224347672,-0.5861571737563086,-0.07374985826057376,0.0,0.29928836062703756,0.0,0.2510670710864185,0.8311958969905837,-0.008692100141744413,-0.592536151463451,0.1388183557186328,0.1262798634812287,-1.8756541698711346,-0.038439206229406636,-0.028549305224778554,0.08763134033815137,0.1257735503094201,0.5000967679504548,-30.817188721254304,-0.3346539499623212,-2.1476787206127863,Residential Construction,Consumer Cyclical,HOV
2019Q2,2019,Q2,2019-06-06,2019-04-30,-17452000.0,380594000.0,5167000.0,-2.93,56247000.0,0.147787406,1623723000.0,-470364000.0,1379454000.0,163457000.0,2094087000.0,1178373000.0,-1201308000.0,90685630.4,1614342630.4,-78.94238644450114,8.439247019093706,1.0081590271247005,-3.4802217006403553,0.004518669941204833,-78.94238644450114,0.037103179665110425,0.238273936005297,-1.29907217510887,-0.1927988332440408,0.0,0.275249857218385,0.0,0.23439589141744005,0.8935071609047027,-0.010748138691143747,-1.1681174536929697,0.14778740600219656,-1.3855263157894737,-1.1644305526844339,0.02456322774431005,-0.009627633637805682,-0.475170753555033,-1.3779288838841006,-0.9293797665582374,-1.037452425752045,-0.34686742132979886,-2.2459141537117375,Residential Construction,Consumer Cyclical,HOV
2019Q1,2019,Q1,2019-03-07,2019-01-31,46178000.0,614811000.0,73166000.0,7.6,107172000.0,0.1743169852,1662042000.0,-453504000.0,1352719000.0,176099000.0,2115546000.0,1078165000.0,-1183856000.0,105155942.5,1487676942.5,-76.12959543394327,7.681582518924015,0.9448569891735588,-3.4627963590177817,0.06286895840886565,-76.12959543394327,-0.10182490121366074,0.17103783520464014,0.5692967565723938,-0.23187434399696583,0.0,0.4708360965158394,0.0,0.36991303468865405,1.2666738595903442,0.027783894751155506,-0.8536008515232444,0.17431698521984806,45.705882352941174,2.8438007388801054,0.01742420408845461,-0.02498868819258683,0.4700629603720011,46.007797270955166,1.5054275245693935,3.8194385017437935,-0.12421266120911852,-2.4962649248085307,Residential Construction,Consumer Cyclical,HOV
2018Q4,2018,Q4,2018-12-20,2018-10-31,-1026000.0,456712000.0,29203000.0,-0.17,72903000.0,0.1596257598,1668488000.0,-500631000.0,1435549000.0,184251000.0,2169119000.0,1109043000.0,-1230034000.0,217056740.0,1681171740.0,-84.18550605707982,7.791268432735779,0.990109608220137,-3.2998076427548435,-0.33363451692203466,-84.18550605707982,0.0020494136399863373,0.4752595508767013,-52.88906920077973,-0.43356631930503703,0.0,0.3460722442682565,0.0,0.2737280699651421,1.225404475416687,-0.0006149280066743063,7.29185809789364,0.1596257597785913,0.896969696969697,-1.1190606033287795,-0.06202930159524469,-0.051761191947671974,-0.0736241533984777,0.8955512572533849,0.6269080779944289,0.8679657928348975,-0.16462322823221534,-2.267469158639879,Residential Construction,Consumer Cyclical,HOV
2018Q3,2018,Q3,2018-09-10,2018-07-31,-9823000.0,502544000.0,17950000.0,-1.65,78697000.0,0.1565972333,1642491000.0,-499976000.0,1417922000.0,161572000.0,2142467000.0,1040045000.0,-1229008000.0,233042950.0,1647286950.0,-84.20790244888335,8.775790359715792,1.0155422465024162,-3.3361981375106007,0.015760679341246007,-84.20790244888335,0.019646943053266558,0.4637264597726766,-5.931053395093149,-0.4661082731971135,0.0,0.4075275589037013,0.0,0.3059645380096451,2.004945163765999,-0.005980550273943662,-8.965604201131073,0.1565972332770862,0.6826923076923077,-2.140847804876504,0.1681472997890104,-0.02664563917881761,0.18177859202306584,0.681164594761271,14.395522388059701,-0.26554688657174474,0.06088895995686236,-2.3824031143148177,Residential Construction,Consumer Cyclical,HOV
2018Q2,2018,Q2,2018-06-07,2018-04-30,-30809000.0,417166000.0,-1340000.0,-5.2,66592000.0,0.1596295,1645937000.0,-491189000.0,1435953000.0,210110000.0,2137126000.0,1053514000.0,-1219185000.0,297536280.0,1677022280.0,-82.95542059610344,6.834291561562991,1.009621874956332,-3.3831661539651745,-0.0011574246799845578,-82.95542059610344,0.06272331017184832,0.7132323343704904,-2.4143617124866115,-0.6057470342373302,0.0,0.3327663419755219,0.0,0.2534519851002803,1.5996573223549568,-0.018718213394558845,34.3932817015374,0.1596295000071914,-3.826086956521739,-23.380242405232522,0.1149941307702729,0.023245090288181575,-0.3999963959418305,-3.60189173211722,-1.0325827943393473,-0.5634881963381407,-0.07099878727382349,-2.7507868638493607,Residential Construction,Consumer Cyclical,HOV
2018Q1,2018,Q1,2018-03-09,2018-01-31,11841000.0,721686000.0,41126000.0,1.84,110986000.0,0.1537871041,1900898000.0,-460371000.0,1575871000.0,229743000.0,2361269000.0,1009827000.0,-1188376000.0,300247150.0,1588125150.0,-77.81532064500863,6.859277540556187,0.9244041500385607,-3.8169172254551222,0.030516954508821185,-77.81532064500863,-0.02572056015691692,0.4160357135928922,6.339142597753567,-0.6521851941151809,0.0,0.604757052445617,0.0,0.37965529975832474,2.2959089069090246,0.006229161164881019,-3.5557454997631455,0.15378710408681892,1.0322467577988084,2.007091539568553,0.4251036394349252,0.0881613306754399,0.3750526550536462,1.0351147211373362,1.6288672973664025,1.815355679397375,0.0229268176918482,-2.868682940126028,Residential Construction,Consumer Cyclical,HOV
2017Q4,2017,Q4,2017-12-28,2017-10-31,-337209000.0,592035000.0,15644000.0,-57.06,80714000.0,0.136333156,1822319000.0,-471162000.0,1558467000.0,251331000.0,2293481000.0,1188849000.0,-1200217000.0,357550160.0,1806526160.0,-79.72392181281641,6.20085464984423,0.9519233460222936,-3.681765507405096,0.0832119764901634,-79.72392181281641,0.7156965120277102,0.6039341592980145,-0.2650805286928878,-0.7588688391678446,0.0,0.430097514486701,0.0,0.3248800017999044,1.2914403714623346,-0.18504389187623024,2.3732727984760085,0.13633315597895396,-49.495575221238944,-10.114031330553692,0.43372027609940333,-0.09177164796427018,-0.0016203846867462429,0.0,0.05417789757412399,-20.529526109053002,0.06439865222580862,-0.05333018741044173,Residential Construction,Consumer Cyclical,HOV
2017Q3,2017,Q3,2017-09-07,2017-07-31,-337209000.0,585935000.0,14840000.0,-1.13,80845000.0,0.1379760554,2133596000.0,-133903000.0,1859196000.0,246131000.0,2267499000.0,1209212000.0,-863008000.0,324627600.0,1745255600.0,-22.68650293443934,7.5536848263729475,0.7974400964381261,-12.706324727601324,0.008216657386433904,-22.68650293443934,2.518308028946327,0.5540334678761296,-0.2406724019821535,-2.42434896902982,0.0,0.41770177603265596,0.0,0.27462321826625097,2.449597978312362,-0.15804725918121332,11.719407942238266,0.1379760553645029,-45.69421487603306,-8.646171014326642,0.3482823463179452,0.7686132758738426,0.02828760763663652,-2357.104895104895,-0.030318870883429168,-20.549328814105028,0.2914013230706495,0.7131845047622398,Residential Construction,Consumer Cyclical,HOV
2017Q2,2017,Q2,2017-06-07,2017-04-30,-143000.0,552009000.0,15304000.0,-0.0242,78621000.0,0.1424270256,2145296000.0,-128280000.0,1870077000.0,242192000.0,2273576000.0,1293426000.0,-856326000.0,345231900.0,1856599900.0,-21.73721489815976,7.72146478826716,0.7957866886434319,-13.308372310570627,-0.004291201384973211,-21.73721489815976,0.0011147489865918304,0.6254099117949163,-603.5522727272728,-2.6912371375116932,0.0,0.3659954261009134,0.0,0.25731134538077727,2.168254938230825,-6.665746824680603e-05,3.951739886907351,0.14242702564632098,-1.0069740634005764,-1.0584864886742014,0.5090449606120789,0.8160482479608218,-0.2984026414420846,0.0,-0.7199121522693998,0.982093807030865,0.5003471491324453,0.7219935470922894,Residential Construction,Consumer Cyclical,HOV
2017Q1,2017,Q1,2017-03-08,2017-01-31,-143000.0,805069000.0,54640000.0,3.47,112060000.0,0.1391930381,2379440000.0,-128510000.0,2221476000.0,446279000.0,2507950000.0,1283084000.0,-856183000.0,349624770.0,1891719770.0,-21.77825529924553,4.977773993398748,0.7938254379181656,-14.698155785541982,0.021524985396476216,-21.77825529924553,0.0011127538712940627,0.43427926053543237,-611.2321153846153,-2.7206036106139604,0.0,0.5401119490228231,0.0,0.3383438960427664,1.523988357059149,-6.0098174360353697e-05,13.788640558447705,0.1391930381122612,44.159203980099505,0.994228989799896,0.7370764812976585,0.8092855978739458,0.18984922488851136,0.6983122362869199,1.2530100610258947,0.9942359377309795,0.34495359793269625,0.7067833448600701,Residential Construction,Consumer Cyclical,HOV
2016Q4,2016,Q4,2016-12-20,2016-10-31,-474000.0,716850000.0,24252000.0,-0.0804,94180000.0,0.1313803446,2388841000.0,-151943000.0,2249119000.0,431215000.0,2540784000.0,1466754000.0,-878472000.0,229962720.0,1901771720.0,-25.768424551596883,5.21577171480584,0.779395112525279,-12.253614842408009,-0.006150819677492331,-25.768424551596883,0.003119590899218786,0.3207961498221385,-121.28835443037975,-1.513480186648941,0.0,0.42452244889054336,0.0,0.3000827597985801,1.2745011189313915,-0.00019842258233176676,1.2090828408589034,0.13138034456301875,0.9441666666666666,0.9931358737095749,0.8510720174878404,0.7194615791802688,0.20833440250442636,0.0,2.7425925925925925,-1.0554736371635904,0.4847820893107014,0.6780653797742189,Residential Construction,Consumer Cyclical,HOV
2016Q3,2016,Q3,2016-09-09,2016-07-31,-474000.0,654723000.0,6480000.0,-1.44,77942000.0,0.1190457644,2518627000.0,-152322000.0,2398701000.0,429921000.0,2670949000.0,1676136000.0,-877998000.0,266674540.0,2112006540.0,-25.8463762607409,5.5793994710656145,0.7841518414596524,-12.965861792781082,0.0017087507777666985,-25.8463762607409,0.003111828888801355,0.40730895355745866,-140.65112869198313,-1.750728982024921,0.0,0.34411348482462045,0.0,0.25995234705258063,1.1369018959297172,-0.00018819777601050095,1.1996155645524067,0.11904576439196424,0.4763636363636364,0.9933108175874491,0.8446782202841242,0.687199148818284,0.04312098501070664,0.9439782531615648,-0.19312663429211804,-1.055461964150994,0.5332552201032883,0.6848862315176165,Residential Construction,Consumer Cyclical,HOV
2016Q2,2016,Q2,2016-06-03,2016-04-30,-8461000.0,575605000.0,8031000.0,-2.75,74720000.0,0.1298112421,2552740000.0,-143140000.0,2433262000.0,435778000.0,2695880000.0,1651986000.0,-869537000.0,245722130.0,2098915130.0,-24.320540441351376,5.583719233187541,0.7857325853788478,-14.012651949140702,0.0052851449898991066,-24.320540441351376,0.0591099622746961,0.4268936684010737,-7.260434050348658,-1.716655931256113,0.0,0.30320172204849194,0.0,0.22548516496000376,1.1693912955679269,-0.003314477776820201,7.335864879388584,0.12981124208441552,-1.690954773869347,0.9378031830968995,0.21739537391320263,0.8098129926390154,-0.3046326800305247,0.4768441229209176,-0.8630410314130769,-7.18336595331321,0.5477624468510056,0.713638878421278,Residential Construction,Consumer Cyclical,HOV
2016Q1,2016,Q1,2016-03-09,2016-01-31,-16173000.0,693204000.0,58638000.0,3.98,107454000.0,0.1550106462,2602298000.0,-128084000.0,2492137000.0,404496000.0,2730382000.0,1644578000.0,-853364000.0,222056070.0,2131807070.0,-21.774550004420053,6.161091827854911,0.8313790349913807,-16.891227631866588,0.019658650700228715,-21.774550004420053,0.12626869866650012,0.3203329322969862,-3.4325120571322576,-1.7336753224446457,0.0,0.35617039751231017,0.0,0.26638148282786983,1.5188605078913018,-0.0062148916073408965,-3.347545301052251,0.1550106462166981,4.038167938931298,0.865236003348817,0.04953610792614021,0.7978029723721785,0.3049402506557855,-1.1047631441957313,3.6940441882804995,-0.3834654149286972,0.3767541127838415,0.7448461750643054,Residential Construction,Consumer Cyclical,HOV
2015Q4,2015,Q4,2015-12-18,2015-10-31,-7684000.0,540613000.0,12492000.0,-1.31,82344000.0,0.152315982,2549344000.0,-151507000.0,2433628000.0,311460000.0,2700851000.0,1612489000.0,-878883000.0,302840600.0,2234326600.0,-25.76474389497313,7.813613305079304,0.8415588480801336,-14.160553637785712,0.00481358944443945,-25.76474389497313,0.05071712858151769,0.5601800178686047,-9.852960697553359,-1.9988554984258153,0.0,0.28419976818446513,0.0,0.21205965142405261,1.941777435304694,-0.0030141087275785457,25.78683583106267,0.15231598204260718,0.6066066066066066,0.9434920793297082,-0.23898525248585373,0.6100408302619634,0.3075042078186033,0.0,2.9364439621764067,-1.2087245095490518,0.3157647979366764,0.6471671706312103,Residential Construction,Consumer Cyclical,HOV
2015Q3,2015,Q3,2015-09-09,2015-07-31,-7684000.0,468949000.0,-6451000.0,-3.33,62978000.0,0.1342960535,2516994000.0,-146334000.0,2396582000.0,302453000.0,2663328000.0,1538757000.0,-871199000.0,296830920.0,2161584920.0,-24.89588011922747,7.923816262361425,0.8447878699750575,-14.530635395738516,-0.002161563719013684,-24.89588011922747,0.052510011343911873,0.6329705788902418,-9.6574349297241,-2.0284480708516135,0.0,0.2638304813560556,0.0,0.18631311794942698,2.14238245281085,-0.0030528479607023298,-3.853345622598401,0.13429605351541427,-0.3591836734693877,0.943535654919623,-0.21197384798942545,0.4313148232846573,-0.10078958264917115,0.6071373792116161,-2.1966240029679094,-1.1749593665350841,0.08358257600007689,0.7460791483961724,Residential Construction,Consumer Cyclical,HOV
2015Q2,2015,Q2,2015-06-09,2015-04-30,-19559000.0,445714000.0,5391000.0,-2.45,70037000.0,0.1571343956,2461435000.0,-129984000.0,2337769000.0,254039000.0,2591419000.0,1481976000.0,-851640000.0,458418480.0,2277802480.0,-22.11680471520258,9.202401993394714,0.8501882032229167,-16.09954302067947,0.0020064511960812947,-22.11680471520258,0.15047236582964058,1.0285036592972174,-5.859431463776267,-3.526730059084195,0.0,0.2534973575820391,0.0,0.18107892347350224,2.598223107475624,-0.007946177737783042,-7.539157635062906,0.15713439559897155,-1.049147442326981,0.6348091572085545,-0.25450692579569856,0.3763134115474912,-0.4119281923826157,-0.36053144129104064,-0.9049021856092011,-9.032554780869985,0.22348833949811195,0.8128359591635496,Residential Construction,Consumer Cyclical,HOV
2015Q1,2015,Q1,2015-03-12,2015-01-31,-14376000.0,698394000.0,56689000.0,49.85,119096000.0,0.1705283837,2289930000.0,-117799000.0,2175705000.0,286257000.0,2407729000.0,1344310000.0,-837264000.0,503660720.0,2096765720.0,-20.114163359810945,7.600530292708999,0.8100697401230605,-15.747188006689361,0.2923310652376434,-20.114163359810945,0.12203838742264365,0.7211698840482593,-8.758707568169172,-4.275594190103481,0.0,0.43092590250760615,0.0,0.30498486853309925,2.2322144087306164,-0.00627792115916207,-2.563211057731455,0.17052838369172701,17.882575757575758,-1.0326558906426628,-0.14333345366501302,0.8192177444489694,0.15532963408482403,-1.8404560070154925,0.6081073414274367,0.4154413695921749,0.5183103208123438,0.8238582206553056,Residential Construction,Consumer Cyclical,HOV
2014Q4,2014,Q4,2014-12-19,2014-10-31,17105000.0,551009000.0,35252000.0,2.64,103084000.0,0.1870822437,1893728000.0,-443120000.0,1781740000.0,260497000.0,2336848000.0,1376157000.0,-1159728000.0,550332400.0,2191969400.0,-75.68749359478018,6.839771667236091,0.9638966102840535,-4.11933110669796,0.028378774422876955,-75.68749359478018,-0.03860128181982307,0.9987720708736155,8.043443437591348,-1.2419489077450803,0.0,0.3254897515327103,0.0,0.2909652283749303,0.9211353681616296,0.009032448165734466,-7.399526716325598,0.18708224366571144,2.9555555555555557,1.0540109357122427,-0.24083016815926028,-1.2610595109307698,0.29080891560230404,0.0,1.0342778002192856,1.2494741798717797,0.43301032660147354,0.17599735729411034,Residential Construction,Consumer Cyclical,HOV
2014Q3,2014,Q3,2014-09-05,2014-07-31,17105000.0,449929000.0,17329000.0,-1.35,79860000.0,0.1774946714,1838823000.0,-462960000.0,1741243000.0,239256000.0,2301336000.0,1295656000.0,-1176833000.0,585300000.0,2142155000.0,-79.09789851358278,7.277740161166282,0.9800220032053112,-3.8925328322101262,0.01401150872247183,-79.09789851358278,-0.03694703646103335,1.3008719153466435,8.554516223326512,-1.264256091238984,0.0,0.28562288138209524,0.0,0.24468314786143092,1.2455445213495169,0.00930214599230051,-7.869685642832173,0.17749467138148464,0.6785714285714286,1.0547738177272707,-0.3885338170986624,-5.078492638689223,0.368989457444073,3.1646418628195394,32.1113105924596,1.2430536923524849,0.27641369678118866,0.042732732351531556,Residential Construction,Consumer Cyclical,HOV
2014Q2,2014,Q2,2014-06-06,2014-04-30,-7902000.0,364048000.0,-557000.0,-4.2,58335000.0,0.1602398585,1787261000.0,-456571000.0,1684365000.0,206687000.0,2243385000.0,1209934000.0,-1168931000.0,651079720.0,2162546720.0,-78.18960556780974,8.149351434778191,1.007324615710856,-3.943202700127691,-0.0004254848953873104,-78.18960556780974,0.01730727531972026,1.788444710587615,-20.59857377879018,-1.4260207503323687,0.0,0.2526691538546731,0.0,0.20369045147854734,1.6093900438827793,-0.0044212904550594454,-11.624970450122307,0.16023985848020042,-1.8300395256916997,0.9643868744646872,-0.47931797122068714,-2.453325724877303,-0.49600850137369756,0.6777718876157077,-1.0097484992211703,0.941452011331059,-0.2239419117396491,0.38855605920691383,Residential Construction,Consumer Cyclical,HOV
2014Q1,2014,Q1,2014-03-07,2014-01-31,-24523000.0,591687000.0,57137000.0,5.06,115746000.0,0.1956203195,1759130000.0,-433226000.0,1654958000.0,278383000.0,2191929000.0,1078764000.0,-1144408000.0,879300630.0,2251840630.0,-74.2735957098086,5.944896060463463,0.9673781926293111,-3.928074492297323,0.04397703526938236,-74.2735957098086,0.05660555922313065,1.4860908385683647,-8.964040186763446,-2.029658030681446,0.0,0.44119102973402896,0.0,0.33635206039348997,1.3445109794779135,-0.01394041372724017,-6.704694960616712,0.19562031952704723,2.8923076923076922,0.9264354998836231,-0.5610533764940155,-1.7020485708379471,0.33235873056070353,-3.8966454051500117,0.7669233385904691,0.7939263214321098,-0.09657109469978634,0.310300314784677,Residential Construction,Consumer Cyclical,HOV
2013Q4,2013,Q4,2013-12-20,2013-10-31,8466000.0,478357000.0,32337000.0,1.3,86873000.0,0.1816070424,1664126000.0,-467627000.0,1558670000.0,243540000.0,2131330000.0,1118008000.0,-1177227000.0,739043360.0,2169773360.0,-80.04241523799091,6.400057485423339,0.9963115773685406,-3.54553522358632,0.022139477148423434,-80.04241523799091,-0.01810417277017794,1.5449619426495274,21.823864871249704,-1.5804120805684871,0.0,0.35016207397442595,0.0,0.28745239242701576,1.1283567381128357,0.005087355164212325,13.101979541546262,0.1816070424390152,4.909090909090909,1.021677588885718,-0.6538857365271351,-1.311664664289293,0.25442941100024546,0.0,0.513408527168063,1.062665384649928,-0.32222398404634406,-0.21147230949670023,Residential Construction,Consumer Cyclical,HOV
2013Q3,2013,Q3,2013-09-09,2013-07-31,8466000.0,422998000.0,21367000.0,0.22,69253000.0,0.1637194502,1618887000.0,-478840000.0,1514536000.0,235095000.0,2097407000.0,1035307000.0,-1185693000.0,780821800.0,2179788800.0,-82.02236412969003,6.4422297369148644,1.0154068813944395,-3.432940021719155,-0.019109380587986828,-82.02236412969003,-0.01768022721577145,1.8459231485728065,23.05757736829672,-1.6306528276668615,0.0,0.3416812597615973,0.0,0.2612893920329214,1.2398136923371403,0.005229518799026739,-24.317848578280234,0.16371945021016648,1.1105527638190955,1.0184526063834987,-0.7595714022318897,-1.2485678212850917,0.35569563259792886,5.423368740515933,5.681363352095059,1.0626361165909584,-0.2843297716167253,-0.8735992628627091,Residential Construction,Consumer Cyclical,HOV
2013Q2,2013,Q2,2013-06-07,2013-04-30,1318000.0,358211000.0,3198000.0,-1.99,51083000.0,0.1426058943,1580310000.0,-481466000.0,1476608000.0,210801000.0,2061543000.0,1005888000.0,-1187011000.0,772401250.0,2177964250.0,-84.92961721644029,7.004748554323746,1.0401225076092666,-3.413981464942488,0.0014957520692752357,-84.92961721644029,-0.0027374726356585925,2.1562745141829813,146.51010053110772,-1.6042695642059874,0.0,0.30533021569001717,0.0,0.2266713492922275,1.3667487345885456,0.0008340135796141263,-35.24371463770761,0.14260589429135342,0.865812542144302,1.001729355378674,-0.8535817193278454,-1.1816750826792992,-0.3158557327869072,1.116554651574107,-0.8905057006881912,1.0255123050848507,-0.37886312501365665,-1.3949871558023532,Residential Construction,Consumer Cyclical,HOV
2013Q1,2013,Q1,2013-03-08,2013-01-31,-11308000.0,487044000.0,29207000.0,-14.83,74667000.0,0.1533064774,1684250000.0,-485575000.0,1380694000.0,620517000.0,2169595000.0,981466000.0,-1175703000.0,812241790.0,2260676790.0,-85.33891275158349,2.2250703848564988,1.0133638117856614,-3.5149214848375636,0.02397462957869279,-85.33891275158349,0.023287854605364772,1.6676969431919908,-17.957238017332863,-1.672742192246306,0.0,0.4201643256108719,0.0,0.28917559744693483,0.5158875582780166,-0.006713967641383405,-159.0136628817541,0.1533064774435164,-3.369009584664537,0.961535884448592,-0.8441445214921968,-1.163622047585452,0.22938997283279822,-1.3261045103241436,0.8613855076158308,-1.026438674991433,-0.38509231201389443,0.23299016431728575,Residential Construction,Consumer Cyclical,HOV
2012Q4,2012,Q4,2012-12-20,2012-10-31,34676000.0,387011000.0,15691000.0,6.26,60735000.0,0.1569335239,1624843000.0,-404463000.0,1295161000.0,424058000.0,2029044000.0,1004028000.0,-1091293000.0,595429600.0,1968164600.0,-73.02252440926685,3.054207207504634,0.988837075335894,-3.9724400006922758,-0.2490765224195323,-73.02252440926685,-0.0857334292629981,1.5385340468358781,4.292807705617718,-1.4721485030769195,0.0,0.3249670327919142,0.0,0.23818362758740383,0.6974611963457829,0.021341138805410737,-116.5680501174628,0.15693352385332718,15.051282051282051,1.2032677193237862,-0.8437697029664517,-1.1033737504049597,3.631310050327894,0.0,113.07857142857142,1.1157345131819452,-0.43638981794957027,-1.181447231053954,Residential Construction,Consumer Cyclical,HOV
2012Q3,2012,Q3,2012-09-10,2012-07-31,34676000.0,341698000.0,-140000.0,0.39,13114000.0,0.0383789194,1517943000.0,-455015000.0,1243390000.0,455322000.0,1972727000.0,946136000.0,-1125969000.0,269168720.0,1642318720.0,-98.04582791046448,2.730792713727867,1.0331797702548777,-3.4467171411931474,-9.692344388832632e-05,-98.04582791046448,-0.07620847664362713,0.7877386464070613,1.940598108201638,-0.5915601024142061,0.0,0.3472904529581371,0.0,0.2251059493011266,0.5468767158186953,0.022844072537638108,-10.213193701384936,0.03837891939666021,1.0928571428571427,1.241853118293781,-0.8329318720928534,-1.1328534310674336,-0.5795986407642495,18.243063263041066,0.9905685798976017,1.140042822891082,-0.41433021075428644,-6.055496984137347,Residential Construction,Consumer Cyclical,HOV
2012Q2,2012,Q2,2012-06-08,2012-04-30,1802000.0,269599000.0,-14844000.0,-4.2,31194000.0,0.1157051769,1501723000.0,-513960000.0,1254905000.0,396297000.0,2015510000.0,978851000.0,-1127771000.0,217470000.0,1689950000.0,-118.16802317561043,3.1665770873864805,1.0935232396387349,-3.195129971203985,-0.013683811706602737,-118.16802317561043,-0.0035061094248579655,0.8066424578726182,30.17064372918979,-0.4231263133317768,0.0,0.24355596510602737,0.0,0.17952645061705788,0.5628960098108237,0.0011999549850405169,81.69421487603306,0.11570517694798571,0.8142414860681115,1.037152795871258,-0.8662164372571862,-1.1581691305680402,2.4147580389133294,1.0986586367369287,0.8095873366086432,1.0109032960009212,-0.482319070754076,-3.196412511507988,Residential Construction,Consumer Cyclical,HOV
2012Q1,2012,Q1,2012-03-08,2012-01-31,-18265000.0,341625000.0,-77957000.0,-22.61,-22049000.0,-0.0645415295,1602180000.0,-496694000.0,1348747000.0,454183000.0,2098782000.0,968112000.0,-1109506000.0,263150800.0,1710778800.0,-114.19302924406843,2.969611368104927,1.0600357013569013,-3.4193447072040333,-0.06525852518844523,-114.19302924406843,0.03677314402831522,0.7702914013904134,-3.601845058855735,-0.5298046684679097,0.0,0.3756528170294346,0.0,0.21322510579335655,0.6671694008802619,-0.011400092374140233,-6.08356759755872,-0.06454152945481156,-0.9308283518360374,0.8065127555704122,-0.8867878341103543,-1.1479422337171263,-2.093320771557495,0.6413705085411349,-1.955043402448732,0.9265240668865004,-0.6601399840818981,-2.0793748735914095,Residential Construction,Consumer Cyclical,HOV
2011Q4,2011,Q4,2011-12-30,2011-10-31,-50930000.0,285618000.0,-26381000.0,-11.71,20167000.0,0.070608295,1697760000.0,-399456000.0,1524206000.0,398080000.0,2097118000.0,1025030000.0,-1011158000.0,156558240.0,1602671240.0,-91.85345977318089,3.8288936897106107,1.0181050325134295,-4.327129896659457,-0.018190588649785257,-91.85345977318089,0.1274983978210366,0.5481385626956284,-0.7684971529550364,-0.391928622927181,0.0,0.25896900578519655,0.0,0.1682322589765338,0.8319131832797427,-0.02999835076807087,-5.540511731606328,0.07060829499541345,0.31759906759906753,-1.3818491336845906,-0.8935900233448584,-1.1123247227685864,1.3515625,0.0,0.44049967126890205,0.8248087739724069,-0.7223747890928017,-1.3576538466374377,Residential Construction,Consumer Cyclical,HOV
2011Q3,2011,Q3,2011-09-09,2011-07-31,-50930000.0,255097000.0,-47151000.0,-17.16,8576000.0,0.0336185843,1736555000.0,-349996000.0,1561133000.0,395123000.0,2086372000.0,977609000.0,-960228000.0,205434360.0,1575142360.0,-82.62885527036471,3.9510051300481117,0.9924465392688397,-4.9241648475982585,-0.03385761866119187,-82.62885527036471,0.14551594875370005,0.8053186042956209,-1.0084152758688396,-0.5869620224231133,0.0,0.252167277510743,0.0,0.1468983130393221,1.023058642498665,-0.029328181370587167,-2.4580544653967644,0.03361858430322583,0.15882352941176464,-1.3927610397993215,-0.9037107738243945,-1.105178054607925,-0.4807459433276822,0.2991316553593791,-0.21840357631980153,0.8470040536174114,-0.8001611345889422,-1.2504057856386652,Residential Construction,Consumer Cyclical,HOV
2011Q2,2011,Q2,2011-06-08,2011-04-30,-72667000.0,252567000.0,-38699000.0,-20.4,16516000.0,0.0653925493,1670083000.0,-402035000.0,1510709000.0,381584000.0,2071382000.0,948174000.0,-887561000.0,252299580.0,1651139580.0,-127.8769816025853,3.959047025032496,1.0270244053738646,-4.266335020582785,-0.029277497165730724,-127.8769816025853,0.18074794483067394,0.9989411918421647,-0.8679991605543094,-0.6275562575397664,0.0,0.24895325119651035,0.0,0.15123020831898773,0.9633527611220596,-0.04351101112938698,-2.5583522277880304,0.0653925493037491,0.5145168967158497,-1.5602597367999607,-0.8420695878554505,-1.1713662487269791,1.2972321203613721,-0.13290823485391787,0.6270191603377154,0.8280742053676052,-0.8138478909868039,-1.273544871234057,Residential Construction,Consumer Cyclical,HOV
2011Q1,2011,Q1,2011-03-04,2011-01-31,-64142000.0,353012000.0,-103756000.0,-42.02,-55566000.0,-0.157405414,1817560000.0,-338568000.0,1543148000.0,497273000.0,2155498000.0,1001940000.0,-823419000.0,347403160.0,1719151160.0,-107.68976309829766,3.1032209671548627,0.9567376042606571,-5.136126273008672,-0.07388043129398066,-107.68976309829766,0.18945086363743768,0.9841114749640238,-1.3540393190109443,-1.0260956735426858,0.0,0.4077868934267521,0.0,0.1942230242743018,0.8611024527774482,-0.03529016923787935,157.196,-0.15740541398026128,-0.8174740484429066,-1.3048608579453715,-0.8407695428750016,-1.1510362037316755,-17.32853364678225,0.11958162901144755,-0.7360662595164393,0.605133604645681,-0.7955528452856124,-1.206475791335984,Residential Construction,Consumer Cyclical,HOV
2010Q4,2010,Q4,2010-12-22,2010-10-31,-72854000.0,380600000.0,-59765000.0,-23.12,3403000.0,0.0089411456,1909777000.0,-208156000.0,1739818000.0,449044000.0,2117203000.0,1000191000.0,-691306000.0,278821020.0,1478395020.0,-66.07036298769727,3.8744933681331895,0.9065194522711291,-8.317079498068756,-0.03580487902448273,-66.07036298769727,0.3499971175464555,0.73258281660536,-0.9567800669832817,-1.339481062280213,0.0,0.377124969130896,0.0,0.19929028362997356,1.2986522478866214,-0.03814790941560193,-4.615707120035758,0.00894114555964267,-1.540659340659341,-1.4999916944736225,-0.7689989995929748,-1.1018233237743225,-0.9057262376374768,0.0,-1.7363673824458588,0.24918569786771597,-0.7298839137094218,-1.0935319789052453,Residential Construction,Consumer Cyclical,HOV
2010Q3,2010,Q3,2010-09-08,2010-07-31,-72854000.0,318585000.0,-21841000.0,-9.1,36097000.0,0.1133041418,2029101000.0,-137757000.0,1859913000.0,475283000.0,2166128000.0,1126138000.0,-618452000.0,343779160.0,1627714160.0,-43.77796562770123,3.9132748278394134,0.858758139688463,-12.649135797091981,-0.013928342736076254,-43.77796562770123,0.5288587875752231,1.079081438234694,-1.1796852609328246,-2.4955476672691765,0.0,0.250846699072405,0.0,0.15700795574000506,1.082068998891187,-0.03590457054626655,-9.788421741977734,0.11330414175180878,-1.1225754310344827,-1.4964394140666644,-0.792844281206705,-1.0794105242958132,0.2186698176907495,-1.54431794370329,0.26374515422214734,0.2505984385193868,-0.7702714409372711,-1.059319739174455,Residential Construction,Consumer Cyclical,HOV
2010Q2,2010,Q2,2010-06-04,2010-04-30,-28634000.0,319645000.0,-29665000.0,74.24,29620000.0,0.0926653006,2100187000.0,-111424000.0,1944177000.0,347655000.0,2210881000.0,1089955000.0,-589818000.0,558511830.0,2043715830.0,-35.46140822120097,5.59225956767485,0.8657648104668775,-16.31845921883975,0.07467930279442658,-35.46140822120097,0.2569823377369328,1.7472878662265952,-4.8762994167772575,-5.012491294514647,0.0,0.26608896697570084,0.0,0.15219835186104858,1.7750010786555637,-0.013634024017861266,3.150094923857868,0.09266530056781742,1.9302092469615337,-1.2784371299458146,-0.760652371307186,-1.0691306834453098,1.3637614059218686,-1.1212334189991913,0.821414596263944,0.182805719285816,-0.7804370896308426,-1.0474654644829784,Residential Construction,Consumer Cyclical,HOV
2010Q1,2010,Q1,2010-03-05,2010-01-31,236189000.0,437393000.0,-166111000.0,-79.81,-81427000.0,-0.1861643876,2024577000.0,-349598000.0,1682542000.0,501574000.0,2340887000.0,1109913000.0,-826007000.0,294573750.0,1768853750.0,-111.26182322762975,3.3545239585783952,0.9356201320078219,-5.418323331369173,-0.10838937285767127,-111.26182322762975,-0.6756016910851893,0.6734761415934869,0.3117987607382223,-0.8426070801320374,0.0,0.4674420427547024,0.0,0.2160416719146765,1.4035396571592627,0.11666091237824,-5.693236504899403,-0.1861643876330897,-0.47550378997966347,1.296702775887825,-0.7529321041893244,-1.232303613660843,0.0171874811408432,2.3982961542104766,0.0746317712859594,4.463529439230171,-0.7993487656928384,-1.144144723760278,Residential Construction,Consumer Cyclical,HOV
2009Q4,2009,Q4,2009-12-22,2009-10-31,-168912000.0,387114000.0,-179508000.0,-54.09,-82851000.0,-0.214022226,2285450000.0,-104527000.0,2167561000.0,535611000.0,2359062000.0,1346921000.0,-575238000.0,305234150.0,1594441150.0,-33.47434829949401,4.04689410785066,0.8052401058872433,-17.60632181158935,-0.11800368546932212,-33.47434829949401,1.6159652529968334,0.7884864665189065,-0.45176504629629627,-2.9201464693332824,0.0,0.3489180137513633,0.0,0.16938195978910062,1.2591414291342038,-0.07390754555995536,-3.6104866277900665,-0.2140222260109425,-0.4435548438751002,-2.54665493045395,-0.710954010285212,-1.0787839519621814,0.7199967555839442,0.0,0.5276217142225579,-2.763744660308114,-0.7991403385583574,-1.0409347334535308,Residential Construction,Consumer Cyclical,HOV
2009Q3,2009,Q3,2009-09-04,2009-07-31,-168912000.0,397999000.0,-380009000.0,-37.47,-295893000.0,-0.7434516167,2693132000.0,61398000.0,2505475000.0,552648000.0,2605097000.0,1511528000.0,-406326000.0,253267200.0,1594492200.0,19.39390493518308,4.533581954517161,0.7888068613049788,34.59984038568032,-0.21182493583916626,19.39390493518308,-2.751099384344767,0.6363513476164513,-0.3748508098891731,4.125007329228965,0.0,0.4590665869239604,0.0,0.14778295308213635,1.6228774916402484,-0.06271953992600438,-5.091719104963712,-0.7434516167126048,0.3443569553805774,-2.5404654421008477,-0.6573442114770032,-0.9499388838136256,-1.766673835192475,-0.4239637163739979,-0.6187334137001239,-2.7428403733102913,-0.7989996984627427,-0.9753135489332481,Residential Construction,Consumer Cyclical,HOV
2009Q2,2009,Q2,2009-06-05,2009-04-30,-118621000.0,373784000.0,-234757000.0,-57.15,-106949000.0,-0.2861251418,3211480000.0,167950000.0,2990269000.0,419254000.0,3022934000.0,1919325000.0,-287705000.0,216179110.0,1912555110.0,53.800468972233254,7.132356518959867,0.7926466924906896,15.156707353378982,-0.08679797989991338,53.800468972233254,-0.7062875855909497,0.5783530327675876,-0.4556088508780064,1.2871635010419769,0.0,0.25046982663175854,0.0,0.11638995105060596,2.1720866109804557,-0.036936552617484776,7.313725894850802,-0.28612514179312115,0.603950103950104,-2.346493816633744,-0.6142926460836878,-0.8505429478827343,0.5277418386226448,0.3351213497001289,0.43395220987148264,-1.9210671691621812,-0.7646103246267102,-0.9279027043649155,Residential Construction,Consumer Cyclical,HOV
2009Q1,2009,Q1,2009-03-11,2009-01-31,-178410000.0,721430000.0,-414730000.0,-144.3,-226463000.0,-0.3139084873,3637322000.0,330264000.0,3377654000.0,567843000.0,3281202000.0,2159082000.0,-109295000.0,131892670.0,1970031670.0,105.79552298092078,5.948218081406305,0.7385089909554337,8.133478066032023,-0.13568058678945757,105.79552298092078,-0.5402042002761427,0.18282116075017674,-0.18481681239840816,0.3993552733570719,0.0,0.4390259378754489,0.0,0.1983409772354496,1.8555269678414632,-0.04904982291916965,4.46216489613641,-0.3139084873099261,-1.1585639491398658,-2.5640493746921535,-0.4480585791235559,-0.6777007290512334,-2.0756057149065623,0.11886288319167115,-1.2368023644640045,-1.853996130589894,-0.6722758762286535,-0.8516204910929172,Residential Construction,Consumer Cyclical,HOV
2008Q4,2008,Q4,2008-12-24,2008-10-31,-202477000.0,716541000.0,-185412000.0,-66.85,-73632000.0,-0.1027603445,4101708000.0,777894000.0,3714220000.0,549572000.0,3280324000.0,2624677000.0,341164000.0,324851670.0,2286832670.0,256.8222336674458,6.75838652624224,0.6454984118810992,3.4036076894795433,-0.054974554331645324,256.8222336674458,-0.2602886768634287,0.4533608963060034,-0.4010970011408703,0.41760403088338516,0.0,0.30105532985582606,0.0,0.17469332287915182,1.6423562335781299,-0.049364069797264945,1.8707481226389018,-0.1027603444883126,0.494479733817302,-3.3808049427961415,-0.3170700527588679,-0.1366751427695479,0.6507650423547937,0.0,0.4539945049605541,-2.4453716241755044,-0.5476437862854585,-0.6042023644393416,Residential Construction,Consumer Cyclical,HOV
2008Q3,2008,Q3,2008-09-08,2008-07-31,-202477000.0,776439000.0,-339579000.0,-132.24,-210838000.0,-0.2715448348,3962591000.0,850160000.0,3519160000.0,791393000.0,3072499000.0,2890911000.0,543641000.0,452802300.0,2733158300.0,329.97981679863375,4.446791922597243,0.6067363500295639,2.8279947304036885,-0.10351579814493357,329.97981679863375,-0.23816340453561682,0.5831782020223095,-0.5590786854803261,0.5326083325491672,0.0,0.34151068642376053,0.0,0.19594225091613038,0.5822050485662623,-0.05109712306922415,1.9149375364758223,-0.2715448348163861,-1.5593187536287982,-4.724700742922229,0.1044662851776164,0.25364434049538576,-4.339157740130163,0.40572215161823366,-1.0805624483043839,-2.685129806249681,-0.38337127132152254,-0.40143700413444955,Residential Construction,Consumer Cyclical,HOV
2008Q2,2008,Q2,2008-06-09,2008-04-30,-340711000.0,1093701000.0,-163215000.0,-51.67,-39489000.0,-0.0361058461,4325066000.0,1184746000.0,3913807000.0,826775000.0,3084799000.0,3356732000.0,884352000.0,748891560.0,3055352560.0,467.4808232583099,4.733823591666415,0.5520812861584078,2.0154429725865293,-0.03544124587660652,467.4808232583099,-0.2875814731596477,0.684731530829724,-0.5495064438776559,0.6321114905642222,0.0,0.3375872723827818,0.0,0.2528749850291302,0.4678721538508058,-0.0787759076971311,23.217844055185243,-0.03610584611333445,0.7193525609689859,-7.418323454970986,0.7256326689535594,0.9319124904739022,0.7219143257536813,-1.6019794872578144,0.577962459694206,-5.107642127076882,0.015362545162841246,-0.08866369299733894,Residential Construction,Consumer Cyclical,HOV
2008Q1,2008,Q1,2008-03-11,2008-01-31,-130943000.0,1391869000.0,-386731000.0,-184.11,-142003000.0,-0.1020232508,4540548000.0,1321803000.0,4031031000.0,803788000.0,3155017000.0,3518334000.0,1024017000.0,632946420.0,2981555420.0,521.5612077401433,5.015042523650515,0.5208274419739644,1.7891032173478196,-0.1185787062778558,521.5612077401433,-0.09906393010153555,0.4547456836814384,-1.2084388245267026,0.4788507969795801,-0.020375277792627326,0.43596543136609545,0.004215206715285632,0.3065420737761169,0.39873573628867315,-0.02883858952707911,43.75104859335038,-0.10202325075132788,-4.977597402597403,-3.8969393639420202,0.6578300875812707,1.3268226089483457,-4.325675074357713,-0.6817965809989853,-2.163857846425708,-2.578660457237448,-0.025225484255735866,0.08896789382524646,Residential Construction,Consumer Cyclical,HOV
2007Q4,2007,Q4,2007-12-26,2007-10-31,-77859000.0,1130593000.0,-122234000.0,-30.8,42699000.0,0.0377669064,5362762000.0,1785734000.0,4783773000.0,732010000.0,3493973000.0,4115195000.0,1493278000.0,718572630.0,3403387630.0,706.3932973623,6.535119738801383,0.5061583937530698,1.5200511386354294,-0.016766638416904053,706.3932973623,-0.043600558649832505,0.6355714479038876,-2.30728827110546,0.402396230345617,-0.03426707252854519,0.2643602551033426,0.0037129162573308694,0.21082289312857816,0.6331020068031857,-0.014518451499432568,2.023561135783139,0.03776690639337056,-1.7672955974842768,-2.941429799927825,0.5678205463439945,2.4373142712740212,-0.6767945137043849,0.0,-2.748704265955163,-1.8806187034125716,0.04275077227252414,0.6625403759283832,Residential Construction,Consumer Cyclical,HOV
2007Q3,2007,Q3,2007-09-10,2007-07-31,-77859000.0,1110658000.0,-32607000.0,-11.13,132111000.0,0.1189484072,5409032000.0,1859878000.0,4835537000.0,679136000.0,3453022000.0,4237530000.0,1573805000.0,834172960.0,3482457960.0,737.9999682559837,7.120130577675163,0.4932150521572067,1.4344037619671828,-0.004877076690286176,737.9999682559837,-0.04186242323421214,0.7510619470620119,-2.6784731373380084,0.4485095043868469,-0.03427991625887823,0.23092391086316794,0.0031995762605395413,0.20533396733463585,0.5824665457286906,-0.014394257604687863,-13.468740271902348,0.11894840716044003,0.48709677419354835,-3.8613416984479882,0.9258535288255756,2.880231778273958,-0.12166079383019746,-1.774831604832674,0.5160299225220412,-1.8919923406400354,0.20120543614173603,0.9049852146784635,Residential Construction,Consumer Cyclical,HOV
2007Q2,2007,Q2,2007-06-11,2007-04-30,-28059000.0,1165801000.0,-67374000.0,-21.7,150410000.0,0.1290185889,5300848000.0,1879821000.0,4702460000.0,1010641000.0,3302622000.0,4133693000.0,1604533000.0,1509066960.0,4015537960.0,747.0991510873712,4.652947980539084,0.4746012336139425,1.3383130627862971,-0.012562213067811155,747.0991510873712,-0.014926421185846951,1.2944464449764583,-13.445480594461669,0.8027716255962669,-0.09512099504615275,0.24563773845808096,0.001768642525975123,0.2199272644678738,0.3660003898515892,-0.005293304014753866,-14.157147306602623,0.12901858893584753,0.5263043003710981,-2.4228453421021325,1.3634849502982584,2.9368131534236213,-0.6192903679779689,0.4861741869323176,-1.1696877195898723,-1.3951578959774977,0.49251027031053185,1.0754324059602185,Residential Construction,Consumer Cyclical,HOV
2007Q1,2007,Q1,2007-03-12,2007-01-31,-54608000.0,1745603000.0,397047000.0,-45.81,395078000.0,0.2263275212,5480035000.0,1942163000.0,4666395000.0,1099437000.0,3405387000.0,4070841000.0,1661810000.0,2094074160.0,4460577160.0,771.875794862012,4.244349608026654,0.4417537479231428,1.246458716389922,0.05653057365068851,771.875794862012,-0.028117104486080725,1.1996279566430625,-9.586846982127161,1.0782175131541483,-0.048875622619396424,0.3317557723330388,0.0012745489395657316,0.318538658968419,0.37190580269719864,-0.009964899859216227,-12.895657014767282,0.22632752120613908,-2.533132530120482,-3.7691200128840388,2.004607457743329,3.7613726536533174,0.1636403264618475,-1.7087621841213805,1.7308348350000688,-1.5939408955865944,0.6569139774940399,1.351470071109629,Residential Construction,Consumer Cyclical,HOV
