Year,Date,FillingDate,NetIncome,Revenue,OperatingIncome,EPSDiluted,GrossProfit,GrossProfitRatio,TotalAssets,CommonStockEquity,CurrentAssets,CurrentLiability,TotalLiability,Inventory,RetainedEarnings,EnterpriseValue,bookValuePerShare,currentRatio,debtToAssets,debtToEquity,roic,shareholdersEquityPerShare,roe,priceToSalesRatio,peRatio,pbRatio,payoutRatio,inventoryTurnover,dividendYield,assetTurnover,quickRatio,returnOnAssets,priceToFreeCashFlowsRatio,grossProfitMargin,epsdilutedGrowth,fiveYNetIncomeGrowthPerShare,fiveYRevenueGrowthPerShare,fiveYShareholdersEquityGrowthPerShare,grossProfitGrowth,netIncomeGrowth,operatingIncomeGrowth,threeYNetIncomeGrowthPerShare,threeYRevenueGrowthPerShare,threeYShareholdersEquityGrowthPerShare,Industry,Sector,Price,MarketCap,AvgVolume,Symbol
2022,2022-12-31,2023-03-30,-15277909.0,66299783.0,-12636985.0,-1.44,14205719.0,0.2142649396,62065552.0,34731764.0,34557537.0,24255723.0,27333788.0,320372.0,-38117897.0,23331764.520000003,3.273233855827262,1.4247168389909466,0.10437802921659345,0.18652320682589,-0.28220018212265774,3.273233855827262,-0.439882897972012,0.43531797864255456,-1.889099321117831,0.8309824839302721,0.0,162.60492177843258,0.0,1.0682219180133934,1.2530064348112815,-0.24615762701989663,-2.18762101654252,0.2142649396001794,-21.74881516587678,-0.7376063548635148,0.46511997724150606,5.021717896987934,-0.03754547968730924,-23.09483593397616,-84.89051104812783,0.28688040447819274,0.1330066500659107,3.8667263680172015,Farm & Heavy Construction Machinery,Industrials,1.72,18814392,160040,UGRO
2021,2021-12-31,2022-03-29,-634074.0,62113181.0,-147129.0,-0.0633,14759886.0,0.2376288859,74156042.0,48167330.0,59480897.0,25006084.0,25988712.0,514756.0,-22839988.0,71115026.48,4.806974361349026,2.378657010030039,0.009364874139318276,0.014417697638627675,-0.0021498134467269037,4.806974361349026,-0.01316398480048614,1.690667790464636,-165.61592886634685,2.180165570314983,0.0,91.99173006239849,0.0,0.8376010817837338,1.908250608132005,-0.008550537257638427,-56.59429646204655,0.237628885888166,0.94725,0.9236346296867954,0.453496176850011,6.9061758709915235,1.5823698360077514,0.888319022281982,0.9464141721328492,0.9236346296867954,0.453496176850011,6.9061758709915235,Farm & Heavy Construction Machinery,Industrials,1.72,18814392,160040,UGRO
2020,2020-12-31,2021-03-31,-5677547.0,25837917.0,-2745670.0,-1.2,5715636.0,0.2212111758,8160643.0,-7406164.0,5245371.0,14546207.0,15566807.0,537104.0,-21964321.0,36363261.0,-1.5695305054577382,0.3606006019301114,1.0091670472535068,-1.1119726757333486,-3.3462494318494675,-1.5695305054577382,0.7665975260607245,1.095764724377743,-4.986709577217062,-3.8227992250779215,0.0,37.464403541958355,0.0,3.1661619066046636,0.0798283016321712,-0.695722996337421,-7.433613666456358,0.22121117580801888,0.40594059405940597,-0.4520262196508146,0.2839402838394526,-0.9284320038516117,-0.1374199032961381,0.35892844661885687,0.4941679545809186,-0.4520262196508146,0.2839402838394526,-0.9284320038516117,Farm & Heavy Construction Machinery,Industrials,1.72,18814392,160040,UGRO
2019,2019-12-31,2020-05-18,-8856339.0,24189803.0,-5428027.0,-2.02,6626209.0,0.2739257116,7407692.0,-5008334.0,3998205.0,12317185.0,12416026.0,676175.0,-16890626.0,35167904.400000006,-1.1418019844325864,0.3246037954289068,0.5446966477547932,-0.8056461489988487,7.663930331865093,-1.1418019844325864,1.7683203636179217,1.3055774947815821,-3.565995204113122,-6.305821935997081,0.0,25.974923651421598,0.0,3.2654979445689696,0.16751636027225378,-1.1955598315912703,-11.608156892265214,0.27392571159012746,-1.4377469425584757,-1.4366268516181568,0.29312566449303296,-0.40289563100840814,0.07590142871501056,-1.2732617310677221,-0.42820866477362424,-1.4366268516181568,0.29312566449303296,-0.40289563100840814,Farm & Heavy Construction Machinery,Industrials,1.72,18814392,160040,UGRO
2018,2018-12-31,2019-04-01,-3895873.0,20050776.0,-3800584.0,-0.828634,6158751.0,0.3071577379349308,5744764.0,-3826551.0,3945305.0,9571315.0,9571315.0,1214224.0,-8540053.0,74233900.3,-0.8138894720285454,0.41220093581707423,0.6055721349040623,-0.9091395881042745,10.931207252604391,-0.8138894720285454,1.018116052811004,3.587586001658988,-18.464124292552658,-18.798621343345484,0.0,11.441072652163028,0.0,3.490269748243792,0.18831257773879556,-0.6781606694374216,-26.758230436448446,0.3071577379349308,0.0,0.0,0.0,0.0,0.0,0.0,0.0,0.0,0.0,0.0,Farm & Heavy Construction Machinery,Industrials,1.72,18814392,160040,UGRO
TTM,,,,,,,,,,,,,,,,16966572.0,2.8088279591801686,1.194076425092837,0.0854943094051908,0.18109401683979884,-0.432815930438895,2.8088279591801686,-0.5304704540950681,0.30097311118672343,-0.9393050946447696,0.6123550552031773,0.0,152.87768587515745,0.0,0.9753167675901838,83234.38354341759,-0.30777244610506316,-1.3593933939944154,0.19429193207626008,,,,,,,,,,,Farm & Heavy Construction Machinery,Industrials,1.72,18814392,160040,UGRO
