Quarters,Year,Quarter,FillingDate,Date,NetIncome,Revenue,OperatingIncome,EPSDiluted,GrossProfit,GrossProfitRatio,TotalAssets,CommonStockEquity,CurrentAssets,CurrentLiability,TotalLiability,Inventory,RetainedEarnings,MarketCap,EnterpriseValue,bookValuePerShare,currentRatio,debtToAssets,debtToEquity,roic,shareholdersEquityPerShare,roe,priceToSalesRatio,peRatio,pbRatio,payoutRatio,inventoryTurnover,dividendYield,assetTurnover,quickRatio,returnOnAssets,priceToFreeCashFlowsRatio,grossProfitMargin,epsdilutedGrowth,fiveYNetIncomeGrowthPerShare,fiveYRevenueGrowthPerShare,fiveYShareholdersEquityGrowthPerShare,grossProfitGrowth,netIncomeGrowth,operatingIncomeGrowth,threeYNetIncomeGrowthPerShare,threeYRevenueGrowthPerShare,threeYShareholdersEquityGrowthPerShare,Industry,Sector,Symbol
2023Q1,2023,Q1,2023-05-15,2023-03-31,-11577958280706.0,0.0,5422795.0,-548376.23,0.0,0.0,15672096.0,-26113599.0,7607430.0,38000318.0,41785695.0,412038.0,-157027975.0,16014336.410999998,38311968.411,-1.2368395625743671,0.20019385100935208,1.829851539959939,-1.0981867723403427,1381062.4738834298,-1.2368395625743671,443368.92362887244,0.0,-3.4579361971114904e-07,-0.6132565798762553,0.0,0.0,0.0,0.0,0.1889656291823663,-738762.5931276837,-1.7752371712044708,0.0,-843654.7384615383,-1034003.0168760093,0.0,-1.499479776109669,0.0,-1030113.1111021843,2.030337881140152,-1124047.0381151242,0.0,-1.886404109458462,Biotechnology,Healthcare,ACER
2022Q4,2022,Q4,2023-03-27,2022-12-31,-11239491.0,0.0,-5263123.0,-0.65,0.0,0.0,11624226.0,-16761272.0,3516698.0,18951700.0,28385498.0,0.0,-140747269.0,43573509.63999999,53108644.63999999,-0.9655130621238616,0.18556108422991077,1.0206574614086135,-0.7078432352866775,1.3563865463941565,-0.9655130621238616,0.6705631290990326,0.0,-0.9692055814627192,-2.599654109783553,0.0,0.0,0.0,0.0,0.1229028530422073,-0.9669023124636428,-5.166674331273707,0.0,-1.0967741935483872,-0.017986042981921663,0.0,-1.2869097358238661,0.0,-1.2535257043890002,-0.004594917017398193,-0.27650420175312285,0.0,-1.5305855540230944,Biotechnology,Healthcare,ACER
2022Q3,2022,Q3,2022-11-14,2022-09-30,-4987514.0,0.0,-5239050.0,-0.31,0.0,0.0,15324533.0,-12207317.0,7304069.0,20793741.0,27531850.0,0.0,-131362939.0,22363736.41,24234493.41,-0.7587359428191365,0.35126286318560956,0.5382663210683157,-0.67571604800629,1.376492554220781,-0.7587359428191365,0.40856758286853695,0.0,-1.1209861471065543,-1.8319944022097565,0.0,0.0,0.0,0.0,0.3067232106045757,-0.3254594446695374,-2.459587070672499,0.0,-1.214285714285714,0.7241775344454733,0.0,-1.1644708922784792,0.0,-0.9730635548195626,0.2584339418014207,0.39121393941471844,0.0,-1.334990251952307,Biotechnology,Healthcare,ACER
2022Q2,2022,Q2,2022-08-15,2022-06-30,-2527802.0,0.0,-7064846.0,-0.14,0.0,0.0,23242890.0,-8783542.0,15201123.0,17473264.0,32026432.0,0.0,-126355994.0,19244870.82,13347169.82,-0.5750759786082056,0.8699647072235617,0.36880280378214586,-0.9759209895051449,147.60326339978812,-0.5750759786082056,0.2877884570939605,0.0,-1.903320633894585,-2.191014834334486,0.0,0.0,0.0,0.0,0.8281076735291129,-0.10875592493016144,-1.9528350210155683,0.0,0.78125,0.8196393377737337,0.0,-1.2638310344240613,0.0,0.7246955458392771,-0.0024982830157621993,0.847027711882634,0.0,-1.2106168986284374,Biotechnology,Healthcare,ACER
2022Q1,2022,Q1,2022-05-16,2022-03-31,-9181842.0,0.0,-7047240.0,-0.64,0.0,0.0,31469491.0,-10101481.0,23353827.0,27578713.0,41570972.0,0.0,-123688958.0,41499707.6,34028443.6,-0.7058915976554977,0.8468062668479127,0.4235568983305132,-1.319521365233474,-2.0603961819470404,-0.7058915976554977,0.9089599831945434,0.0,-1.1299396025329123,-4.10827952851666,0.0,0.0,0.0,0.0,0.7542188063670702,-0.29176963809169965,-13.641414838348096,0.0,-1.0645161290322582,0.49197983268157774,0.0,-1.2310341888736125,-1.0,-1.0766073685774633,-0.594496673663328,0.1659901684348594,0.0,-1.1884431582014725,Biotechnology,Healthcare,ACER
2021Q4,2021,Q4,2022-03-02,2021-12-31,-4421559.0,360000.0,-4419727.0,-0.31,360000.0,1.0,36256951.0,-1723605.0,28088616.0,29109950.0,37980556.0,0.0,-114509954.0,32627356.319999997,20310431.319999997,-0.12044553538010952,0.9649146082353285,0.010862386084257334,-0.22849608814084432,4.72325717408221,-0.12044553538010952,2.5652971533501003,90.63154533333332,-1.8447880216005257,-18.92971784138477,0.0,0.0,0.0,0.009929130554855536,0.6084092209021315,-0.12195065713054581,-22.64634298905974,1.0,-0.3478260869565217,0.8667496076871233,-0.974586845486779,-1.032656761682866,0.0,-0.3533195906580415,-0.34796227058445706,0.6254392419983387,0.0,-1.0268618597539168,Biotechnology,Healthcare,ACER
2021Q3,2021,Q3,2021-11-19,2021-09-30,-3267195.0,0.0,-3278821.0,-0.23,0.0,0.0,32550208.0,2164443.0,24581732.0,30385765.0,30385765.0,0.0,-110089311.0,36634224.64,22482728.64,0.15125129941879398,0.8089884194128402,0.0,0.0,-1.5121662598032268,0.15125129941879398,-1.5094853502725643,0.0,-2.8031862683433344,16.925474424597923,0.0,0.0,0.0,0.0,0.46572781695639387,-0.10037401297097702,-4.592575883470589,0.0,-0.21052631578947373,0.9223169209959611,-1.0,-0.9761396024158426,0.0,-0.2252682716085496,0.13442580972167592,0.4544681654267721,0.0,-0.9739786945183275,Biotechnology,Healthcare,ACER
2021Q2,2021,Q2,2021-08-10,2021-06-30,-2666514.0,0.0,-3788030.0,-0.19,0.0,0.0,39984192.0,7777036.0,31951627.0,32207156.0,32207156.0,0.0,-103876405.0,40927297.839999996,18798965.839999996,0.5434593568076128,0.9920660799730345,0.0,0.0,-0.402445984690671,0.5434593568076128,-0.3428702143078674,0.0,-3.837153849557887,5.262583050920685,0.0,0.0,0.0,0.0,0.6870625894444079,-0.06668920557404286,6.571462401865114,0.0,-0.7272727272727273,0.94010173636493,-1.0,-0.9379050554919355,-1.0,-0.7724402116148896,-1.4889924719744163,0.7061874044522056,0.0,-0.7101304950999764,Biotechnology,Healthcare,ACER
2021Q1,2021,Q1,2021-05-17,2021-03-31,-1504431.0,3998133.0,-1521913.0,-0.11,3998133.0,1.0,44510898.0,10409645.0,36407458.0,34035435.0,34101253.0,0.0,-100649133.0,43975138.76,28074841.759999998,0.7361886025348383,1.0696927481608507,0.0,0.0,-0.14535764732399853,0.7361886025348383,-0.14452279592627798,10.99891843517962,-7.307603133676452,4.224460945594205,0.0,0.0,0.0,0.08982368767307278,0.760980342986655,-0.033799160825737556,14.659933539621866,1.0,0.78,0.9667568221177071,-0.7374787292818793,-0.9347557590711912,0.0,0.7613121342767688,0.7534343759345971,0.7993823900181298,0.0,-0.7027008760916137,Biotechnology,Healthcare,ACER
2020Q4,2020,Q4,2021-03-01,2020-12-31,-6302922.0,0.0,-6172446.0,-0.5,0.0,0.0,14613688.0,8224334.0,6441029.0,6145546.0,6389354.0,0.0,-99135961.0,32717742.560000002,27320485.560000002,0.6585954101351668,1.048080837731912,0.02492943601916231,0.044296717521443076,-0.6966416115544433,0.6585954101351668,-0.7663747605581194,0.0,-1.297721221998305,3.978163163120564,0.0,0.0,0.0,0.0,0.9375193025973607,-0.431302625319495,-8.41385619079581,0.0,0.03846153846153849,0.854613908550438,-1.0,-0.9538127260836444,0.0,-0.05621184423103961,-0.04812484621849039,0.2063959176752794,0.0,-0.8042932379174266,Biotechnology,Healthcare,ACER
2020Q3,2020,Q3,2020-11-10,2020-09-30,-5967479.0,0.0,-5889037.0,-0.52,0.0,0.0,15366903.0,10503512.0,7003847.0,4489424.0,4863391.0,0.0,-92898278.0,33161051.52,27003603.52,0.9122181949434154,1.5600769720124452,0.0,0.0,-0.5643825147447998,0.9122181949434154,-0.5681413035944549,0.0,-1.3892403944781373,3.1571393948995343,0.0,0.0,0.0,0.0,1.3715452138180755,-0.38833322498358974,-7.452911503527772,0.0,0.07142857142857148,0.8792656200975018,-1.0,-0.9479760356964299,0.0,-0.0339176425174073,-0.02065049465448711,0.5388627908579438,0.0,-0.8022588202193929,Biotechnology,Healthcare,ACER
2020Q2,2020,Q2,2020-08-13,2020-06-30,-5771716.0,0.0,-5769886.0,-0.56,0.0,0.0,14791229.0,11218371.0,6355866.0,3047501.0,3572858.0,0.0,-86970020.0,35554580.81,29673719.810000002,1.082251897037624,2.0855993156359918,0.0,0.0,-0.5144063121927851,1.082251897037624,-0.5144878877690887,0.0,-1.5400350957150353,3.1693176139387793,0.0,0.0,0.0,0.0,1.929732262598109,-0.39021206419020354,-9.794723214194708,0.0,-0.142857142857143,0.9040038357421627,-1.0,-0.9508138661081004,0.0,-0.1716941151345586,-0.16060284954749676,0.3931983767140802,0.0,-0.5034888464757641,Biotechnology,Healthcare,ACER
2020Q1,2020,Q1,2020-05-14,2020-03-31,-4925958.0,0.0,-4971456.0,-0.49,0.0,0.0,16140378.0,14088948.0,7631780.0,1780436.0,2051430.0,0.0,-81199219.0,20093242.93,13621448.93,1.395345023084335,4.286466910352296,0.033175555120208464,0.03800610237187333,-0.3264275458509128,1.395345023084335,-0.34963277598866854,0.0,-1.0197632079891872,1.426170565041478,0.0,0.0,0.0,0.0,3.935698896225419,-0.30519471105323553,-3.9628672663587343,0.0,0.03921568627450984,0.9502049028590085,-1.0,-0.8743183636717984,0.0,0.03794204557217156,0.04253998872954727,0.6137291609943308,0.0,-0.5433117398226185,Biotechnology,Healthcare,ACER
2019Q4,2019,Q4,2020-03-18,2019-12-31,-5120230.0,0.0,-5192338.0,-0.51,0.0,0.0,21465511.0,18370316.0,12884996.0,2768913.0,3095195.0,0.0,-76250512.0,40481655.76,28993689.759999998,1.8197123061549398,4.653449205518555,0.02747076461398939,0.0320992845196566,-0.2637401799645194,1.8197123061549398,-0.27872302251088116,0.0,-1.9765545571195045,2.203645041272017,0.0,0.0,0.0,0.0,4.361870524642702,-0.23853287256939748,-10.009649659282791,0.0,0.0,0.9484263455840368,-1.0,-0.9166319237896406,0.0,0.0039395146096250526,0.03172552175165712,0.781266306870942,-1.0,-0.5066159079625486,Biotechnology,Healthcare,ACER
2019Q3,2019,Q3,2019-11-13,2019-09-30,-5140481.0,0.0,-5362465.0,-0.51,0.0,0.0,25541832.0,22865062.0,17093967.0,2412440.0,2676770.0,0.0,-71094228.0,32203611.439999998,16081708.439999998,2.2649493183675053,7.085758402281508,0.0,0.0,-0.2295697750267264,2.2649493183675053,-0.22481815269077338,0.0,-1.5661769511452333,1.4084200357733558,0.0,0.0,0.0,0.0,6.682820298121404,-0.20125733345987085,-4.371753310892372,0.0,0.5277777777777778,0.9501115527112302,-1.0,-0.9186435421899196,0.0,0.5291433023604567,0.5197385390283833,0.826744002529987,-1.0,-0.642696681272282,Biotechnology,Healthcare,ACER
2019Q2,2019,Q2,2019-08-13,2019-06-30,-10917294.0,0.0,-11165720.0,-1.08,0.0,0.0,32801291.0,27552511.0,24280425.0,4937236.0,5248780.0,0.0,-65842755.0,39657170.190000005,16168975.190000005,2.730436077794183,4.917817377982336,0.0,0.0,-0.4006934122348512,2.730436077794183,-0.3962359002415424,0.0,-0.9081272838763891,1.4393305274426713,0.0,0.0,0.0,0.0,4.757357152868528,-0.3328312291122932,-4.701221194370841,0.0,-0.4025974025974027,0.9018112157247731,-1.0,-0.9239592958778128,0.0,-0.40677859084192086,-0.36551693437551896,0.6522210925254285,-1.0,-0.6880239992013476,Biotechnology,Healthcare,ACER
2019Q1,2019,Q1,2019-05-14,2019-03-31,-7760492.0,0.0,-8176918.0,-0.77,0.0,0.0,41016540.0,37786380.0,32610165.0,2984918.0,3230160.0,0.0,-54801248.0,243206321.93,211374894.93,3.7459125838933325,10.924978508622347,0.0,0.0,-0.21074431147694353,3.7459125838933325,-0.2053780224514759,0.0,-7.834758476975429,6.4363488095446035,0.0,0.0,0.0,0.0,10.66408758967583,-0.18920396503459336,-24.716448819327354,0.0,0.06097560975609748,0.9206724030846326,-1.0,-0.918747605661113,0.0,0.06432840762408257,0.05996639895118007,0.7596253332051158,-1.0,-0.6680209089351832,Biotechnology,Healthcare,ACER
2018Q4,2018,Q4,2019-03-07,2018-12-31,-8294034.0,0.0,-8698538.0,-0.82,0.0,0.0,50663419.0,45083158.0,42746305.0,5580261.0,5580261.0,0.0,-46832543.0,202296177.84,160624893.84,4.483886688543477,7.660269833256903,0.0,0.0,-0.18835130052002572,4.483886688543477,-0.18397189478163886,0.0,-6.097641323872075,4.487178512206266,0.0,0.0,0.0,0.0,7.467622750978852,-0.16370853297524196,-43.965922362929355,0.0,-0.9523809523809523,0.91731234185439,-1.0,-0.9179804169660931,0.0,-1.1691348080111725,-1.1177919063379367,0.7623876123234378,-1.0,-0.6855451776513983,Biotechnology,Healthcare,ACER
2018Q3,2018,Q3,2018-11-09,2018-09-30,-3823660.0,0.0,-4107362.0,-0.42,0.0,0.0,55260687.0,53105730.0,47329504.0,2154957.0,2154957.0,0.0,-38336257.0,276099620.62,229914210.62,5.812594588127978,21.963085110282943,0.0,0.0,-0.07457645008596753,5.812594588127978,-0.07200089331226593,0.0,-18.05205095510584,5.199055179544656,0.0,0.0,0.0,0.0,21.432172428498575,-0.06919313181900906,-57.277432602459015,0.0,0.33333333333333337,0.9853124962679641,-1.0,-0.9302298148918725,0.0,0.19584409597394167,0.16450906469469942,0.9025046775280146,-1.0,-0.6685067070136088,Biotechnology,Healthcare,ACER
2018Q2,2018,Q2,2018-08-13,2018-06-30,-4754874.0,0.0,-4916106.0,-0.63,0.0,0.0,16788416.0,14056498.0,8914946.0,2731918.0,2731918.0,0.0,-34370746.0,161944552.8,153600779.8,1.8748414290597861,3.2632553392891004,0.0,0.0,-0.34390827584100486,1.8748414290597861,-0.3382687494424287,0.0,-8.514660577756635,11.520974342257938,0.0,0.0,0.0,0.0,3.054181348049246,-0.2832235036348873,-40.23615099387506,0.0,-0.18867924528301883,0.9769199893326148,-1.0,-0.8476116897411525,0.0,-0.19583160534650232,-0.23179773695872288,0.890660574140316,-1.0,-0.9147922939121359,Biotechnology,Healthcare,ACER
2018Q1,2018,Q1,2018-05-14,2018-03-31,-3976207.0,0.0,-3991001.0,-0.53,0.0,0.0,21043581.0,18565560.0,13195054.0,2478021.0,2478021.0,0.0,-29535256.0,144475533.91,132106908.91,2.476255539729398,5.324835423105776,0.0,0.0,-0.2145688180047978,2.476255539729398,-0.21417113192384177,0.0,-9.083753304971296,7.781910909770564,0.0,0.0,0.0,0.0,4.991331792587714,-0.18895106303437614,-44.63277499758262,0.0,0.17187499999999997,0.9874596162481697,-1.0,-0.9393696387765212,0.0,0.05804651956121846,0.05131728044989086,0.9458686036654003,-1.0,-0.776958499115846,Biotechnology,Healthcare,ACER
2017Q4,2017,Q4,2018-03-07,2017-12-31,-4221235.0,0.0,-4206887.0,-0.64,0.0,0.0,24368741.0,22335537.0,16526242.0,2033204.0,2033204.0,0.0,-25551652.0,91924929.14999999,76280574.14999999,3.3652154025076015,8.128177005357061,0.0,0.0,-0.1886701352652547,3.3652154025076015,-0.18899187424954234,0.0,-5.444196375586765,4.115635507218832,0.0,0.0,0.0,0.0,7.694434498456623,-0.17322335199836544,-21.54413607654789,0.0,0.4285714285714286,0.9845592461757878,0.0,-0.8847111683775226,0.0,-0.17379515425607053,-0.2521160347185059,0.9353291854877527,-1.0,-0.845826434655852,Biotechnology,Healthcare,ACER
2017Q3,2017,Q3,2017-11-13,2017-09-30,-3596228.0,0.0,-3359822.0,-1.12,0.0,0.0,17012016.0,14761276.0,9241088.0,2250740.0,2250740.0,0.0,-21337591.0,59740191.32000001,51335859.32000001,4.613192841043617,4.105799870264891,0.0,0.0,-0.2353460359514657,4.613192841043617,-0.24362582204953012,0.0,-4.1529757929697455,4.047088566056214,0.0,0.0,0.0,0.0,3.734030585496326,-0.21139340569630313,-7.529067453498328,0.0,-0.21739130434782614,0.9625210619417937,0.0,-0.844945399846579,0.0,-4.3001061133054295,-3.956483896474809,0.8898878986068574,-1.0,-0.8342951757469603,Biotechnology,Healthcare,ACER
2017Q2,2017,Q2,2017-08-14,2017-06-30,-678520.0,0.0,-677864.0,-0.92,0.0,0.0,1980325.0,1611778.0,1980325.0,368547.0,368547.0,0.0,-162924064.0,5006658.607685,3208835.6076849997,2.1797131632508164,5.373330945578176,0.013397800866019466,0.016461324078129867,-0.41395818945526586,2.1797131632508164,-0.42097608975925965,0.0,-1.8446982431192152,3.1062954126964133,0.0,0.0,0.0,0.0,4.950128477507618,-0.3426306288109275,-5.366291355453422,0.0,0.2698412698412698,0.9666707267796679,0.0,-0.9434030695730189,0.0,0.2677717932641307,0.2678808458428782,0.9167215133685814,-1.0,-0.9392965376241685,Biotechnology,Healthcare,ACER
2017Q1,2017,Q1,2017-05-12,2017-03-31,-926651.0,0.0,-925893.0,-1.26,0.0,0.0,3060008.0,2241693.0,3060008.0,818315.0,818315.0,0.0,-162245872.0,6037682.223731,3306876.223731,3.0553555778779407,3.739401086378717,0.030023124122551315,0.04098286429051614,-0.39693440802381275,3.0553555778779407,-0.4133710548232965,0.0,-1.6288986424584337,2.693358200133114,0.0,0.0,0.0,0.0,3.449377073620794,-0.30282633248017654,-5.912537455938604,0.0,0.4568965517241379,0.958176221386822,0.0,-0.9522099338511134,-1.0,0.45531936654530664,0.46072318040020593,0.8697689580099199,-1.0,-0.9337264416348895,Biotechnology,Healthcare,ACER
2016Q4,2016,Q4,2017-03-28,2016-12-31,-1701274.0,726292.0,-1716916.0,-2.32,726292.0,1.0,3866514.0,2706026.0,3816514.0,1160488.0,1160488.0,0.0,-161319600.0,7031224.338769,3742914.338769,3.6882265470707774,3.2887147475889456,0.0405124616127085,0.05788636177183811,-0.5970162136421141,3.6882265470707774,-0.6286983199717963,9.680988278500934,-1.033229265063858,2.5983580123653653,0.0,0.0,0.0,0.18784155443378714,2.9685373739323455,-0.44000202766626473,-3.020394352188395,1.0,0.21088435374149664,0.9514342924126004,0.0,-0.9596975913254718,1.3768585869851065e-06,0.152582761796554,0.14334483080357388,0.767568775034601,0.06813245340923577,-0.9325346904286745,Biotechnology,Healthcare,ACER
2016Q3,2016,Q3,2016-11-14,2016-09-30,-2007599.0,726291.0,-2004209.0,-2.94,726291.0,1.0,7177424.0,4330089.0,6039106.0,2847335.0,2847335.0,0.0,-159610505.0,22556068.047552,16741768.047552,6.3390100221641195,2.12096785239531,0.0,0.0,-0.4632474223314125,6.3390100221641195,-0.46363920002568076,31.056515979892357,-2.8088363322994283,5.209146520441497,0.0,0.0,0.0,0.10119104012804594,2.042014726050851,-0.2797102414459561,-9.802425848649541,1.0,0.054662379421221846,0.8218709650109547,0.0,-0.9444250672646256,0.0,0.04470921097585696,0.04918439534623347,0.8968565489555067,-0.3877239483694302,-0.9239111044228003,Biotechnology,Healthcare,ACER
2016Q2,2016,Q2,2016-08-11,2016-06-30,-2101558.0,726291.0,-2107884.0,-3.11,726291.0,1.0,9435490.0,5912479.0,8245127.0,3523011.0,3523011.0,0.0,-157604601.0,29062809.099264,21252925.099264,8.752070899057363,2.3403636832243784,0.003971812804634417,0.0063384580308868755,-0.3537364982769798,8.752070899057363,-0.3554444759972932,40.01537827023053,-3.4572932437819937,4.915503141620292,0.0,0.0,0.0,0.0769743807687783,2.24391720604903,-0.22272907925290578,-14.319504521719594,1.0,0.028125000000000094,0.8354424712801679,0.0,-0.9323469611487971,0.0,0.026235995144056567,0.025304632184843485,0.8867880731773856,-0.6639196988074466,-0.2886260806377495,Biotechnology,Healthcare,ACER
2016Q1,2016,Q1,2016-05-12,2016-03-31,-2158180.0,726291.0,-2162608.0,-3.2,726291.0,1.0,11653621.0,7608721.0,10887858.0,4044900.0,4044900.0,496269.0,-155499880.0,16296019.232424,6433770.232424,11.283579854015464,2.6917496106207817,0.007997514249004665,0.012249102050134313,-0.2805003753042742,11.283579854015464,-0.2836455693407604,22.43731401383743,-1.8877039024112912,2.1417553925849036,0.0,0.0,0.0,0.06232320409253055,2.4612348883779576,-0.18519394100769193,-6.401493378501991,1.0,0.07780979827089338,0.8250490569922723,0.0,-0.9296232719328403,-2.75370959103282e-06,0.07809561888456311,0.10416590723060455,0.9243206583481379,-0.5166130861760636,-0.7237249906293252,Biotechnology,Healthcare,ACER
2015Q4,2015,Q4,2016-03-15,2015-12-31,-2341002.0,726293.0,-2414072.0,-3.47,726293.0,1.0,14416698.0,9615262.0,13578831.0,4801436.0,4801436.0,496269.0,-153339486.0,19456884.857424002,7021464.857424002,14.259239705895437,2.828077058613298,0.010289734861616717,0.01542797273750835,-0.2434526317474603,14.259239705895437,-0.2434673126951715,26.78930522175486,-2.0778372741057036,2.0235418293775043,0.0,0.0,0.0,0.05037859570894805,2.6208334339976624,-0.16238128869731475,-5.275223075834662,1.0,0.1911421911421911,0.8672522956576117,0.0,-0.7431534432307534,2.753717173970213e-06,0.1582656908166182,0.13991866167639602,0.9157151475296593,0.0,-0.5114930579800206,Biotechnology,Healthcare,ACER
2015Q3,2015,Q3,2015-11-10,2015-09-30,-2781165.0,726291.0,-2806795.0,-4.29,726291.0,1.0,17051369.0,11360512.0,16154757.0,4964564.0,5690857.0,0.0,-150961949.0,21123979.613856003,5531479.613856003,17.53457675044606,3.2540132426533326,0.0,0.0,-0.24593268526265602,17.53457675044606,-0.24480982899362283,29.084732722635973,-1.898842716438615,1.8594214427884943,0.0,0.0,0.0,0.04259429257556974,3.187678515172732,-0.16310508557993203,-6.614149488519474,1.0,0.26034482758620686,0.7910173977307801,0.0,-0.7708984065397275,-1.376856691248148e-06,0.20186278364331897,0.20015918194273782,0.8568516033980834,0.0,-0.4106431531085045,Biotechnology,Healthcare,ACER
2015Q2,2015,Q2,2015-08-12,2015-06-30,-3484570.0,726292.0,-3509192.0,-5.8,726292.0,1.0,19625562.0,13218593.0,18687194.0,4954385.0,6406969.0,0.0,-148167969.0,22528425.0,4244865.0,22.00319096874282,3.7718493819111756,0.0,0.0,-0.26453932414086906,22.00319096874282,-0.2636112633167539,31.01841270453206,-1.6162987829201307,1.7042982562516298,0.0,0.0,0.0,0.037007449773922396,3.6903793306333683,-0.17755262244209874,-6.4490732351620155,1.0,0.4081632653061225,0.8280218025357535,0.0,-0.7989828148747155,0.9241918861421157,-0.04356500639992429,-0.04357683713300609,0.7893222375144403,0.0,-0.4286803009565439,Biotechnology,Healthcare,ACER
2015Q1,2015,Q1,2015-05-12,2015-03-31,-3339102.0,377453.0,-3362658.0,-9.8,377453.0,1.0,11293068.0,3783836.0,10256332.0,5330355.0,7509232.0,0.0,-144671088.0,15620824.545575999,6047944.545575999,11.102218779524556,1.9241367601219805,0.0,0.0,-0.8855665524447447,11.102218779524556,-0.8824647791289052,41.384820217552914,-1.1695378387344861,4.128303802166902,0.0,0.0,0.0,0.03342342399780113,1.7959179079066967,-0.29567713574380317,-68.32180647656537,1.0,0.003051881993896171,0.6352699156516256,0.0,-0.9038542421846392,0.2267473983216656,0.0037702816358911,-0.0010845441297523233,0.67556432293812,0.0,-0.8263456555713249,Biotechnology,Healthcare,ACER
2014Q4,2014,Q4,2015-02-23,2014-12-31,-3351739.0,307686.0,-3359015.0,-9.83,307686.0,1.0,11802359.0,7439187.0,10665316.0,3132424.0,4363172.0,0.0,-141320208.0,20449080.0,10542707.0,21.82744749397039,3.4048123753361614,0.0,0.0,-0.45104028915682576,21.82744749397039,-0.45055178744666585,66.46087244788518,-1.5252589775039167,2.748832634533854,0.0,0.0,0.0,0.026069872980477887,3.162526209734059,-0.28398890425210754,-5.4807901055092865,1.0,0.03721841332027431,0.7743425796659867,0.0,-0.84327171339603,0.0,0.13515896432897997,0.13439740902773858,0.7940235823829884,0.0,-0.761484632791209,Biotechnology,Healthcare,ACER
2014Q3,2014,Q3,2014-11-06,2014-09-30,-3875555.0,307686.0,-3880551.0,-10.21,307686.0,1.0,15566526.0,10570864.0,14365249.0,3457228.0,4995662.0,299694.0,-137964831.0,31325497.5,17688078.5,27.83982217680661,4.1551349809731954,0.0,0.0,-0.36686229157277167,27.83982217680661,-0.36662613387136567,101.80995397905657,-2.020710420830049,2.9633809970500047,0.0,0.0,0.0,0.019765874543877033,3.9446108269399645,-0.24896723906156068,-9.711989442700327,1.0,0.07350272232304889,-1.1937309383138515,0.0,-0.6668823940260213,0.0,0.06814525426854588,0.0688649371609068,0.38138135555192815,0.0,-0.755924625543879,Biotechnology,Healthcare,ACER
2014Q2,2014,Q2,2014-08-14,2014-06-30,-4158969.0,307686.0,-4167549.0,-11.02,307686.0,1.0,19093087.0,13553380.0,17696216.0,3693587.0,5539707.0,599572.0,-134086778.0,52214191.320255995,35999501.320255995,35.90755910685332,4.791065162401752,0.0,0.0,-0.3071746368360259,35.90755910685332,-0.30685843678846164,169.69960063264494,-3.1386499466728415,3.852484865048866,0.0,0.0,0.0,0.01611504729434271,4.40345306608454,-0.21782590735589274,-15.15724013494289,1.0,-0.13608247422680417,0.4669491027142877,0.0,6.397811110161571,-0.11796627077976246,-0.13932494699182002,-0.1384357052946267,0.4171468974044761,0.0,-0.7224364931082249,Biotechnology,Healthcare,ACER
2014Q1,2014,Q1,2014-05-14,2014-03-31,-3650380.0,348837.0,-3660768.0,-9.7,348837.0,1.0,22681445.0,17352907.0,21225173.0,3339334.0,5328538.0,688913.0,-129923519.0,58655820.492528,38996295.492528,46.1021809187542,6.356109631441479,0.0,0.0,-0.21066018622336938,46.1021809187542,-0.2103612956607213,168.14678629998537,-4.017103732524285,3.380172583909313,0.0,0.0,0.0,0.015379840217411192,5.887259255887551,-0.16094124514553637,-14.719089151320558,1.0,0.02805611222444901,0.7525127014766805,0.0,166.24002622908947,0.0,0.02787549792892459,0.02688529331392474,0.46987207143310505,0.0,-0.7124564462875196,Biotechnology,Healthcare,ACER
2013Q4,2013,Q4,2014-02-27,2013-12-31,-3755054.0,348837.0,-3761908.0,-9.98,348837.0,1.0,26239808.0,20577274.0,24767118.0,3324493.0,5662534.0,673044.0,-126267945.0,57087487.007472,33442945.007472,54.668489191048906,7.449893261919938,0.0,0.0,-0.18265188456186554,54.668489191048906,-0.18248549346235074,163.65089427862296,-3.8007101234411014,2.7742978495340056,0.0,0.0,0.0,0.013294190262367774,7.112224931741472,-0.14310523918467696,-15.455500333942304,1.0,0.766495086569958,0.8950291480640201,0.0,0.5353812515870862,0.0,0.34397298919693664,-0.3138690618179685,0.6185343775024804,0.0,-0.015276164640649778,Biotechnology,Healthcare,ACER
2013Q3,2013,Q3,2013-11-07,2013-09-30,-5723932.0,348837.0,-2863229.0,-42.74,348837.0,1.0,22788189.0,16735346.0,21476631.0,3365965.0,6052843.0,803371.0,-122509464.0,36660417.5,16487932.5,83.31058000089607,6.380527129664153,0.0,0.0,-0.256595335484302,83.31058000089607,-0.3420265108352107,105.09325988928927,-1.6011902962858398,2.190598120887372,0.0,0.0,0.0,0.015307798263389865,5.993076279759296,-0.25117976685203025,-11.838696369636963,1.0,-0.4213501829065514,0.823430821718751,0.0,-0.01039180167638574,0.0,-0.9102505314657776,-0.055103077131705244,-0.3872218568245571,0.0,0.0885113967646384,Biotechnology,Healthcare,ACER
2013Q2,2013,Q2,2013-08-14,2013-06-30,-2996430.0,348837.0,-2713696.0,-30.07,348837.0,1.0,8660202.0,1341611.0,6722290.0,3760934.0,7318591.0,946713.0,-116785532.0,15266580.0,10760242.0,12.3030528120902,1.7873990875670778,0.06026903298560472,0.3890412347543364,-1.5935967915545626,12.3030528120902,-2.2334566427973535,43.76422225853336,-1.2737307395801003,11.379289525801443,0.0,0.0,0.0,0.040280469208454954,1.3369764000112738,-0.3460000124708407,-5.80418740281416,1.0,0.48545516769336067,0.7360858462234723,0.0,-0.8668452487767068,0.5849023171285779,0.2827186328989568,-0.05100053756527855,0.18526912131386522,0.0,-0.8876015279671322,Biotechnology,Healthcare,ACER
2013Q1,2013,Q1,2013-05-14,2013-03-31,-4177482.0,220100.0,-2582012.0,-58.44,220100.0,1.0,10952661.0,4034357.0,9000766.0,3157125.0,6918304.0,491377.0,-113789102.0,18191983.86016,10734274.86016,40.8418404535331,2.8509374826780696,0.0343868033530847,0.09335490141303807,-0.8089210429226702,40.8418404535331,-1.0354765331873208,82.65326606160836,-1.0886931326191231,4.509264762677176,0.0,0.0,0.0,0.02009557312145423,2.481477926911351,-0.3814125170129889,5.991882316375752,1.0,-0.4187909686817189,0.6134290420968721,0.0,-0.800800947211343,0.0,-0.02673428518340466,-0.022195635933770583,-0.5743815453918849,0.0,-0.6463076634536321,Biotechnology,Healthcare,ACER
2012Q4,2012,Q4,2013-03-29,2012-12-31,-4068708.0,0.0,-2525947.0,-41.19,0.0,0.0,4146070.0,2883332.0,1669550.0,885975.0,1262738.0,604179.0,-109611620.0,9384100.0,9168859.0,29.18943105891881,1.8844211179773696,0.09087232005248344,0.13066930898002727,-1.5496155786871242,29.18943105891881,-1.41111325369399,0.0,-0.5766019581646065,3.2546026610879357,0.0,0.0,0.0,0.0,0.6681949264934112,-0.9813408842590694,-5.672296590734622,0.0,0.3131565782891446,0.5985559152200992,0.0,-0.6120771763601437,0.0,-0.7256499007754318,-0.2203078757404854,0.05487456507144751,0.0,-0.7904102383903204,Biotechnology,Healthcare,ACER
2012Q3,2012,Q3,2012-11-14,2012-09-30,-2357783.0,0.0,-2069926.0,-59.97,0.0,0.0,5998912.0,2339285.0,3425855.0,3352295.0,3659627.0,0.0,-107577266.0,17821893.752672,15891607.752672002,29.75205402792969,1.0219431762419477,0.051231289940575894,0.13137860500110077,-1.564205172112172,29.75205402792969,-1.0079075443992502,0.0,-1.889687659198493,7.618521793057281,0.0,0.0,0.0,0.0,0.6674883922805123,-0.39303510369880407,-7.8146081481092375,0.0,-0.08917544496912452,0.9127270071842053,0.0,-0.9754432808786526,0.0,-0.08919770295796595,0.043591603635405936,-1.5691762314469473,0.0,-0.6440015691318166,Biotechnology,Healthcare,ACER
2012Q2,2012,Q2,2012-08-13,2012-06-30,-2164697.0,0.0,-2164270.0,-55.06,0.0,0.0,3936583.0,3028117.0,2523588.0,908466.0,908466.0,0.0,-105219483.0,8386773.123664,6816625.123664,38.51292193422023,2.7778562984195334,0.0,0.0,-1.4294493904958099,38.51292193422023,-0.7148657069723527,0.0,-0.9685851095631397,2.769633116442991,0.0,0.0,0.0,0.0,1.728350868386929,-0.5498923812860036,-2.698613660710057,0.0,-0.82317880794702,0.8718056711021451,0.0,-0.9715553149176901,0.0,0.08829911344157348,0.0882093722405344,-0.33191239214881385,0.0,6.934577811928783,Biotechnology,Healthcare,ACER
2012Q1,2012,Q1,2012-05-11,2012-03-31,-2374350.0,0.0,-2373648.0,-30.2,0.0,0.0,7074386.0,5026785.0,5683712.0,2047601.0,2047601.0,0.0,-103054786.0,19656500.0,14978544.0,63.9328593594994,2.775790791272323,0.0,0.0,-0.4722698400874559,63.9328593594994,-0.47233967635377283,0.0,-2.0696716996230546,3.9103522430340663,0.0,0.0,0.0,0.0,2.284603299177916,-0.33562630028952334,-8.084905803947667,0.0,0.3675392670157068,0.9212864448524127,0.0,-0.9584431289592,0.0,0.36751768371915106,-0.2649221936172174,0.22937310222260665,0.0,230.14897184759573,Biotechnology,Healthcare,ACER
2011Q4,2011,Q4,2012-02-27,2011-12-31,-3754018.0,0.0,-1876517.0,-47.75,0.0,0.0,8263224.0,7195364.0,7233988.0,1067860.0,1067860.0,0.0,-100680787.0,24374060.0,17264845.0,91.51379950652456,6.774285018635402,0.0,0.0,-0.5215905685938891,91.51379950652456,-0.5217273233154014,0.0,-1.6231981306429537,3.387467263643646,0.0,0.0,0.0,0.0,6.657441050324949,-0.4543042763938143,-15.924086706157746,0.0,-0.44696969696969696,0.7606736548084391,0.0,-0.9349675024063713,0.0,-1.893765253091473,-0.446961793306484,0.4976186920115735,0.0,1.570193069224664,Biotechnology,Healthcare,ACER
2011Q3,2011,Q3,2011-11-04,2011-09-30,-1297278.0,0.0,-1296867.0,-33.0,0.0,0.0,9698720.0,8968270.0,8745501.0,730450.0,730450.0,0.0,-98803778.0,29091620.0,20451764.0,114.06239666268155,11.97275788897255,0.0,0.0,-0.28921230070013504,114.06239666268155,-0.14465197858672854,0.0,-5.606280997596506,3.2438385552620517,0.0,0.0,0.0,0.0,11.828127866383737,-0.1337576504940858,-23.521323653663146,0.0,0.12721502248082522,0.7169395058125723,0.0,-0.9228090143466039,0.0,0.12722553525872185,0.12714383210367122,0.8977597650088969,0.0,0.35489493479238343,Biotechnology,Healthcare,ACER
2011Q2,2011,Q2,2011-08-11,2011-06-30,-1486384.0,0.0,-1485774.0,-37.81,0.0,0.0,10926435.0,10171610.0,9996294.0,754825.0,754825.0,0.0,-97506500.0,41671780.0,31795105.0,129.3670032813573,13.243194117841885,0.0,0.0,-0.29214136208525493,129.3670032813573,-0.14613065188303523,0.0,-7.008918960376323,4.0968715867006305,0.0,0.0,0.0,0.0,13.084721624217535,-0.1360355870876457,-27.17712966465363,0.0,-0.0333424432905165,0.9540495215221344,0.0,-0.9222462844624865,0.0,-0.13657297842063287,-0.13690981311593575,0.8184329207102417,0.0,0.40012657033417576,Biotechnology,Healthcare,ACER
2011Q1,2011,Q1,2011-05-06,2011-03-31,-1307777.0,0.0,-1306853.0,-36.59,0.0,0.0,12522117.0,11461591.0,11541759.0,1060526.0,1060526.0,0.0,-96020116.0,39794431.453569,28384416.453569002,160.33112314127044,10.883051429196456,0.0014350608607154845,0.0015678451621594246,-0.2276834453861084,160.33112314127044,-0.1141008259673548,0.0,-7.607266271996106,3.471981459953422,0.0,0.0,0.0,0.0,10.77577070246274,-0.10443737269025677,-40.39756713083233,0.0,-0.39923518164435967,0.9420618035191217,0.0,-0.956138058454943,0.0,0.3004856783718007,-0.39981169504451625,0.8327792060283655,0.0,-0.21801252079667838,Biotechnology,Healthcare,ACER
2010Q4,2010,Q4,2011-03-08,2010-12-31,-1869550.0,0.0,-933592.0,-26.15,0.0,0.0,4714018.0,3968713.0,3898060.0,745305.0,745305.0,0.0,-94712339.0,35028630.0,31251702.0,55.51656944619302,5.2301540979867305,0.00755342894320726,0.008971926163469115,-0.46629240420346024,55.51656944619302,-0.4710721082628046,0.0,-4.684099114760237,8.826193781208165,0.0,0.0,0.0,0.0,5.11540241914384,-0.3965937338380974,-38.765809056259656,0.0,0.36343719571567673,0.9711426193376193,0.0,-0.9856797979563523,0.0,-0.44834852399453057,0.276075389298913,0.74511306520605,0.0,-0.26219375996419036,Biotechnology,Healthcare,ACER
2010Q3,2010,Q3,2010-11-09,2010-09-30,-1290815.0,0.0,-1289626.0,-41.08,0.0,0.0,5593024.0,4809691.0,4779136.0,783333.0,783333.0,0.0,-93777564.0,32049420.0,27368896.0,76.5362496419592,6.101027277032884,0.009461965476994199,0.011002993747415375,-0.5304252117997488,76.5362496419592,-0.26837794777252844,0.0,-6.207206299895802,6.66350915266698,0.0,0.0,0.0,0.0,6.067294496721062,-0.23079017719215938,-28.090044024600488,0.0,0.39095626389918464,0.9848189043816422,0.0,-0.9816433736859524,0.0,0.2911434599573197,0.0976941849465736,0.9402199568166081,0.0,-0.9368285906144646,Biotechnology,Healthcare,ACER
2010Q2,2010,Q2,2010-08-06,2010-06-30,-1820982.0,0.0,-1429256.0,-67.45,0.0,0.0,6820196.0,5909924.0,5968661.0,910272.0,910272.0,0.0,-92486749.0,25916160.0,20111456.0,109.45925322269966,6.557008234901216,0.01025043855044635,0.01182925533390954,-0.4780253097326782,109.45925322269966,-0.3081227440488236,0.0,-3.5579923360033217,4.38519344749611,0.0,0.0,0.0,0.0,6.453690764958166,-0.26699848508752533,-20.95667826247277,0.0,-0.2555845122859271,0.9917725925846854,0.0,-0.9862122382510204,0.0,-0.28013244334777976,-0.08473783873012018,0.8429586146746726,0.0,-0.9191561213511038,Biotechnology,Healthcare,ACER
2010Q1,2010,Q1,2010-05-13,2010-03-31,-1422495.0,0.0,-1317605.0,-53.72,0.0,0.0,8191417.0,6114977.0,7291153.0,901158.0,2076440.0,0.0,-90665767.0,36892681.076772004,30925642.076772004,115.47278873026664,8.090870857274751,0.13733850932018232,0.18397403620651395,-0.3639805888805678,115.47278873026664,-0.23262475067363295,0.0,-6.483798023327323,6.033167594378851,0.0,0.0,0.0,0.0,7.869914043930144,-0.17365676780952552,-32.643768206954775,0.0,-0.23267553923818268,0.9875020552596023,0.0,-0.9826361725705979,0.0,0.3836356309686812,-0.25161604714630537,0.9299825085614193,0.0,-0.9249417617472443,Biotechnology,Healthcare,ACER
2009Q4,2009,Q4,2010-03-05,2009-12-31,-2307880.0,0.0,-1052723.0,-43.58,0.0,0.0,9318798.0,7375148.0,8368888.0,833974.0,1943650.0,0.0,-89243272.0,33538798.923228,26447399.923228,139.2693556915175,10.034950729878869,0.11698751276720452,0.14781845733807647,-0.2487139605055018,139.2693556915175,-0.3129266016085372,0.0,-3.633074393299045,4.547542493144273,0.0,0.0,0.0,0.0,9.810356198154858,-0.2476585499546186,-47.14398818578826,0.0,-1.5597944765574823,0.9725625613591378,0.0,-0.9790641655252241,0.0,-2.03935992275551,0.12979975995000612,0.7815468104219053,0.0,-0.9010309473793718,Biotechnology,Healthcare,ACER
2009Q3,2009,Q3,2009-11-04,2009-09-30,2220482.0,0.0,-1209748.0,77.85,0.0,0.0,5601725.0,3522291.0,4600104.0,1086646.0,2079434.0,0.0,-88089332.0,48467900.0,45574531.0,83.57355383666302,4.233305050586852,0.1890230241577371,0.3006154233139738,-0.5281420849717516,83.57355383666302,0.6304084472293743,0.0,5.456912057832488,13.760333828181716,0.0,0.0,0.0,0.0,4.0972165728305265,0.39639253979800865,21.355279657454755,0.0,2.883164005805515,1.1057902520238847,0.0,-0.6281460279170767,0.0,3.5714964018445903,-0.35761691965498127,1.9038644045967958,0.0,-0.9434421405830425,Biotechnology,Healthcare,ACER
2009Q2,2009,Q2,2009-08-13,2009-06-30,-863498.0,0.0,-891082.0,-41.34,0.0,0.0,2109433.0,202763.0,1053986.0,856189.0,1906670.0,0.0,-90309814.0,6823086.443872,7111394.443872,4.853808589074544,1.2310202537056654,0.5287259656978913,5.500569630553898,-1.3520960491626046,4.853808589074544,-4.258656658266054,0.0,-1.9754204537451157,33.65054987286635,0.0,0.0,0.0,0.0,0.9659129000722971,-0.40935075918505115,-9.18893361489927,0.0,0.4725022329973204,0.9684640638843323,0.0,1.0707557243180583,0.0,0.4725019227609075,0.25211608171747363,0.9497564321100513,0.0,-0.9970827054601579,Biotechnology,Healthcare,ACER
2009Q1,2009,Q1,2009-05-15,2009-03-31,-1636969.0,0.0,-1191471.0,-78.37,0.0,0.0,1654787.0,-11655.0,545635.0,1580017.0,1666442.0,0.0,-89446319.0,5709113.556128,5391595.556128,-0.2790012926700819,0.34533489196635225,0.05222726550305266,-7.415272415272415,-31.87029557309081,-0.2790012926700819,140.45208065208064,0.0,-0.8719031264684914,-489.84243295821534,0.0,0.0,0.0,0.0,0.25565737583836123,-0.9892324510646989,-6.927812820661921,0.0,0.17539983164983167,0.7317411085965196,0.0,0.9993324717325126,0.0,0.5876768715844792,0.40066730516560395,0.875894010445891,0.0,-1.0000763266554262,Biotechnology,Healthcare,ACER
2008Q4,2008,Q4,2009-04-15,2008-12-31,-3970112.0,0.0,-1987996.0,-95.04,0.0,0.0,2496422.0,1487397.0,1329892.0,906247.0,1009025.0,0.0,-89564972.0,2645686.610968,1567700.6109679998,35.60580744003447,1.467471892320747,0.06617510981717033,0.11106718650098124,-2.4059039161368947,35.60580744003447,-2.669167680182224,0.0,-0.1666002502554084,1.7787360139680262,0.0,0.0,0.0,0.0,1.3717970928455487,-1.5903208672251727,-0.9492822350056815,0.0,0.4110794398314537,-1.2122388216182445,0.0,1.0146319712174097,0.0,0.36575019889640453,0.36866929319399994,0.8951318535098046,0.0,-0.9908156724820202,Biotechnology,Healthcare,ACER
2008Q3,2008,Q3,2008-10-23,2008-09-30,-6259540.0,0.0,-3148898.0,-161.38,0.0,0.0,5450227.0,3265384.0,4224322.0,2068712.0,2184843.0,0.0,-87579916.0,2197986.718384,-1666052.281616,84.18541817056821,2.042005847116467,0.03303403693093884,0.055136853736038396,-1.8278709721610704,84.18541817056821,-1.9169384060190164,0.0,-0.087785472989389,0.6731173786556192,0.0,0.0,0.0,0.0,1.9548791711944438,-1.148491613285098,-0.9485430490897729,0.0,0.2250288129081829,-1.4365569511870306,-1.0,1.0179609738976343,0.0,-0.7218790436872266,0.1463349636360531,0.8807291971490939,0.0,-0.9798087798960856,Biotechnology,Healthcare,ACER
2008Q2,2008,Q2,2008-08-14,2008-06-30,-3635296.0,0.0,-3688681.0,-208.24,0.0,0.0,5142045.0,3226029.0,3857314.0,1784169.0,1916016.0,0.0,-84450146.0,12685783.70576,9386566.70576,92.39664900472576,2.161966719520404,0.03783786411826423,0.06031067916624432,-2.1567494291194538,92.39664900472576,-1.1268640176514222,0.0,-0.8724037675171431,3.9323216579144207,0.0,0.0,0.0,0.0,1.9582119182655904,-0.706974754207713,-4.501748673427094,0.0,0.048263254113345526,0.9294231763328293,-1.0,1.004018877497823,0.0,-0.17190871783960826,-0.17409229946558105,0.9746011239758513,0.0,-0.9883614866228865,Biotechnology,Healthcare,ACER
2008Q1,2008,Q1,2008-05-13,2008-03-31,-3102030.0,0.0,-3141730.0,-218.8,0.0,0.0,7823681.0,5813634.0,6502371.0,1862773.0,2010047.0,0.0,-80814850.0,14082983.03088,7965798.03088,205.03029448069123,3.4906942499166567,0.026688843780823885,0.03591643367986357,-1.0433414103488636,205.03029448069123,-0.5335784812046992,0.0,-1.1349812083442135,2.422406197376718,0.0,0.0,0.0,0.0,3.3960069208647536,-0.3964923927752167,-5.259008450302814,0.0,-1.132553606237817,0.950455199505939,-1.0,1.0067456677815836,0.0,-0.06623738022990908,-1.095949639515048,0.9490998142712509,0.0,-0.9691692675797561,Biotechnology,Healthcare,ACER
2007Q4,2007,Q4,2008-03-18,2007-12-31,-2909324.0,0.0,-1498953.0,-102.6,0.0,0.0,4371395.0,2133585.0,3000748.0,2075354.0,2237810.0,0.0,-77712820.0,22967550.0,20544884.0,75.24545935461119,1.4458969409556153,0.05097137183896674,0.1044326802072568,-1.2722393175015627,75.24545935461119,-1.3635847646098,0.0,-1.973615692167665,10.76476915613861,0.0,0.0,0.0,0.0,1.2747136151230103,-0.6655367451351342,-7.211003211860336,0.0,0.7013969732246799,0.956143181388005,0.0,1.0025689512513398,0.0,0.6293515763607423,0.7339754681841366,0.9354036536794706,0.0,-0.9886886352406485,Biotechnology,Healthcare,ACER
2007Q3,2007,Q3,2007-11-02,2007-09-30,-7849282.0,0.0,-5634642.0,-343.6,0.0,0.0,29931560.0,27676984.0,6230016.0,2077237.0,2254576.0,0.0,-51534954.0,30458667.595656,24850931.595656,1211.5646997023289,2.99918401222393,0.00790346376867761,0.008547282464014143,-0.40372096029214777,1211.5646997023289,-0.28360322786615766,0.0,-0.9701099920876839,1.1005053005651193,0.0,0.0,0.0,0.0,2.813496485957067,-0.2622409924507777,-9.94485282236103,0.0,0.20005587502619132,0.8056862062927562,-1.0,1.0430846561259277,0.0,-0.5999103968222261,-0.11701910015867238,0.31005807148302467,0.0,4.3907620932367655,Biotechnology,Healthcare,ACER
2007Q2,2007,Q2,2007-08-14,2007-06-30,-4906076.0,0.0,-5044356.0,-429.53,0.0,0.0,34906636.0,30929827.0,9636977.0,3785129.0,3976809.0,0.0,-47610313.0,38377920.0,31207427.0,1353.9584573629836,2.5460101888205133,0.05006520823146636,0.05650235289062561,-0.30873634971655517,1353.9584573629836,-0.15861957456147427,0.0,-1.9556321589800076,1.240806164224585,0.0,0.0,0.0,0.0,2.3560890527112814,-0.1405485191984699,-11.878123476659523,0.0,-0.11961734959858197,0.9118620186007177,-1.0,1.0497113767734365,0.0,0.4401997449559424,-0.15115696346042024,0.6723481883201002,0.0,20.737142408729493,Biotechnology,Healthcare,ACER
2007Q1,2007,Q1,2007-05-14,2007-03-31,-8763976.0,0.0,-4381988.0,-383.64,0.0,0.0,38527568.0,35144182.0,12842876.0,3253352.0,3383386.0,0.0,-42704237.0,31600867.595656,21199399.595656,1538.4425669760112,3.9475826778043075,0.04306970530815753,0.04721609397538403,-0.23812853068832784,1538.4425669760112,-0.24937202977152803,0.0,-0.9014420964769873,0.8991777812798716,0.0,0.0,0.0,0.0,3.7072038316173597,-0.2274728578767287,-3889.8162968557363,0.0,-0.9230075187969924,0.8453107040422991,-1.0,1.0591297655626029,0.0,-0.9230446505684012,-0.2685093006418698,-1.626326773017104,0.0,4.680821302060024,Biotechnology,Healthcare,ACER
