Quarters,Year,Quarter,FillingDate,Date,NetIncome,Revenue,OperatingIncome,EPSDiluted,GrossProfit,GrossProfitRatio,TotalAssets,CommonStockEquity,CurrentAssets,CurrentLiability,TotalLiability,Inventory,RetainedEarnings,MarketCap,EnterpriseValue,bookValuePerShare,currentRatio,debtToAssets,debtToEquity,roic,shareholdersEquityPerShare,roe,priceToSalesRatio,peRatio,pbRatio,payoutRatio,inventoryTurnover,dividendYield,assetTurnover,quickRatio,returnOnAssets,priceToFreeCashFlowsRatio,grossProfitMargin,epsdilutedGrowth,fiveYNetIncomeGrowthPerShare,fiveYRevenueGrowthPerShare,fiveYShareholdersEquityGrowthPerShare,grossProfitGrowth,netIncomeGrowth,operatingIncomeGrowth,threeYNetIncomeGrowthPerShare,threeYRevenueGrowthPerShare,threeYShareholdersEquityGrowthPerShare,Industry,Sector,Symbol
2023Q2,2023,Q2,2023-05-11,2023-04-01,-30652000.0,304173000.0,-57226000.0,-0.24,131618000.0,0.4327077025,1059253000.0,612914000.0,736839000.0,352157000.0,446339000.0,326289000.0,42022000.0,2510435407.5,2235168407.5,4.790154187625718,2.092359373802026,0.02884579982308287,0.049852018390834606,-0.046386734145245474,4.790154187625718,-0.050010278766678525,8.253314421398349,-20.475298573502545,4.095901557967349,0.0,0.5288409967850587,0.0,0.2871580255142067,1.0764403376902916,-0.028937373790775198,-20.632132939117,0.43270770252455015,-1.4210526315789473,0.3261920648520012,0.16712706013830148,11.156373812861348,-0.5382748011801148,-1.4076714369314252,-1.6630747126436782,0.498564780049813,0.4868365510511368,0.7497897645641342,Consumer Electronics,Technology,SONO
2023Q1,2023,Q1,2023-02-09,2022-12-31,75188000.0,672579000.0,86304000.0,0.57,285057000.0,0.4238267921,1206875000.0,633354000.0,882057000.0,477639000.0,573521000.0,306056000.0,72674000.0,2149886940.5,1751498940.5,4.978718833238105,1.8467022165275448,0.027463490419471777,0.05233250283411804,0.08434613720675682,4.978718833238105,0.1187140209108966,3.196482406527709,7.148371217814012,3.394447560921696,0.0,1.2661800454818726,0.0,0.5572896944588296,1.1331486750453794,0.06229974106680476,12.82771732489245,0.4238267920943116,2.1399999999999997,0.18568763454357676,0.03353743268521476,0.0,1.2970128687580078,2.1735839043501333,2.4368673415023974,-0.08986628419471966,0.0251310809800351,0.4773621518970177,Consumer Electronics,Technology,SONO
2022Q4,2022,Q4,2022-11-23,2022-10-01,-64067000.0,316290000.0,-60064000.0,-0.5,124099000.0,0.3923582788,1188388000.0,560513000.0,867391000.0,535639000.0,627875000.0,454288000.0,-2514000.0,1766754760.1000001,1528027760.1000001,4.409854087252616,1.6193574403656195,0.030400845515101128,0.06445524011039887,-0.09158445867365163,4.409854087252616,-0.11430064958350654,5.585869803345032,-6.894168449045531,3.15203172825608,0.0,0.4230598210826612,0.0,0.2661504491798975,0.7020791988634136,-0.053910843933126215,-14.112925144783405,0.39235827879477697,-105.38297872340425,-2.100125693671791,0.06550583184620462,14971.655086501938,-0.2942825622128202,-106.31490787269682,-9.629885057471265,-0.7969066233353814,-0.10734287307959228,0.656431552851264,Consumer Electronics,Technology,SONO
2022Q3,2022,Q3,2022-08-11,2022-07-02,-597000.0,371783000.0,6960000.0,-0.0047,175848000.0,0.4729855857,1243230000.0,642736000.0,923464000.0,505220000.0,600494000.0,335730000.0,61553000.0,2291688448.0,1888334448.0,5.025914028607086,1.827845295118958,0.029256050770975605,0.056589330611635257,0.0022108437086704215,5.025914028607086,-0.0009288417017251251,6.1640485121697335,-959.668529313233,3.5655205994374053,0.0,0.5836088523515921,0.0,0.29904603331644186,1.1175527492973358,-0.0004802007673560001,-143.2484340542568,0.4729855856776668,-1.0766721044045677,0.970565233913626,0.19468546420473337,0.0,-0.01779550253024565,-1.0696941396217605,-0.1171993911719939,0.9648363516903844,0.1793539982396107,0.8387659642463998,Consumer Electronics,Technology,SONO
2022Q2,2022,Q2,2022-05-12,2022-04-02,8566000.0,399781000.0,7884000.0,0.0613,179034000.0,0.447830187,1226231000.0,671684000.0,1010712000.0,463736000.0,554547000.0,264405000.0,62150000.0,3546146637.12,2978667637.12,5.242934097925417,2.1794986802836096,0.032020883504005365,0.05845754849006378,0.011549923821274437,5.242934097925417,0.012753020765717212,8.870223039914352,103.49482363763717,5.27948653998011,0.0,0.8348820937576823,0.0,0.3260242156657269,1.5485793641209653,0.006985633212665476,-33.181871779919526,0.4478301870273975,-0.9295402298850575,1.1880679620766266,0.5320716326933419,12.30543115610423,-0.4359090694267215,-0.9306290036523838,-0.9398301139442413,1.2997817360154444,0.5193718837298796,0.8702524939500039,Consumer Electronics,Technology,SONO
2022Q1,2022,Q1,2022-02-10,2022-01-01,123481000.0,664481000.0,131029000.0,0.87,317385000.0,0.4776434541,1372743000.0,679607000.0,1160368000.0,599262000.0,693136000.0,205162000.0,53584000.0,3804352214.8,3049935214.8,5.3234525765550575,1.9363283505378281,0.04780792908796475,0.09656757508383522,0.1655702085496695,5.3234525765550575,0.181694714739548,5.72529871403396,7.702302813388294,5.597870850064817,0.0,1.6918142735984247,0.0,0.4840534608444552,1.556371003000357,0.08995201578154105,21.917122548234524,0.4776434540641493,13.450858043229644,0.9403780755946946,0.01748950362118805,0.0,0.9012831572137158,15.121797804208601,12.350398475398475,0.5708170375346874,0.050157536433025514,0.9038585174440019,Consumer Electronics,Technology,SONO
2021Q4,2021,Q4,2021-11-22,2021-09-30,-8744000.0,359540000.0,-11544000.0,-0.06987470236824976,166932000.0,0.4642932636146187,1138804000.0,569042000.0,957514000.0,476130000.0,569762000.0,185130000.0,-69897000.0,4049474708.44,3454057708.44,4.54730562500384,2.0110348014197803,0.03923765634823903,0.07852495949332387,-0.011069302992654276,4.54730562500384,-0.015366176837562077,11.262932381487456,-115.77866847095152,7.116301974968456,0.0,1.0403932371846811,0.0,0.31571719101794515,1.5560456177934598,-0.0076782308456942545,-951.9216521955807,0.4642932636146187,-1.5822891864020814,0.570239639607647,0.23023725873883105,15438.3404745304,-0.061446860188574225,-1.4905194659486143,-1.6900591786717676,-2.9968581222317736,0.03566344664658845,1.1471934429806376,Consumer Electronics,Technology,SONO
2021Q3,2021,Q3,2021-08-12,2021-07-03,17826000.0,378672000.0,16729000.0,0.12,177861000.0,0.46969672962352643,1084098000.0,587127000.0,911694000.0,400919000.0,496971000.0,146697000.0,-61153000.0,4494966981.68,3871296981.6800003,4.691825752214476,2.274010460965931,0.04357078419109711,0.08045107787582584,0.02341673571683361,4.691825752214476,0.030361403921127798,11.870344207335108,63.03947859418827,7.655868290301758,0.0,1.3688827992392483,0.0,0.3492968347879989,1.8488372963117239,0.01644316288748803,80.37778698710727,0.46969672962352643,0.0,1.8981886282184206,0.24352533516533362,0.0,0.07289957533056655,0.035131525463097384,0.34965711980637354,1.5193022818411066,0.4285869446044592,21.08629134191434,Consumer Electronics,Technology,SONO
2021Q2,2021,Q2,2021-05-13,2021-04-03,17221000.0,332949000.0,12395000.0,0.12,165776000.0,0.49790208109950773,1048286000.0,579268000.0,880153000.0,371071000.0,469018000.0,139581000.0,-78979000.0,4748468760.400001,4159620760.4000006,4.752749237440261,2.3719261273449015,0.04777226825503727,0.08645221210217033,0.02941928740839835,4.752749237440261,0.029728899231443822,14.261850194474231,68.93427734161779,8.197360738725425,0.0,1.197677334307678,0.0,0.3176127507187924,1.9096534086468628,0.01642776875776267,-100.7012927938245,0.49790208109950773,-0.8811881188118812,1.3974212478481842,0.3411909173906859,11.061448150952488,-0.44635217500208735,-0.8698258398089076,-0.9097784312583707,1.3974212478481842,0.3411909173906859,11.061448150952488,Consumer Electronics,Technology,SONO
2021Q1,2021,Q1,2021-02-11,2021-01-02,132292000.0,645584000.0,137384000.0,1.01,299425000.0,0.46380486505241764,1066860000.0,510209000.0,900918000.0,455764000.0,556651000.0,88194000.0,-96200000.0,2704130132.9700003,2104332132.9700003,4.41317093600554,1.9767204079304201,0.07314549237950621,0.1529490855708151,0.20039756419024363,4.41317093600554,0.2592898204461309,4.188657297841955,5.1101543044363975,5.300043968197347,0.0,3.924972220332449,0.0,0.6051253210355623,1.7365346977821856,0.12400127476894812,13.309036976917021,0.46380486505241764,5.342220858725762,1.295550711120512,0.09160927456074844,0.0,0.8536115788431062,6.185486937157134,7.90542555260258,1.295550711120512,0.09160927456074844,0.0,Consumer Electronics,Technology,SONO
2020Q4,2020,Q4,2020-11-23,2020-10-03,18411000.0,339837000.0,15427000.0,0.15925020942946516,161536000.0,0.47533376295106183,816051000.0,297839000.0,660377000.0,393015000.0,518212000.0,180830000.0,-228492000.0,1791963106.5,1471051106.5,2.5762274252491704,1.6802844675139625,0.10561594802285641,0.28937781821722475,0.0345823080227687,2.5762274252491704,0.06181527603839659,5.273007666910901,24.332778047091413,6.016549567047969,0.0,0.9860144887463363,0.0,0.4164408842094428,1.175616706741473,0.022561089931879257,23.670340221914007,0.47533376295106183,1.3062504027489716,1.979459304689113,0.25865044897119766,8745.993415075583,0.4713045695913144,1.323113373113373,1.2710580876410023,1.979459304689113,0.25865044897119766,8745.993415075583,Consumer Electronics,Technology,SONO
2020Q3,2020,Q3,2020-08-06,2020-06-27,-56980000.0,249310000.0,-56914000.0,-0.52,109791000.0,0.44037944727447753,644628000.0,261199000.0,487027000.0,257694000.0,383429000.0,88441000.0,-246902000.0,1642164330.0,1405915330.0,2.3858665837663153,1.8899431108213618,0.14407224011367797,0.3555641484079189,-0.1362889555603483,2.3858665837663153,-0.21814784895807413,6.586836990092656,-7.205003202878204,6.287023801775658,0.0,1.5775375674178265,0.0,0.38675018770515707,1.4725992844226097,-0.0883920648808305,37.59705870232153,0.44037944727447753,-0.08333333333333341,-2.281715418483356,-0.06417214970577514,0.0,0.5038009012587489,-0.08906727828746178,-0.06967128385362828,-2.281715418483356,-0.06417214970577514,0.0,Consumer Electronics,Technology,SONO
2020Q2,2020,Q2,2020-05-07,2020-03-28,-52320000.0,175098000.0,-53207000.0,-0.48,73009000.0,0.4169607876731887,639175000.0,299804000.0,464025000.0,213199000.0,339371000.0,112476000.0,-189922000.0,944019722.3799999,758763722.3799999,2.7375598398353453,2.1764876945951905,0.15331325536824814,0.32686021534068926,-0.11038059232406547,2.7375598398353453,-0.17451401582367146,5.3913792412249135,-4.510797603115443,3.148789617149871,0.0,0.9076514100785945,0.0,0.27394375562248213,1.516995858329542,-0.08185551687722455,-10.111824614708969,0.4169607876731887,-1.8000000000000003,-0.3437586917307791,-0.21502665554382083,5.9473339363654665,-0.6792505052280116,-1.7392440833627694,-1.7886958584091786,-0.3437586917307791,-0.21502665554382083,5.9473339363654665,Consumer Electronics,Technology,SONO
2020Q1,2020,Q1,2020-02-06,2019-12-28,70775000.0,562083000.0,67462000.0,0.6,227620000.0,0.40495798663186755,873929000.0,367279000.0,688607000.0,375120000.0,506650000.0,113117000.0,-137602000.0,1635860091.83,1329453091.83,3.370005673182533,1.8356979100021327,0.11672801795111502,0.27775070178256855,0.12237429629952284,3.370005673182533,0.1927009167417685,2.9103532606928155,5.77838252147651,4.453998436692542,0.0,2.956788104352131,0.0,0.6431678088265752,1.4510583280017062,0.08098483972954325,15.893555484814332,0.40495798663186755,3.138965804054054,0.30276201612252995,0.008200270054384763,0.0,0.8316421369426495,3.3910472972972974,3.7169552960128875,0.30276201612252995,0.008200270054384763,0.0,Consumer Electronics,Technology,SONO
2019Q4,2019,Q4,2019-11-26,2019-09-28,-29600000.0,294160000.0,-24830000.0,-0.28050939330717667,124271000.0,0.4224605656785423,761605000.0,280928000.0,679109000.0,402474000.0,480677000.0,219784000.0,-208377000.0,1425606448.6299999,1120138448.6299999,2.6622615825337337,1.6873363248309208,0.043556699338896145,0.11808363708850667,-0.0807310852278702,2.6622615825337337,-0.10536507574894635,4.8463640489189554,-12.040595005320945,5.074632819192106,0.0,0.7729816547155389,0.0,0.3862369601039909,1.0966770524307161,-0.038865291062952584,2501.063944964912,0.4224605656785423,-1.157764563901359,-0.725256979640601,0.19363392697273413,9038.10279946616,0.058796966856948116,-1.1129274038118353,-0.6498338870431893,-0.725256979640601,0.19363392697273413,9038.10279946616,Consumer Electronics,Technology,SONO
2019Q3,2019,Q3,2019-08-08,2019-06-29,-14009000.0,260119000.0,-15050000.0,-0.13,117370000.0,0.4512165585751137,643918000.0,288425000.0,566399000.0,275502000.0,355493000.0,121225000.0,-178777000.0,1196623029.42,898152029.4200001,2.7333081677237305,2.055879812124776,0.061841725188610974,0.13806362139204298,-0.048748426999237586,2.7333081677237305,-0.04857068562017856,4.600290749310893,-21.354540463630524,4.148818685689521,0.0,1.1775541348731697,0.0,0.40396292695653796,1.5594260658724801,-0.02175587574815427,30.046277040626727,0.4512165585751137,0.40909090909090906,0.16292058698798473,0.012999884672462663,0.0,0.29815402652273454,0.3862162635821942,0.343883512076031,0.16292058698798473,0.012999884672462663,0.0,Consumer Electronics,Technology,SONO
2019Q2,2019,Q2,2019-05-10,2019-03-30,-22824000.0,210173000.0,-22938000.0,-0.22,90413000.0,0.430183705804266,554340000.0,286869000.0,478799000.0,185793000.0,267471000.0,103725000.0,-164768000.0,1052991433.41,797516433.41,2.80332955838078,2.5770561861857013,0.0717988959844139,0.13874277109063718,-0.06956841875152803,2.80332955838078,-0.07956244836493312,5.010117538456415,-11.533817838788117,3.6706351449964965,0.0,1.154591467823572,0.0,0.37914096042140205,1.9344431706253733,-0.04117328715228921,-35.50207125455158,0.430183705804266,-1.4,0.37265036697586673,0.008358552043418063,6.1142432367529915,-0.5370297354177654,-1.3701169182869282,-1.334768458383806,0.37265036697586673,0.008358552043418063,6.1142432367529915,Consumer Electronics,Technology,SONO
2019Q1,2019,Q1,2019-02-07,2018-12-29,61667000.0,496371000.0,68519000.0,0.55,195289000.0,0.3934335406379502,635786000.0,280028000.0,552260000.0,271590000.0,355758000.0,109850000.0,-141944000.0,970435147.14,702844147.14,2.7961387507418265,2.0334327478920433,0.06257136835350259,0.14206436499207223,0.206046261018367,2.7961387507418265,0.22021726398788694,1.9550601206355729,3.934175276647153,3.4654932618880965,0.0,2.7408466090122894,0.0,0.7807202423456949,1.57968629183696,0.09699332794367917,11.195864546251643,0.3934335406379502,32.46019793604652,0.2352667619648519,-0.031107744960625617,0.0,0.6795297395851251,36.85290697674419,339.8905472636816,0.2352667619648519,-0.031107744960625617,0.0,Consumer Electronics,Technology,SONO
2018Q4,2018,Q4,2018-11-28,2018-09-29,-1720000.0,272939000.0,201000.0,-0.017482407488918567,116276000.0,0.42601460399576463,587498000.0,208358000.0,497600000.0,296357000.0,379140000.0,193193000.0,-203611000.0,1578089288.76,1396923288.76,2.117790383474474,1.6790560034013031,0.06768363466769249,0.19084460399888653,0.000778406045431156,2.117790383474474,-0.00825502260532353,5.781838757964234,-229.3734431337209,7.57393183251903,0.0,0.8109144741269093,0.0,0.46457860282077557,0.992532654872333,-0.0029276695410026927,318.2915064058088,0.42601460399576463,0.9362679313300649,0.8924754526557018,0.18787359225843112,7189.474861500228,0.21768999570631173,0.9362679709500519,1.0092909309420357,0.8924754526557018,0.18787359225843112,7189.474861500228,Consumer Electronics,Technology,SONO
2018Q3,2018,Q3,2018-09-11,2018-06-30,-26988000.0,208398000.0,-21634000.0,-0.274311,95489000.0,0.4582049731763261,401345000.0,20900000.0,304981000.0,201021000.0,380445000.0,113411000.0,-201891000.0,1958837764.29,1874091764.29,0.21243157937116167,1.5171598987170494,0.09888250756830158,1.8988516746411483,-0.36373719583419595,0.21243157937116167,-1.291291866028708,9.399503662655112,-18.145451351433973,93.72429494210526,0.0,0.9955736216063698,0.0,0.5192490251529233,0.8831266385104044,-0.06724389241176544,274.0399782162843,0.4582049731763261,0.22843834645469951,-0.7296065502235617,-0.12954171962586752,0.0,0.17393442421411096,0.1719440353460972,0.3583081212552649,-0.7296065502235617,-0.12954171962586752,0.0,Consumer Electronics,Technology,SONO
2018Q2,2018,Q2,2018-03-31,2018-03-31,-32592000.0,186720000.0,-33714000.0,-0.355527,81341000.0,0.4356308911739503,351743000.0,36123000.0,253370000.0,135603000.0,315620000.0,87809000.0,-174902000.0,1825196488.5,1747049488.5,0.3940446601401622,1.868468986674336,0.11274424793101781,1.09783240594635,-0.45325111107926663,0.3940446601401622,-0.9022506436342497,9.775045461118252,-14.00034125322165,50.52726762727348,0.0,1.2000933845050052,0.0,0.5308421205254973,1.136936498455049,-0.09265856036936058,-25.057612417627677,0.4356308911739503,-2.5214658027850767,0.0,0.0,0.0,-0.585420053924292,-1.713219686193842,-1.7285890259978822,0.0,0.0,0.0,Consumer Electronics,Technology,SONO
2018Q1,2018,Q1,2017-12-31,2017-12-31,45697000.0,468950000.0,46273000.0,0.233674,196201000.0,0.41838362298752535,,,,,,,,1825196488.5,,,0.0,0.0,0.0,0.0,,0.0,3.89209188292995,9.985318995229447,0.0,0.0,0.0,0.0,0.0,0.0,0.0,32.852682623251795,0.41838362298752535,2.4371985718819187,0.0,0.0,0.0,0.9068820402173173,4.065883931566589,3.9648875504581276,0.0,0.0,0.0,Consumer Electronics,Technology,SONO
2017Q4,2017,Q4,2017-09-30,2017-09-30,-14905000.0,214095000.0,-15607000.0,-0.16258991942499565,102891000.0,0.4805857212919498,400020000.0,27000.0,301469000.0,223266000.0,399993000.0,113856000.0,-188007000.0,1825196488.5,1734201488.5,0.0002945271938594353,1.3502682898426093,0.09899505024748763,1466.6666666666667,-0.38203168764530365,0.0002945271938594353,-552.0370370370371,8.525171015203531,-30.61382905904059,67599.86994444444,0.0,0.9767074198988196,0.0,0.5352107394630269,0.7970671754767855,-0.03726063696815159,328.03675206685836,0.4805857212919498,-0.025176512954189937,0.0,0.0,0.0,-0.040983148161956605,-0.025173670816424788,0.03260397942106242,0.0,0.0,0.0,Consumer Electronics,Technology,SONO
2017Q3,2017,Q3,2017-06-30,2017-06-30,-14539000.0,223078000.0,-16133000.0,-0.158597,107288000.0,0.48094388509848573,,,,,,,,1825196488.5,,,0.0,0.0,0.0,0.0,,0.0,8.18187579456513,-31.384491514203177,0.0,0.0,0.0,0.0,0.0,0.0,0.0,-77.82358284654416,0.48094388509848573,0.0,0.0,0.0,0.0,0.0,0.0,0.0,0.0,0.0,0.0,Consumer Electronics,Technology,SONO
