Quarters,Year,Quarter,FillingDate,Date,NetIncome,Revenue,OperatingIncome,EPSDiluted,GrossProfit,GrossProfitRatio,TotalAssets,CommonStockEquity,CurrentAssets,CurrentLiability,TotalLiability,Inventory,RetainedEarnings,MarketCap,EnterpriseValue,bookValuePerShare,currentRatio,debtToAssets,debtToEquity,roic,shareholdersEquityPerShare,roe,priceToSalesRatio,peRatio,pbRatio,payoutRatio,inventoryTurnover,dividendYield,assetTurnover,quickRatio,returnOnAssets,priceToFreeCashFlowsRatio,grossProfitMargin,epsdilutedGrowth,fiveYNetIncomeGrowthPerShare,fiveYRevenueGrowthPerShare,fiveYShareholdersEquityGrowthPerShare,grossProfitGrowth,netIncomeGrowth,operatingIncomeGrowth,threeYNetIncomeGrowthPerShare,threeYRevenueGrowthPerShare,threeYShareholdersEquityGrowthPerShare,Industry,Sector,Symbol
2023Q1,2023,Q1,2023-05-10,2023-03-31,7073000.0,242761000.0,30485000.0,0.23,86282000.0,0.3554195278,1541550000.0,632637000.0,373872000.0,823656000.0,867644000.0,101274000.0,821854000.0,406792790.0,956765790.0,20.512856262767095,0.45391765494332587,0.40707858973111477,0.9919306015930146,0.02178875848140153,20.512856262767095,0.011180187058297254,1.675692512388728,14.378368089919412,0.6430113793534049,0.0,1.5451053577423624,0.0,0.15747851188738607,0.3180891051604068,0.004588239109986702,106.35105620915033,0.3554195278483776,-0.847682119205298,-0.7245113941374601,1.2896290288055101,0.2966751952975585,-0.020980131849179063,-0.10024169952932196,0.024155076261506418,-0.7172959678474685,0.739881843314936,0.19608582865840896,Software—Application,Technology,EBIX
2022Q4,2022,Q4,2023-03-15,2022-12-31,7861000.0,255208000.0,29766000.0,1.51,88131000.0,0.3453300837,1537555000.0,617225000.0,384520000.0,831537000.0,878115000.0,82237000.0,814780000.0,613989560.0,1160613560.0,20.06517993563278,0.46242079426411575,0.4274715376035329,1.0648645145611406,0.016272705339721017,20.06517993563278,0.012736036291465835,2.4058397855866587,19.526445744816183,0.9947580865972702,0.2947462154942119,2.0316524192273553,0.0037736798000278697,0.1659830054859826,0.35176907341465263,0.005112662636458533,20.95956714685601,0.34533008369643586,1.5593220338983051,-0.6973550009544573,1.4941508375877608,0.28471691842355923,0.05370700271404488,-0.5692602739726027,-0.019597509963439938,-0.6400451052527221,0.7307151755266671,0.11229247417284714,Software—Application,Technology,EBIX
2022Q3,2022,Q3,2022-11-09,2022-09-30,18250000.0,257904000.0,30361000.0,0.59,83639000.0,0.3243028414,1504938000.0,617823000.0,336276000.0,805327000.0,844912000.0,10021000.0,809037000.0,583839690.0,1158548690.0,20.07417876986061,0.4175645421052566,0.4290449174650384,1.0450986771292101,0.02148187376110528,20.07417876986061,0.029539204594196074,2.2637868741857434,7.99780397260274,0.9449950714039458,0.12701369863013698,17.389981039816387,0.003970267934336564,0.1713718438899144,0.30825739109703265,0.012126745420741585,30.60116830022538,0.32430284136733045,-0.06349206349206354,-0.22879377749542984,1.8401801782118978,0.37016324270083006,0.026862776393168898,-0.05650622964379879,0.008436576211512272,-0.11812673341231526,0.7359639829777347,0.1462337325069752,Software—Application,Technology,EBIX
2022Q2,2022,Q2,2022-08-09,2022-06-30,19343000.0,250781000.0,30107000.0,0.63,81451000.0,0.324789358,1547444000.0,636463000.0,354647000.0,827703000.0,868054000.0,92557000.0,793106000.0,519590499.99999994,1102741500.0,20.70134981297772,0.4284713236511164,0.42047531283846135,1.0223092308586674,0.020512807735586072,20.70134981297772,0.030391397457511276,2.071889417459855,6.7154849299488175,0.8163718865040072,0.11983663340743421,1.8294672472098275,0.004461205507029093,0.16206143808758183,0.3110693086771463,0.012499967688653031,36.931587177482406,0.32478935804546594,0.050000000000000044,-0.15457405915317388,1.9393138620001968,0.48938400324127795,0.08010873889404588,0.052565707133917394,-9.963467286615742e-05,-0.33428733909278285,0.7259467898202551,0.17977416565500814,Software—Application,Technology,EBIX
2022Q1,2022,Q1,2022-05-10,2022-03-31,18377000.0,286253000.0,30110000.0,0.6,75410000.0,0.2634382871,1560019000.0,661841000.0,339569000.0,813470000.0,854760000.0,11899000.0,776081000.0,1018102800.0,1599922800.0,21.54991534253712,0.4174327264680935,0.4216378133856062,0.9938383992529928,0.020720924766784186,21.54991534253712,0.027766487721371146,3.556653729393229,13.85023126734505,1.5382891056915482,0.12613593078304403,17.719388183880998,0.0022767838375456783,0.18349327796648632,0.3022987940550973,0.0117799847309552,-159.02886597938144,0.2634382871096547,0.17647058823529405,-0.27981949602936834,2.747759400016235,0.6296171475919151,-0.06667326757181578,0.17200255102040815,-0.0713382475403263,-0.2895952044509517,0.9905735562748039,0.3054722655513079,Software—Application,Technology,EBIX
2021Q4,2021,Q4,2022-03-10,2021-12-31,15680000.0,266827000.0,32423000.0,0.51,80797000.0,0.3028066875,1573249000.0,655322000.0,366564000.0,205195000.0,873695000.0,82556000.0,759208000.0,931638400.0,1502541400.0,21.38360634340534,1.7864177977046225,0.4262058962058771,1.0232038600871023,0.019309174130598808,21.38360634340534,0.02392716862855207,3.491544708743868,14.853928571428568,1.4216498149001557,0.14802295918367347,2.253379524201754,0.002491309933124268,0.1696025231860945,1.3690148395428738,0.009966635923493356,35.34690594528968,0.3028066874791532,0.020000000000000018,-0.3294277855416407,2.5110451431202363,0.6168842742934602,0.1389965744251942,0.014821047181412207,0.15236707421097526,0.8720382111199168,0.9883602389004803,0.39218481224027524,Software—Application,Technology,EBIX
2021Q3,2021,Q3,2021-11-09,2021-09-30,15451000.0,191736000.0,28136000.0,0.5,70937000.0,0.3699722535,1549832000.0,646083000.0,355471000.0,180008000.0,858128000.0,0.0,746104000.0,825296780.0,1415364780.0,21.082131436402793,1.974751122172348,0.4372983652421682,1.0489968007206505,0.02009892628064051,21.082131436402793,0.02391488400097201,4.304339195560562,13.353452527344508,1.277385072815722,0.15021681444566695,0.0,0.0028123216474926754,0.12371405416845181,1.5112883871827918,0.009969467658430075,62.99975419847328,0.36997225351525015,-0.01960784313725492,-0.3208163172877466,1.7187600125226818,0.5940663820598325,0.04136878110365683,-0.017174479994911264,0.03194571795342013,-0.4570298368198339,0.5315950320166147,0.3383186782786721,Software—Application,Technology,EBIX
2021Q2,2021,Q2,2021-08-09,2021-06-30,15721000.0,246322000.0,27265000.0,0.51,68119000.0,0.276544523,1546224000.0,635754000.0,347004000.0,176703000.0,864421000.0,0.0,732974000.0,1036695900.0,1637521900.0,20.789182825937672,1.9637697152849698,0.4435935543621105,1.0788685560767215,0.019620382143604037,20.789182825937672,0.02472811810857659,4.208702024179733,16.48584536607086,1.6306557253277212,0.14763691877107055,0.0,0.0022388436184613055,0.15930550812818842,1.4974335466856816,0.010167349620753526,101.39826877934273,0.2765445230227101,-0.27142857142857135,-0.26913008807370736,2.6279292433728054,0.6500705579036523,-0.02261281297080135,-0.2718725394840443,-0.1257294940037196,-0.4456667445655342,1.033623722546716,0.3098350773290525,Software—Application,Technology,EBIX
2021Q1,2021,Q1,2021-05-17,2021-03-31,21591000.0,290053000.0,31186000.0,0.7,69695000.0,0.2402836723,1566283000.0,629688000.0,361224000.0,177895000.0,889774000.0,0.0,719574000.0,978772740.0,1593132740.0,20.606322403298645,2.0305461086596024,0.45581673299141984,1.1337964198142572,0.02178360536168296,20.606322403298645,0.034288409498037124,3.3744617018269074,11.333110323746006,1.5543773106681404,0.10749849474318003,0.0,0.0023713369867656917,0.18518556352843005,1.5902358132606313,0.013784865187197971,147.73928150943397,0.24028367229437378,0.0937499999999999,0.053603352214450464,3.41336690470503,0.6328136246446634,-0.023606052115438498,0.10740113863671334,0.12422494592645998,-0.1512568829658462,1.7610043525816648,0.3025834522694283,Software—Application,Technology,EBIX
2020Q4,2020,Q4,2021-04-27,2020-12-31,19497000.0,222116000.0,27740000.0,0.64,71380000.0,0.3213636118,1569853000.0,612979000.0,361898000.0,191390000.0,909749000.0,0.0,700304000.0,1159034250.0,1779144250.0,20.081212121212122,1.8908929411150008,0.4619190459234081,1.182985061478452,0.017905044063737607,20.081212121212122,0.03180696239186008,5.218148399935169,14.861699876904138,1.890822116255206,0.11909524542237267,0.0,0.002003392048164237,0.14148840687631262,1.499205810125921,0.012419634195048835,46.16378898315211,0.32136361180644346,-0.20000000000000004,-0.019066460073345885,2.4906684947776623,0.6536504099757241,0.04465161205344729,-0.210072117332469,-0.13038026270416,-0.24357081891421253,1.187525132808422,0.28574341408017223,Software—Application,Technology,EBIX
2020Q3,2020,Q3,2020-11-09,2020-09-30,24682000.0,154305000.0,31899000.0,0.8,68329000.0,0.4428177959,1550550000.0,582426000.0,346968000.0,198408000.0,919980000.0,0.0,683131000.0,628815000.0,1270837000.0,19.08029484029484,1.7487601306398937,0.47082970558833964,1.2534553745883596,0.02421015765424256,19.08029484029484,0.04237791582106568,4.0751433848546705,6.3691657888339686,1.0796478865984693,0.09391459363098614,0.0,0.0036862988319298997,0.09951630066750508,1.39613826055401,0.01591822256618619,55.65719596388741,0.44281779592365766,0.05263157894736847,0.37097843233074546,1.5954228110574928,0.6356595542353347,0.09820151400697535,0.05141640042598509,0.0015384615384615385,0.05161946507298802,0.7133197651020925,0.30232568663369674,Software—Application,Technology,EBIX
2020Q2,2020,Q2,2020-08-07,2020-06-30,23475000.0,111312000.0,31850000.0,0.76,62219000.0,0.5589603996,1515976000.0,540684000.0,327929000.0,197987000.0,926450000.0,0.0,660767000.0,682069440.0,1334017440.0,17.725019669551536,1.6563158187153701,0.4810518108466097,1.348778584163763,0.0231281440365676,17.725019669551536,0.043417227067936166,6.127546356188012,7.263785303514378,1.2614936635816854,0.09814696485623003,0.0,0.00337795518297961,0.07342596452714291,1.3366534166384663,0.015485073642326791,24.844987433067423,0.5589603995975276,-0.06172839506172845,0.4168098554083372,0.9762360984246947,0.45625667090774286,-0.22631467687984183,-0.05047931076325689,-0.07178037478506688,0.03412977754219009,0.31495540375365455,0.27524828049701583,Software—Application,Technology,EBIX
2020Q1,2020,Q1,2020-05-11,2020-03-31,24723000.0,137876000.0,34313000.0,0.81,80419000.0,0.5832704749,1503610000.0,522663000.0,319118000.0,187161000.0,931894000.0,0.0,639596000.0,462625680.0,1131762680.0,17.149986874917968,1.7050453887294896,0.48615731472921836,1.3985895309214542,0.025667938278998815,17.149986874917968,0.047301990001205364,3.3553749746148713,4.678090037616794,0.8851318727363521,0.09307122921975489,0.0,0.00497378355650296,0.09169665006218368,1.2490476114147713,0.016442428555276965,17.17754641318877,0.5832704749194929,0.14084507042253536,0.579807349049531,1.5339358185115048,0.4626236137359761,-0.1359485129791989,0.14193995381062355,0.0017516713864479023,-0.02362185856436034,0.8191162977823613,0.2968919946138513,Software—Application,Technology,EBIX
2019Q4,2019,Q4,2020-03-02,2019-12-31,21650000.0,146183000.0,34253000.0,0.71,93072000.0,0.6366814199,1591619000.0,550114000.0,363934000.0,234885000.0,992174000.0,0.0,618503000.0,1018837949.9999999,1708874950.0,18.039481882275783,1.5494135427975393,0.4795525813652639,1.3874669613934567,0.025118110931551304,18.039481882275783,0.039355479046161344,6.96960624696442,11.764872401847574,1.8520487571666961,0.10600461893764435,0.0,0.0022525662692482154,0.09184547306861755,1.1456627711433254,0.013602501603712949,-48.17200709219858,0.6366814198641428,0.44897959183673464,0.5698156937990374,1.8926630378414113,0.5270626904030724,0.010970867458886403,0.05563411185333268,0.3170684815626562,-0.06952961253078979,0.933074847350542,0.3640241081621285,Software—Application,Technology,EBIX
2019Q3,2019,Q3,2019-11-12,2019-09-30,20509000.0,147233000.0,26007000.0,0.49,92062000.0,0.6252810172,1605339000.0,534169000.0,380489000.0,253832000.0,1022023000.0,0.0,599148000.0,1284092100.0,1931544100.0,17.513163502835972,1.4989796400769013,0.48070469850916225,1.4446626442193389,0.019956325531498675,17.513163502835972,0.038394216062706744,8.721496539498618,15.652787800477839,2.4039060671809858,0.11209712809010679,0.0,0.0017903700209665648,0.09171458489453006,1.2069872986857448,0.012775494770886398,33.69170886574135,0.6252810171632718,-0.4787234042553191,0.4202042287543969,2.6150444726791653,0.5270891016406002,-0.013491068462618274,-0.2891407576860421,-0.3700159875975001,-0.09419470510403306,1.097645482515759,0.3242088575153811,Software—Application,Technology,EBIX
2019Q2,2019,Q2,2019-08-09,2019-06-30,28851000.0,144275000.0,41282000.0,0.94,93321000.0,0.6468272396,1622503000.0,535671000.0,370174000.0,272432000.0,1034950000.0,0.0,582913000.0,1541664000.0,2240466000.0,17.546875,1.3587757678980443,0.4936890717613465,1.4953432237324775,0.02943322321019141,17.546875,0.053859551851789624,10.685593484664702,13.358843714256006,2.8780053428317007,0.0797892620706388,0.0,0.0014931917720073895,0.0889212531502253,1.0848138251013097,0.017781785303324554,-383.11729622266404,0.6468272396465085,0.11904761904761903,1.6744298432860394,2.5279662198167947,0.5379174597372915,-0.03787824114645085,0.12217036172695449,-0.23736860578965843,0.34361274963564015,1.128629216970993,0.39272342078745137,Software—Application,Technology,EBIX
2019Q1,2019,Q1,2019-05-10,2019-03-31,25710000.0,142924000.0,54131000.0,0.84,96995000.0,0.678647393,1580992000.0,503871000.0,352547000.0,242154000.0,1011944000.0,0.0,556364000.0,1540851520.0,2228468520.0,16.50737124885336,1.4558793164680328,0.4836305307047727,1.5174836416463737,0.043954005077245076,16.50737124885336,0.05102496472311365,10.780915171699645,14.982998055231425,3.0580277888586562,0.08934266822248152,0.0,0.0014907341623675721,0.09040146945715095,1.120287090033615,0.016261941869408575,44.078482707326145,0.6786473930200666,2.1111111111111107,1.093454819342932,2.4903552792685564,0.48551531832832234,0.0315873437915448,2.0215066400282056,0.3034192150252829,0.2560008827919783,1.1771147300847575,0.3080189737243298,Software—Application,Technology,EBIX
2018Q4,2018,Q4,2019-03-01,2018-12-31,8509000.0,136327000.0,41530000.0,0.27,94025000.0,0.6897019666,1610947000.0,478195000.0,427380000.0,317428000.0,1066510000.0,0.0,535118000.0,1325020480.0,1912941480.0,15.359746892365015,1.3463840618975011,0.4566798286970335,1.538466525162329,0.008145751735726304,15.359746892365015,0.017793996173109297,9.71942813969353,38.929970619344225,2.770878992879474,0.2597249970619344,0.0,0.0016678987482518005,0.08462537873685479,1.1662266718751968,0.0052819863099158445,147.11007882757855,0.6897019665950253,-0.7065217391304348,-0.3130376170362816,2.299881958319417,0.42429616170764756,0.09739729225023343,-0.7090144312974489,0.058412763137774604,-0.5802554972392404,1.1006095770201945,0.264846543742879,Software—Application,Technology,EBIX
2018Q3,2018,Q3,2018-11-09,2018-09-30,29242000.0,128643000.0,39238000.0,0.92,85680000.0,0.6660292437,1428895000.0,496084000.0,348692000.0,222912000.0,887305000.0,0.0,577353000.0,2478420400.0,2995737400.0,15.752699098183665,1.5642585414872237,0.4565094006207594,1.3149063465058337,0.03231211260266661,15.752699098183665,0.05894566242813717,19.26587843878019,21.18887558990493,4.995969231017328,0.0810136105601532,0.0,0.0009558507507443047,0.0900297082710766,1.4193627978753949,0.020464764730788475,87.4345727792281,0.6660292437209954,0.0,1.6789783118193593,2.0798903141170793,0.49159370203421643,0.05690354891632847,0.0021247429746401644,0.0240897820696855,0.5743916485194956,1.0973441918132085,0.35040118617686417,Software—Application,Technology,EBIX
2018Q2,2018,Q2,2018-08-09,2018-06-30,29180000.0,124626000.0,38315000.0,0.92,81067000.0,0.6504822429,1357577000.0,499400000.0,328229000.0,194077000.0,809675000.0,0.0,550480000.0,2399206250.0,2895660250.0,15.871603368822502,1.6912308001463336,0.44922976744597176,1.2211934321185423,0.03208502952029767,15.871603368822502,0.058430116139367244,19.251249739219745,20.555228324194655,4.804177513015619,0.08115147361206305,0.0,0.0009869930940701742,0.09180031777203061,1.4873941785992157,0.021494176757561448,198.8567136344799,0.650482242870669,0.10843373493975914,1.548205284579033,1.889590847032646,0.5356194830166366,0.18106324392837891,0.1134004884004884,0.13036936511682795,0.7073411666544847,1.1450358465393649,0.3039832234180174,Software—Application,Technology,EBIX
2018Q1,2018,Q1,2018-05-10,2018-03-31,26208000.0,108230000.0,33896000.0,0.83,68639000.0,0.6341956944,1162444000.0,498032000.0,290867000.0,158675000.0,621517000.0,0.0,523668000.0,2345409000.0,2666765000.0,15.819579442220952,1.8330991019379235,0.3727095670845219,0.8699320525588717,0.03368906951802103,15.819579442220952,0.05262312461849841,21.67059964889587,22.373025412087912,4.709354017412536,0.09039224664224664,0.0,0.0010100583736141542,0.09310556035387511,1.5874586418780525,0.022545602196750985,96.36027115858668,0.6341956943546152,-0.011904761904761916,0.7839862103595306,1.4308021153101445,0.5609302383901444,0.03616985945684827,-0.013735746810672488,0.024636498292070978,0.6211846809495727,0.9255297986213793,0.3491608256216372,Software—Application,Technology,EBIX
2017Q4,2017,Q4,2018-03-01,2017-12-31,26573000.0,104681000.0,33081000.0,0.84,66243000.0,0.632808246,1113013000.0,491510000.0,252932000.0,146932000.0,579254000.0,0.0,510975000.0,2493997500.0,2839233500.0,15.618366698442962,1.7214221544660115,0.3675886984249061,0.8323960855323391,0.036186233874287835,15.618366698442962,0.05406400683607658,23.824738968867322,23.46364260715764,5.074154137250513,0.08915064162872088,0.0,0.0009498806634729986,0.09405191134335358,1.4384204938338823,0.023874833447587764,99.82378722382325,0.632808246004528,0.1052631578947368,0.6742780835190201,1.2885563723311695,0.6029143693935692,0.14482484489224548,0.09878432021171023,0.18523162910680377,0.8670813812093614,1.007246611483674,0.32211253215977725,Software—Application,Technology,EBIX
2017Q3,2017,Q3,2017-11-09,2017-09-30,24184000.0,92800000.0,27911000.0,0.76,57863000.0,0.6235237069,1025932000.0,460816000.0,240774000.0,148766000.0,524011000.0,0.0,486771000.0,2052308250.0,2298556250.0,14.650939497027311,1.6184746514660608,0.33431260551381575,0.744292732891219,0.03501460820624039,14.650939497027311,0.05248081663831117,22.115390625,21.21555832368508,4.453639305058852,0.0982467747270923,0.0,0.0011577208248322347,0.09045433810427982,1.4049984539478106,0.023572712421486026,122.64301721046971,0.6235237068965517,0.027027027027027053,0.5833108745333562,1.0406930741903273,0.5452988377874992,0.024940217872641928,0.03200477938038747,0.05169750178981876,0.6240016040921681,1.209573550852929,0.2775127709555862,Software—Application,Technology,EBIX
2017Q2,2017,Q2,2017-08-09,2017-06-30,23434000.0,87387000.0,26539000.0,0.74,56455000.0,0.6460343072,923329000.0,437688000.0,194120000.0,86444000.0,444890000.0,0.0,464963000.0,1697311000.0,1954883000.0,13.89926960939981,2.2456156586923326,0.3530929928552011,0.744870775529601,0.03519451054400294,13.89926960939981,0.05354042148745225,19.42292331811368,18.107354698301613,3.8779016102794683,0.1012204489203721,0.0,0.0013975046411647599,0.09464340446363105,1.9377053352459395,0.025379902504957603,136.6925183216558,0.6460343071623926,-0.10843373493975901,0.5202262676224939,1.1464988080077154,0.506055829628027,0.04709177238667557,-0.11325538275248799,0.03304787855196575,1.1059228506760397,1.071599787422324,0.21821859504281485,Software—Application,Technology,EBIX
2017Q1,2017,Q1,2017-05-10,2017-03-31,26427000.0,79103000.0,25690000.0,0.83,53916000.0,0.6815923543,815190000.0,420613000.0,217024000.0,69063000.0,381875000.0,0.0,448621000.0,1948178750.0,2137098750.0,13.22391297513126,3.1424062088238274,0.3791938075786013,0.7349154686136662,0.03409167929009347,13.22391297513126,0.06282972708879658,24.628380086722373,18.429813732167858,4.63176066835785,0.09187573315170092,0.0,0.0012462922100962245,0.0970362737521314,2.799704617523131,0.03241820925183086,156.07905383752603,0.6815923542722779,0.09210526315789468,0.9308038914452553,1.0683595434794981,0.43775914220805356,-0.06272164661706418,0.07300337001096269,-0.07125555836737645,1.0650383268180392,0.8538567125963449,0.19003353087867855,Software—Application,Technology,EBIX
2016Q4,2016,Q4,2017-03-01,2016-12-31,24629000.0,80046000.0,27661000.0,0.76,57524000.0,0.7186367838,803755000.0,426896000.0,209869000.0,89712000.0,365119000.0,0.0,457364000.0,1841516950.0,1999624950.0,13.225192849840454,2.339363741751382,0.3386927608537427,0.6376869307747086,0.03876343488620573,13.225192849840454,0.057693208650350436,23.00573357819254,18.692567197206543,4.313736718076534,0.09858297129400301,0.0,0.0013184782252479404,0.09959004920653682,2.0242442482611023,0.030642422131122046,70.32179898422882,0.7186367838492866,0.027027027027027053,0.6442225795804742,1.1023552983126435,0.5623897220229719,0.1023513404748673,0.02335147712635559,0.13864076071296258,0.9177946875547628,0.8687751969934403,0.22636079525727273,Software—Application,Technology,EBIX
2016Q3,2016,Q3,2016-11-09,2016-09-30,24067000.0,74608000.0,24293000.0,0.74,52183000.0,0.6994290157,761115000.0,428780000.0,185383000.0,71321000.0,320909000.0,0.0,440604000.0,1843133850.0,1998592850.0,13.225378612627617,2.5992765104246995,0.33538295789729544,0.5953286067447175,0.0343814272821233,13.225378612627617,0.05612901721162367,24.704238821574094,19.14586207254747,4.29855368720556,0.10346117089791,0.0,0.0013509599424914257,0.09802460863338655,2.317424040605151,0.03162071434671502,94.50029993847416,0.6994290156551576,0.0571428571428572,0.6764768159533694,1.0172580984868367,0.6176528373135672,0.0036157322819501876,0.0467553931802366,0.030937022576812086,1.1416964631951403,0.7350353405708904,0.25228643819445185,Software—Application,Technology,EBIX
2016Q2,2016,Q2,2016-08-10,2016-06-30,22992000.0,72574000.0,23564000.0,0.7,51995000.0,0.7164411497,707933000.0,411835000.0,145396000.0,58622000.0,295855000.0,0.0,419027000.0,521919489.59999996,687309489.5999999,12.598965981399902,2.480229265463478,0.34382349742136614,0.5910231039129749,0.038320589282927406,12.598965981399902,0.055828183617225344,7.191549171879736,5.675011847599165,1.2673024138307818,0.10825504523312457,0.0,0.004768934767903713,0.10251535102898156,2.309337791272901,0.03247764972108943,27.865429236518953,0.7164411497230413,0.04477611940298495,0.2324841178664443,1.0569459500642493,0.4757338360467423,0.01031789211876263,0.037591949095175776,-0.048419012235997254,0.9327036287388709,0.6197505796767813,0.21898318508301148,Software—Application,Technology,EBIX
2016Q1,2016,Q1,2016-05-10,2016-03-31,22159000.0,71066000.0,24763000.0,0.67,51464000.0,0.7241718965,697400000.0,417007000.0,139254000.0,44236000.0,280201000.0,0.0,398524000.0,449275758.1,607361758.1,12.620131344006294,3.1479790216113575,0.3256466876971609,0.544609562909016,0.03565357546754427,12.620131344006294,0.05313819672091835,6.321950835842738,5.0687729376325645,1.0773818139743458,0.10930096123471275,0.0,0.005390898476790083,0.10190134786349297,2.940387919341713,0.03177373100086034,47.98929268318736,0.724171896546872,0.030769230769230795,0.6871855117636737,1.0487350939038578,0.44099816805542913,-0.042708333333333334,0.010488394363628072,-0.041085811648079305,0.4371119964112513,0.5207109142639006,0.24523819986892553,Software—Application,Technology,EBIX
2015Q4,2015,Q4,2016-02-29,2015-12-31,21929000.0,70204000.0,25824000.0,0.65,53760000.0,0.7657683323,675989000.0,408971000.0,116830000.0,51266000.0,267018000.0,0.0,378787000.0,368100540.0,518027540.0,12.143565532395035,2.278898295166387,0.3063748078740926,0.5064075447892393,0.03890769724697627,12.143565532395035,0.053619938822068065,5.243298672440317,4.196503944548315,0.9000651390929919,0.11322905741255872,0.0,0.006745439710574725,0.10385376093397969,2.105235438692311,0.03243987698024672,20.166577548896072,0.7657683322887585,0.10169491525423738,0.5580492272123999,1.265956118529685,1.003256691917615,0.09705330177128398,0.08387702649268486,0.1755280407865987,0.2910893022588157,0.4341879183924557,0.24629521533061455,Software—Application,Technology,EBIX
2015Q3,2015,Q3,2015-11-09,2015-09-30,20232000.0,66813000.0,21968000.0,0.59,49004000.0,0.7334500771,648479000.0,400163000.0,93240000.0,49680000.0,248316000.0,0.0,359341000.0,285409280.0,439322280.0,11.665199393656716,1.8768115942028984,0.28854134058311837,0.4675919562778168,0.034230873652213965,11.665199393656716,0.05055939704570388,4.271762680915391,3.526706207987347,0.713232557732724,0.12850929221035984,0.0,0.009109724813432836,0.10303032172206039,1.6380837359098228,0.031199159880273688,21.7753322652018,0.7334500770808077,0.09259259259259246,0.22305966122865672,1.0243962031583616,0.9045043724472249,0.06500336861321801,0.06282832527841983,0.07565000244822015,0.2144906846494618,0.34712531754803494,0.23037973566368894,Software—Application,Technology,EBIX
2015Q2,2015,Q2,2015-08-10,2015-06-30,19036000.0,64712000.0,20423000.0,0.54,46013000.0,0.7110427741,644254000.0,426567000.0,87662000.0,52835000.0,217687000.0,0.0,341709000.0,380950020.0,504652020.0,12.171631569936654,1.6591653260149521,0.23457363089713062,0.3542819768055194,0.03336183426988408,12.171631569936654,0.04462604936621914,5.886852824823835,5.003020855221685,0.8930602226613873,0.13973523849548225,0.0,0.006982543274311943,0.10044485560043089,1.4311346645216239,0.029547352441738818,29.387489007174267,0.7110427741377179,0.058823529411764754,0.3552931982165339,1.0041501106855357,1.1608908227964958,0.039418993403813135,0.03817626527050611,-0.003707497926728133,0.10961343609312144,0.42824544546597765,0.31885755130547455,Software—Application,Technology,EBIX
2015Q1,2015,Q1,2015-05-11,2015-03-31,18336000.0,63753000.0,20499000.0,0.51,44268000.0,0.6943673239,613228000.0,418694000.0,82995000.0,47785000.0,194534000.0,0.0,325333000.0,361604203.59999996,471096203.59999996,11.725495687240954,1.736842105263158,0.22290078078626546,0.3264651511605134,0.03264243484791823,11.725495687240954,0.0437933192259741,5.671955885997521,4.930249285558464,0.8636479233043702,0.1488328970331588,0.0,0.007546925541326865,0.10396296320455034,1.5136758396986503,0.029900787309124828,-27.561296006097557,0.6943673238906405,0.13333333333333333,0.44077261473988427,0.9630171914338814,1.159840321064062,0.027195099313161313,0.10811627485344776,-0.027007784317448262,0.1933067130876559,0.4848783965757561,0.27484494589124825,Software—Application,Technology,EBIX
2014Q4,2014,Q4,2015-03-16,2014-12-31,16547000.0,60633000.0,21068000.0,0.45,43096000.0,0.7107680636,634311000.0,432221000.0,103861000.0,69786000.0,202090000.0,0.0,309726000.0,207208820.39999998,276902820.4,11.813190116978245,1.4882784512652967,0.19232521586414236,0.28224912718262185,0.03329203861136675,11.813190116978245,0.03828365581496503,3.4174264905249614,3.130610086420499,0.47940479615752124,0.16643500332386535,0.0,0.013290940002860999,0.09558875693468977,1.374086492992864,0.02608657267491814,10.483623597267897,0.7107680635957317,-0.042553191489361625,0.29903313842999285,0.8394494850779126,1.404039503784302,0.06323242789825574,-0.08148764918123785,-0.030821602723341612,-0.025426725728911553,0.40493728242712934,0.3955794091345003,Software—Application,Technology,EBIX
2014Q3,2014,Q3,2014-11-10,2014-09-30,18015000.0,50808000.0,21738000.0,0.47,40533000.0,0.797768068,564472000.0,436370000.0,94285000.0,35566000.0,128102000.0,0.0,295933000.0,179850935.0,197587935.0,11.46833114323259,2.6509868975988304,0.11530598506214658,0.1491555331484749,0.03545718355599411,11.46833114323259,0.041283772944977884,3.5398152849944893,2.495849777962809,0.41215238215276023,0.15870108243130723,0.0,0.015896497841392927,0.09000977905015661,2.4471967609514707,0.03191478053827294,23.369404235966737,0.7977680680207841,0.34285714285714286,0.5676140512257922,0.7907133500011171,1.9636215529395333,-0.023583542108306033,0.32668090433758007,0.2449458793883512,0.06925577738404694,0.17052289932776926,0.402740817974653,Software—Application,Technology,EBIX
2014Q2,2014,Q2,2014-08-11,2014-06-30,13579000.0,51476000.0,17461000.0,0.35,41512000.0,0.8064340664,551454000.0,438433000.0,81097000.0,68515000.0,113021000.0,0.0,280777000.0,183296789.99999997,187028789.99999997,11.40950373435345,1.1836386192804496,0.06643346498529343,0.08355894743324521,0.029523371248470872,11.40950373435345,0.030971664997844598,3.5608203823140876,3.3746371234995207,0.4180725219132683,0.21334413432506075,0.0,0.015804968543093417,0.09334595451297842,1.0909435889951105,0.024623994023073546,41.83902990184889,0.8064340663610227,-0.1250000000000001,0.20570801968287225,0.8257371797096037,2.4258781086211334,-0.006699846860643185,-0.11921904391256405,-0.10018036588508117,-0.3808095663283111,0.24107629558434093,0.33641052274801087,Software—Application,Technology,EBIX
2014Q1,2014,Q1,2014-05-12,2014-03-31,15417000.0,51404000.0,19405000.0,0.4,41792000.0,0.8130106606,552362000.0,425798000.0,105815000.0,58799000.0,126564000.0,0.0,270095000.0,218029420.00000003,214693420.00000003,11.112218800563705,1.7996054354665896,0.09847165445848918,0.12774132335050892,0.031741274330761834,11.112218800563705,0.0362073095693263,4.241487432884601,3.53553577219952,0.5120489527898205,0.18784458714406174,0.0,0.013282611126516778,0.09306215851199033,1.7140257487372235,0.02791104384443535,20.982525262246178,0.8130106606489768,0.0,0.4375756624863765,0.9330135820705205,3.295655292768438,0.025293785726552342,0.011282387668087897,0.08980119060990677,0.012253272737994357,0.27790181632007976,0.2688209415703376,Software—Application,Technology,EBIX
2013Q4,2013,Q4,2014-03-17,2013-12-31,15245000.0,50847000.0,17806000.0,0.4,40761000.0,0.8016402148,553864000.0,413225000.0,102349000.0,66675000.0,140639000.0,0.0,257574000.0,187884649.4,188063649.4,10.78409624719453,1.5350431196100487,0.10264794245518756,0.13758364087361608,0.029809137548404824,10.78409624719453,0.03689273398269708,3.6950980274155802,3.0810864119383403,0.45467880549337525,0.0,0.0,0.0,0.0918041252004102,1.47289088863892,0.02752480753397946,9.91842102095761,0.8016402147619328,0.1764705882352941,0.497726409156926,0.9619034242345577,3.5787284414145635,0.015040964215454342,0.15993304420604124,-0.04273963765388958,-0.04800813789596643,0.4424422399991263,0.7789925797201449,Software—Application,Technology,EBIX
2013Q3,2013,Q3,2013-11-08,2013-09-30,13143000.0,50293000.0,18601000.0,0.34,40157000.0,0.7984610184,533360000.0,400462000.0,84475000.0,59825000.0,132898000.0,0.0,242329000.0,125637022.7,148083022.7,10.560985258050055,1.4120351023819473,0.11124756262186891,0.14816636784513887,0.037244155226266354,10.560985258050055,0.03281959336965805,2.4981015787485337,2.3898086947424484,0.3137301983708816,0.0,0.0,0.0,0.09429466026698666,1.3053405766819892,0.02464189290535473,9.89112129585892,0.7984610184319886,-0.02857142857142844,0.35030647668814335,0.8953825564041029,3.4961838208821754,-0.012030704128327512,-0.029463890119627825,-0.03591790193842646,-0.2812278816203719,0.3785736456787011,0.7242262153053526,Software—Application,Technology,EBIX
2013Q2,2013,Q2,2013-08-09,2013-06-30,13542000.0,51004000.0,19294000.0,0.35,40646000.0,0.7969178888,538044000.0,384589000.0,81849000.0,69463000.0,153455000.0,0.0,229186000.0,119693407.0,156109407.0,10.335635581832841,1.1783107553661663,0.13346492108452096,0.18671880891029125,0.03260880076457305,10.335635581832841,0.03521161551682445,2.3467454905497607,2.2096700450450446,0.31122420818068114,0.0,0.0,0.0,0.09479522120867438,1.0739674359011273,0.025168945290719717,11.658070224992695,0.7969178887930358,-0.2222222222222223,0.6692390089418779,1.237494258997473,3.6178572296237044,-0.04754540128881078,-0.21921125461254612,-0.0005698005698005698,-0.09193035419665099,0.48774482507825473,0.8349372430657415,Software—Application,Technology,EBIX
2013Q1,2013,Q1,2013-05-10,2013-03-31,17344000.0,52566000.0,19305000.0,0.45,42675000.0,0.8118365483,529753000.0,376687000.0,89895000.0,57771000.0,153066000.0,0.0,215644000.0,198599774.4,233081774.4,10.134712656048213,1.5560575375188244,0.1462700541573148,0.20570659459976054,0.03890750895919669,10.134712656048213,0.046043532163308,3.7781032302248603,2.862658187269373,0.5272275772723773,0.16109317343173432,0.0,0.014068495336619071,0.09922737577701306,1.4421768707482994,0.03273978627775586,14.267225172413793,0.8118365483392307,-0.09999999999999998,1.5228078087311836,1.6055275498179324,3.565647465037871,-0.020676519184872406,-0.07473993064817284,-0.04713721618953603,0.30929178610479857,0.5549797630605233,0.86681754194409,Software—Application,Technology,EBIX
2012Q4,2012,Q4,2013-03-18,2012-12-31,18745000.0,54023000.0,20260000.0,0.5,43576000.0,0.8066194028,516946000.0,362155000.0,81669000.0,56690000.0,154791000.0,0.0,201094000.0,199714814.4,244956814.4,9.74373116659492,1.4406244487563944,0.15802617681537337,0.2255691623752261,0.043910651145940234,9.74373116659492,0.05175960569369469,3.6968479055217225,2.663574478527608,0.5514622589775097,0.09991997866097627,0.0,0.009378372884490435,0.10450414550069059,1.3500970188745811,0.03626104080503573,11.222455293324343,0.8066194028469356,0.08695652173913039,2.4370349968522858,2.65175162508821,3.967640208575336,-0.01643192488262911,0.037239929172200086,-0.021634151052733242,0.4486246999296935,0.6133440235763348,0.9828949171894232,Software—Application,Technology,EBIX
2012Q3,2012,Q3,2012-11-09,2012-09-30,18072000.0,53804000.0,20708000.0,0.46,44304000.0,0.823433202,515833000.0,352825000.0,76426000.0,60661000.0,163008000.0,0.0,184222000.0,291757760.0,345887760.0,9.480974901918632,1.2598869125138061,0.16210866695228882,0.23700418054276198,0.04237718564939342,9.480974901918632,0.051220860199815775,5.422603523901569,4.036046923417441,0.8269191808970453,0.1031983178397521,0.0,0.006392289274499503,0.10430507547985492,1.1242808394190666,0.035034594529624895,15.445090524086819,0.8234332019924169,-0.021276595744680753,2.8723656711045344,2.6062948882281796,4.734738603506211,0.14899245312378434,0.0002767476614822605,0.16921687087120998,0.6079013759937865,0.9389063967356247,1.4500532127366546,Software—Application,Technology,EBIX
2012Q2,2012,Q2,2012-08-09,2012-06-30,18067000.0,47716000.0,17711000.0,0.47,38559000.0,0.8080937212,489478000.0,340621000.0,68601000.0,57428000.0,148857000.0,0.0,168015000.0,245438200.0,300873200.0,9.228920559228351,1.1945566622553458,0.16496757770522882,0.23706113246100505,0.03729461369299268,9.228920559228351,0.05304135681593325,5.143729566602397,3.3962223944207675,0.7205609753949405,0.10140034316710024,0.0,0.007464200764184223,0.09748344154384875,1.042470571846486,0.03691074981919514,11.940559474580395,0.8080937211836701,0.17499999999999988,4.21207267456867,2.5240850970747855,4.492276137169391,0.10808092419104547,0.15186483901817022,-0.03371706039609362,0.6702303623950003,0.7620306795725242,1.7711246383895054,Software—Application,Technology,EBIX
2012Q1,2012,Q1,2012-05-10,2012-03-31,15685000.0,43827000.0,18329000.0,0.4,34798000.0,0.7939854428,429464000.0,335252000.0,74785000.0,48387000.0,94212000.0,0.0,151780000.0,281394000.0,294556000.0,9.19758573388203,1.5455597577861822,0.11712739600991003,0.15004235619772588,0.04154762645139615,9.19758573388203,0.0467857015021536,6.420562666849203,4.485081287854638,0.839350697385847,0.0933375836786739,0.0,0.0052026695665152774,0.10205046290259487,1.3892367784735569,0.036522269619805155,21.49851019940408,0.7939854427635932,-0.13043478260869565,4.621736449327342,2.4175625703325863,7.29413585458993,-0.016783453887884266,-0.09492210040392383,0.10715795832074902,0.5375196071896732,0.7325470399759155,2.555514748903033,Software—Application,Technology,EBIX
2011Q4,2011,Q4,2012-03-15,2011-12-31,17330000.0,44050000.0,16555000.0,0.46,35392000.0,0.8034506243,411182000.0,316115000.0,63817000.0,49779000.0,95067000.0,0.0,137559000.0,275109411.5,298463411.5,8.464720846164145,1.282006468591173,0.11442621515533268,0.1488382392483748,0.0402749906779255,8.464720846164145,0.0548218211726745,6.245389591373439,3.968687413444893,0.8702826866804803,0.0,0.0,0.0,0.1071301759318258,1.1316820345929006,0.04214678658112466,14.962169549137977,0.8034506242905789,0.12195121951219524,6.109722537554508,2.2586789498050597,7.2919714411403875,0.04425823203115779,0.048016448959845186,-0.07792135457279716,0.7469239180649758,0.7439280891525181,2.59396440819501,Software—Application,Technology,EBIX
2011Q3,2011,Q3,2011-11-09,2011-09-30,16536000.0,42602000.0,17954000.0,0.41,33892000.0,0.7955495047,381007000.0,305320000.0,54383000.0,50492000.0,75687000.0,0.0,121690000.0,182990500.0,196279500.0,8.175659392154238,1.0770617127465738,0.07146850320335323,0.08918511725402856,0.050612847556119944,8.175659392154238,0.054159570286912095,4.295349983568847,2.766547230285438,0.5993400366828247,0.0,0.0,0.0,0.111814218636403,0.9277905410758139,0.04340077741353834,8.497353146041329,0.7955495047180884,-0.22641509433962273,5.637048758739257,2.888088066640359,7.5583717998189615,0.01616046532545798,-0.26006801503490246,-0.03499059392636388,0.725014374092559,0.6302106912989928,2.480666489523572,Software—Application,Technology,EBIX
2011Q2,2011,Q2,2011-08-09,2011-06-30,22348000.0,42267000.0,18605000.0,0.53,33353000.0,0.7891026096,401294000.0,334317000.0,66715000.0,41494000.0,66977000.0,0.0,105154000.0,248659650.0,252492650.0,8.537424346893435,1.6078228177567842,0.06842863337104467,0.08213761190726167,0.05891347456062302,8.537424346893435,0.0668467352841764,5.883068351195968,2.781676771970646,0.7437840432882563,0.0,0.0,0.0,0.10532676790582465,1.4034800212078855,0.055689843356740945,13.264677797930226,0.7891026096008706,0.4324324324324325,8.459963625752131,2.813032418899291,8.902040448302625,0.01862993616956296,0.47375362701134266,0.1900345401048996,1.617595020534,0.7619240908694876,2.8144346741447346,Software—Application,Technology,EBIX
2011Q1,2011,Q1,2011-05-10,2011-03-31,15164000.0,40050000.0,15634000.0,0.37,32743000.0,0.8175530587,412861000.0,334123000.0,81079000.0,45786000.0,78738000.0,0.0,82806000.0,300755778.3,299346778.3,8.757909360174045,1.7708251430568296,0.08278815388229938,0.10229765685092017,0.038468461354118806,8.757909360174045,0.045384484157031994,7.509507573033708,4.958384633012398,0.9001349152856882,0.0,0.0,0.0,0.09700601413066383,1.6268291617525008,0.03672906862115821,30.72385108795587,0.8175530586766542,-0.11904761904761903,7.661063566442506,3.5952313849275686,9.871887481595365,0.19473837845727213,-0.04892122428499749,0.14467711231512667,1.148878911826148,0.934000249331087,2.9454030939345315,Software—Application,Technology,EBIX
2010Q4,2010,Q4,2011-03-16,2010-12-31,15944000.0,35097000.0,13658000.0,0.42,27406000.0,0.7808644613,303300000.0,231268000.0,60782000.0,39085000.0,72032000.0,0.0,67642000.0,301011390.0,313189390.0,6.061911876490787,1.5551234488934373,0.11729310913287175,0.1538258643651521,0.05574263608352911,6.061911876490787,0.06894166075721674,8.576556115907342,4.719822346964375,1.3015695643149938,0.0,0.0,0.0,0.11571711177052424,1.4257387744659076,0.052568414111440816,16.262095623987033,0.7808644613499729,-0.023255813953488393,9.949104561757048,2.689944101376427,7.566550741635915,0.0596605188879867,-0.04418200347700977,0.04402996483718086,1.8481251031230783,1.3112972130589458,2.090540642350208,Software—Application,Technology,EBIX
2010Q3,2010,Q3,2010-11-09,2010-09-30,16681000.0,33281000.0,13082000.0,0.43,25863000.0,0.7771100628,293117000.0,211878000.0,51969000.0,47838000.0,81239000.0,0.0,51698000.0,270395286.4,302277286.4,6.125057816836263,1.0863539445628998,0.14719378268745928,0.20363133501354552,0.04903953394957374,6.125057816836263,0.07872926873011828,8.12461423635107,4.052444193993166,1.276183871850782,0.0,0.0,0.0,0.11354169154296749,0.9789288849868305,0.05690901585373759,28.131011901789428,0.7771100627985937,0.19444444444444448,8.678252748799146,3.015172791145818,8.017181562825959,0.0437046004842615,0.19064953604568166,0.005688806888068881,2.8452351787878816,1.3997926586193097,2.704851650204257,Software—Application,Technology,EBIX
2010Q2,2010,Q2,2010-08-09,2010-06-30,14010000.0,32207000.0,13008000.0,0.36,24780000.0,0.769397957,278885000.0,196902000.0,54916000.0,48767000.0,81983000.0,0.0,35017000.0,182709751.9,210348751.9,5.632691592527963,1.1260893637090656,0.1740143786865554,0.24646778600522087,0.05097734015063708,5.632691592527963,0.07115214675320718,5.672982640419785,3.2603453229835835,0.9279222755482422,0.0,0.0,0.0,0.11548487727916525,1.0825558266860786,0.05023576025960522,11.799906477654353,0.769397956965877,0.12499999999999993,8.24377677709895,2.755321277426879,8.072251188325977,0.009779951100244499,0.1312984496124031,0.01951563602163179,3.267258093824803,1.5114179135064505,2.3521035773508308,Software—Application,Technology,EBIX
2010Q1,2010,Q1,2010-05-10,2010-03-31,12384000.0,31603000.0,12759000.0,0.32,24540000.0,0.7765085593,272415000.0,188637000.0,53433000.0,48975000.0,83778000.0,0.0,21007000.0,184854040.0,214087040.0,5.428871557256741,1.0910260336906585,0.18226235706550667,0.2632092325471673,0.05101119116192933,5.428871557256741,0.06564989901238888,5.849256083283232,3.73171107881137,0.9799458218695167,0.0,0.0,0.0,0.11601049868766404,1.0040837161817253,0.04546005175926436,24.916301388327266,0.7765085593139892,-0.08571428571428563,7.745935224219502,3.037369781704264,8.832748152908408,0.051954732510288065,0.023724890468711252,0.07616396761133604,3.656151689420484,1.5851351948303585,3.895610602153278,Software—Application,Technology,EBIX
2009Q4,2009,Q4,2010-03-16,2009-12-31,12097000.0,31304000.0,11856000.0,0.35,23328000.0,0.7452082801,262167000.0,170743000.0,46515000.0,75097000.0,91424000.0,0.0,8623000.0,188523323.20000002,222344323.20000002,4.913891846778139,0.6193989107421068,0.20234430725453623,0.3106891644166964,0.0526083473756419,4.913891846778139,0.07084917097626257,6.022339739330437,3.8960759527155493,1.1041350052417962,0.0,0.0,0.0,0.1194048068597497,0.5844041706060162,0.04614234438354179,17.849206892633973,0.745208280092001,0.3999999999999999,87.58435386333556,3.1299824722146665,8.533852348264842,0.23907154618367238,0.2822768708925164,0.2118981907390371,4.333925184508956,1.48891833408934,3.8136083397010343,Software—Application,Technology,EBIX
2009Q3,2009,Q3,2009-11-09,2009-09-30,9434000.0,23292000.0,9783000.0,0.25,18827000.0,0.8083032801,201819000.0,120874000.0,64626000.0,77588000.0,80945000.0,0.0,-3474000.0,192135759.6,225588759.6,3.8697016263285953,0.8329380832087436,0.3186518613212829,0.5320416301272399,0.051132084586061576,3.8697016263285953,0.07804821549712924,8.249002215352911,5.091577263090947,1.589554077800023,0.0,0.0,0.0,0.11541034293104217,0.6558488426045265,0.04674485553887394,32.916868185711834,0.8083032800961704,0.041666666666666706,7.035482464951638,2.4409825785827577,6.776947135379714,0.052434456928838954,0.05337204108977222,0.05647948164146868,3.5270726710521108,1.5414989599551125,3.0508469939765597,Software—Application,Technology,EBIX
2009Q2,2009,Q2,2009-08-07,2009-06-30,8956000.0,22421000.0,9260000.0,0.24,17889000.0,0.7978680701,165188000.0,101770000.0,32982000.0,44465000.0,63418000.0,0.0,-12908000.0,106341840.0,140347840.0,3.330388114405393,0.7417519397278759,0.2777562534808824,0.45084012970423504,0.05993126679071514,3.330388114405393,0.0880023582588189,4.742957049194951,2.968452434122376,1.0449232583276016,0.0,0.0,0.0,0.1357301983194905,0.7067131451703587,0.05421701334237354,14.647636363636364,0.7978680701128407,0.04347826086956513,9.175724758920694,2.8680322939434304,6.330779302456232,0.07875535186636917,0.07450509898020397,0.10805312911331817,3.8581571029846193,1.591974464880663,2.86271508565558,Software—Application,Technology,EBIX
2009Q1,2009,Q1,2009-05-08,2009-03-31,8335000.0,20668000.0,8357000.0,0.23,16583000.0,0.8023514612,146579000.0,77039000.0,29209000.0,50933000.0,69540000.0,0.0,-21864000.0,82228319.1,122498319.1,2.5868506766058896,0.5734788840241101,0.3550440376861624,0.675527979335142,0.06325483731617322,2.5868506766058896,0.10819195472423059,3.978532954325527,2.466356301739652,1.0673596373265488,0.0,0.0,0.0,0.14100246283574044,0.5530206349517994,0.05686353433984404,11.599424333474396,0.8023514611960518,-0.14814814814814817,13.60503152836333,3.1057816621581575,4.721406694604721,0.031088727227507305,0.05359625837441537,0.03198320572980983,5.098593743135462,2.037875464341017,2.21126290889007,Software—Application,Technology,EBIX
2008Q4,2008,Q4,2009-03-30,2008-12-31,7911000.0,20143000.0,8098000.0,0.27,16083000.0,0.7984411458,141167000.0,70142000.0,25524000.0,53854000.0,71025000.0,0.0,-30199000.0,79086423.60000001,122276423.60000001,2.355260065142205,0.4739480818509303,0.3730687766971034,0.7508340224116792,0.06363771566769774,2.355260065142205,0.1127854922870748,3.9262485032021055,2.499254948805461,1.1275187990077271,0.0,0.0,0.0,0.14268915539750793,0.45628922642700637,0.05604000935062727,10.687354540540541,0.7984411458074765,0.28571428571428586,11.669028580770773,3.6878662719088178,7.191321392127866,-0.008935173773724428,0.06934306569343066,-0.0025865254341667695,5.959521028934953,1.7129425278094803,2.328397916181762,Software—Application,Technology,EBIX
2008Q3,2008,Q3,2008-11-10,2008-09-30,7398000.0,20168000.0,8119000.0,0.21,16228000.0,0.8046410155,141606000.0,67697000.0,28861000.0,39048000.0,73909000.0,0.0,-38110000.0,100297080.0,143508080.0,2.3488775545609104,0.7391159598442942,0.39869073344349815,0.8339660546257589,0.06211184762847787,2.3488775545609104,0.10928106119916688,4.973080126933756,3.3893309002433085,1.4815587101348657,0.0,0.0,0.0,0.1424233436436309,0.7057979922147101,0.052243549002160924,1.9079493227819206,0.8046410154700515,0.16666666666666666,8.204602441154774,2.4617338564909987,7.1616963763888455,0.1131842502400878,0.16761363636363635,0.17581462708182477,4.151762470642753,1.9203663260577606,2.4579682366594326,Software—Application,Technology,EBIX
2008Q2,2008,Q2,2008-08-11,2008-06-30,6336000.0,17803000.0,6905000.0,0.18,14578000.0,0.8188507555,126599000.0,65044000.0,26385000.0,37755000.0,61555000.0,0.0,-45507000.0,83652088.5,117029088.5,2.238188637693128,0.6988478347238777,0.3590154740558772,0.6987731381833836,0.05865001361448655,2.238188637693128,0.09741098333435828,4.698763607257204,3.3006663707386363,1.2860846273291926,0.0,0.0,0.0,0.14062512342119607,0.6693682955899881,0.05004778868711443,-2.2491352808324145,0.8188507554906477,0.12499999999999993,49.51056263288108,2.8334942579835345,7.737071473039495,0.05668309654972456,0.11746031746031746,0.12404362689239785,4.0286346406356595,1.4969716791592493,2.6049212342719574,Software—Application,Technology,EBIX
2008Q1,2008,Q1,2008-05-06,2008-03-31,5670000.0,16639000.0,6143000.0,0.16,13796000.0,0.8291363664,126895000.0,68045000.0,29828000.0,35626000.0,58850000.0,0.0,-51843000.0,84013417.8,110896417.8,2.2197755594702158,0.8372536911244597,0.3187517238661886,0.5944301565140716,0.05366800446503715,2.2197755594702158,0.0833272099346021,5.0491867179518,3.7042953174603177,1.2346743743111177,0.0,0.0,0.0,0.13112415776823358,0.8030090383427834,0.04468261160802238,24.458054672489084,0.8291363663681711,0.06666666666666674,6.391180406669489,2.0985601105208773,7.783257006470233,0.35109195965135637,0.2605602489995554,0.349220294311443,3.538982760099494,1.4095037133577442,3.020447675369413,Software—Application,Technology,EBIX
2007Q4,2007,Q4,2008-03-31,2007-12-31,4498000.0,12201000.0,4553000.0,0.15,10211000.0,0.8368986149,108510000.0,60126000.0,59405000.0,25702000.0,48384000.0,0.0,-57513000.0,83093797.8,70273797.8,1.9614405950283813,2.311298731616217,0.33772002580407334,0.6094867445032099,0.04562854711180842,1.9614405950283813,0.07480956657685527,6.810408802557167,4.618374710982659,1.3819944416724879,0.0,0.0,0.0,0.11244124965440973,2.267333281456696,0.041452400700396276,19.01024886753603,0.8368986148676338,0.3636363636363636,15.13793964471713,1.8250733998825603,7.5593531489714705,0.024583584186233194,0.21797996209044138,0.2265625,36.33610020010376,0.82462643221569,2.805554864858145,Software—Application,Technology,EBIX
2007Q3,2007,Q3,2007-11-01,2007-09-30,3693000.0,11806000.0,3712000.0,0.11,9966000.0,0.8441470439,59294000.0,48685000.0,26560000.0,9920000.0,10609000.0,0.0,-61556000.0,56746296.0,41806296.0,1.653253192067373,2.6774193548387095,0.0157520153809829,0.019184553763993015,0.06803090969091892,1.653253192067373,0.07585498613535997,4.806564119939014,3.841476848090983,1.1655806922049914,0.0,0.0,0.0,0.19910952204270246,2.573790322580645,0.062282861672344585,11.688217507723996,0.8441470438759953,0.3205282112845138,4.150950598583661,1.2487390953279185,6.164444633719454,0.23067424055322303,0.469558296856347,0.6153176675369887,2.3365297623053167,0.850027060861867,2.322546262644062,Software—Application,Technology,EBIX
2007Q2,2007,Q2,2007-08-10,2007-06-30,2513000.0,9816000.0,2298000.0,0.0833,8098000.0,0.8249796251,55604000.0,44961000.0,22379000.0,9950000.0,10643000.0,0.0,-65249000.0,39838497.3,29725497.299999997,1.680345330193968,2.249145728643216,0.027462053089705778,0.03396276773203443,0.051451613090039254,1.680345330193968,0.055892884944729875,4.0585266198044,3.9632408774373253,0.8860678654834189,0.0,0.0,0.0,0.17653406229767643,2.1451256281407036,0.04519459031724336,24.69838642281463,0.8249796251018745,0.22861356932153393,112.90068953918602,1.7755613364315537,7.153273614091901,0.08668813741277509,0.2808358817533129,0.02680965147453083,2.2608533136254465,0.9340031196076924,2.6987403102608716,Software—Application,Technology,EBIX
2007Q1,2007,Q1,2007-05-21,2007-03-31,1962000.0,9018000.0,2238000.0,0.0678,7452000.0,0.8263473054,49052000.0,28424000.0,15973000.0,19936000.0,20628000.0,0.0,-67762000.0,27521078.400000002,32475078.400000002,1.1089263420724096,0.8012138844301766,0.2339354154774525,0.40370813397129185,0.05274542761870999,1.1089263420724096,0.06902617506332677,3.0517940119760483,3.5067633027522938,0.9682338305657191,0.0,0.0,0.0,0.1838457147516921,0.7630417335473515,0.039998369077713446,14.654461341853036,0.8263473053892215,0.03828483920367538,6.9702422752809,1.1684620156698742,4.561288533914218,-0.010621348911311737,0.17274357441721458,0.017735334242837655,2.9944103642867943,1.081442466426372,1.452641992339947,Software—Application,Technology,EBIX
