Year,Date,FillingDate,NetIncome,Revenue,OperatingIncome,EPSDiluted,GrossProfit,GrossProfitRatio,TotalAssets,CommonStockEquity,CurrentAssets,CurrentLiability,TotalLiability,Inventory,RetainedEarnings,EnterpriseValue,bookValuePerShare,currentRatio,debtToAssets,debtToEquity,roic,shareholdersEquityPerShare,roe,priceToSalesRatio,peRatio,pbRatio,payoutRatio,inventoryTurnover,dividendYield,assetTurnover,quickRatio,returnOnAssets,priceToFreeCashFlowsRatio,grossProfitMargin,epsdilutedGrowth,fiveYNetIncomeGrowthPerShare,fiveYRevenueGrowthPerShare,fiveYShareholdersEquityGrowthPerShare,grossProfitGrowth,netIncomeGrowth,operatingIncomeGrowth,threeYNetIncomeGrowthPerShare,threeYRevenueGrowthPerShare,threeYShareholdersEquityGrowthPerShare,Industry,Sector,Price,MarketCap,AvgVolume,Symbol
2022,2022-12-31,2023-02-24,95762000.0,1034887000.0,181022000.0,2.96,389782000.0,0.3766420875,1642255000.0,863049000.0,838439000.0,211316000.0,774712000.0,139050000.0,931318000.0,3340469110.0,26.69581490302824,3.967702398303962,0.2709256479657544,0.5155315630978079,0.09703787925771806,26.69581490302824,0.11095777875879585,3.0798687296294185,33.28372538167541,3.6930882371684577,0.2763622313652597,4.639374325782093,0.008303224119179067,0.6301621855314796,3.0685182380889287,0.058311285397212975,100.02247254126655,0.3766420874936104,-0.18904109589041096,1.8778370531905604,0.19224841385203237,0.5072409640687356,0.030103781538144407,-0.19173179830854672,0.01691468504755324,-0.2774494295584924,-0.019258846568716043,0.2339902904581907,Textile Manufacturing,Consumer Cyclical,90.7,2829840000,158442,AIN
2021,2021-12-31,2022-02-25,118478000.0,929240000.0,178011000.0,3.65,378391000.0,0.4072048125,1556064000.0,873967000.0,758801000.0,208166000.0,678459000.0,117882000.0,863057000.0,2909144600.0,27.01765178681835,3.6451726026344358,0.2283556460402657,0.4065782804156221,0.10111015721025039,27.01765178681835,0.13556347093196883,3.079054496147389,24.149467411671363,3.2737856234846396,0.21855534360809603,4.672884749155935,0.009050110293631937,0.5971733810434532,2.9232679688325662,0.07613954181833138,17.470084749902306,0.4072048125349748,0.1967213114754099,1.2285551183699974,0.18192818781235304,0.7080770235671165,0.019723934977578475,0.20173650204383856,0.07183887283236995,0.42508100712194785,-0.05699534513167743,0.43969392007002983,Textile Manufacturing,Consumer Cyclical,90.7,2829840000,158442,AIN
2020,2020-12-31,2021-02-25,98589000.0,900610000.0,166080000.0,3.05,371072000.0,0.4120229622,1549936000.0,816066000.0,717276000.0,190863000.0,730071000.0,110478000.0,770746000.0,2530288180.0,25.24253765968635,3.7580673048207354,0.2567906029668322,0.48771667977835126,0.09292643154456463,25.24253765968635,0.1208100815375227,2.635541666204017,24.07565935347757,2.9085823695632462,0.2491961577863656,4.793153388004852,0.010350543431757389,0.5810627019438221,3.0124644378428505,0.06360843286432472,24.254265452724727,0.4120229622144991,-0.25609756097560976,0.7025193681010297,0.2549262179589533,0.6180912781293664,-0.06695733729610939,-0.25535884227858424,-0.14204240195065504,1.9627939812974264,0.037553707795420076,0.4251891892392168,Textile Manufacturing,Consumer Cyclical,90.7,2829840000,158442,AIN
2019,2019-12-31,2020-02-28,132398000.0,1054132000.0,193576000.0,4.1,397701000.0,0.3772781777,1474368000.0,698683000.0,618334000.0,202719000.0,771679000.0,95149000.0,698496000.0,2680401320.0,21.633731731483774,3.0502024970525703,0.28760051764552674,0.606897548673719,0.12429242032644845,21.633731731483774,0.1894965241747688,2.326001221858363,18.519254973640088,3.509334447811096,0.17561443526337256,6.89897949531787,0.009482802386669357,0.7149721100837783,2.4617475421642765,0.08979983287754482,18.51939485033649,0.37727817768552707,0.5953307392996109,2.139258200265266,0.3939681296922423,0.3506311395213112,0.1371040374668691,0.5972542254285749,0.4087680484396833,1.4943982219238507,0.3429408652070677,0.36770139744679237,Textile Manufacturing,Consumer Cyclical,90.7,2829840000,158442,AIN
2018,2018-12-31,2019-03-14,82891000.0,982479000.0,137408000.0,2.57,349749000.0,0.35598623482028624,1417992000.0,605249000.0,593049000.0,189306000.0,809712000.0,85904000.0,589645000.0,2340668360.0,18.766247054446236,3.1327533200215525,0.37019320278252626,0.8672975915697506,0.08758147791637848,18.766247054446236,0.13695355134828807,2.049399895570287,24.290844120592105,3.3267173675627717,0.26451605119976834,7.3655475880052155,0.010889537221785138,0.692866391347765,2.5408175123873518,0.058456606243194605,40.59542248835662,0.35598623482028624,1.6770833333333333,3.6435592384375055,0.2728970770193558,0.09119277347876058,0.1824633173304483,1.503427863851892,0.8044149124765269,0.4348503195725047,0.37227238611373786,0.20294960401369064,Textile Manufacturing,Consumer Cyclical,90.7,2829840000,158442,AIN
2017,2017-12-31,2018-02-28,33111000.0,863717000.0,76151000.0,0.96,295780000.0,0.3424501312351152,1361198000.0,569768000.0,543707000.0,161517000.0,788183000.0,136519000.0,534082000.0,2309239050.0,17.711710031396688,3.366252468780376,0.3792108128281117,0.9059494390699372,0.04176697940324612,17.711710031396688,0.05811312674632482,2.2886953133954755,59.70176225423576,3.469456076859353,0.6604753707227206,4.160131556779643,0.011062912480039242,0.6345270856995088,2.400960889565804,0.024324896157649364,-84.40224798257974,0.3424501312351152,-0.4146341463414634,0.04187600616559695,0.10637811851755737,0.12534144070643724,-0.015929839503872667,-0.37210096144729105,-0.17025148186889819,-0.21181333013622455,0.1466753870057907,0.10577256848213819,Textile Manufacturing,Consumer Cyclical,90.7,2829840000,158442,AIN
2016,2016-12-31,2017-03-01,52733000.0,779839000.0,91776000.0,1.64,300568000.0,0.3854231450337826,1263433000.0,507523000.0,501305000.0,200009000.0,752143000.0,133906000.0,522855000.0,1788735800.0,15.817583993018761,2.5064122114504848,0.3837924132106728,0.9554167988445844,0.06240128472056182,15.817583993018761,0.10390268027261819,1.9049852597779797,28.17176720459674,2.927122120573846,0.4136309331917395,3.5791600077666423,0.014682463126567652,0.6172381123494479,1.7710903009364578,0.04173786817346072,246.52867573846663,0.3854231450337826,-0.08379888268156432,0.4705697165611937,-0.06736749855475915,0.18910499167909703,0.07851847599090016,-0.07936591071771504,0.43635652241959466,1.9693894584860248,0.015584433280396182,-0.08026185006522027,Textile Manufacturing,Consumer Cyclical,90.7,2829840000,158442,AIN
2015,2015-12-31,2016-02-26,57279000.0,709868000.0,63895000.0,1.79,278686000.0,0.3925884812387655,1009562000.0,498863000.0,452060000.0,126231000.0,507009000.0,106406000.0,491950000.0,1249365900.0,15.600193883294764,3.581212222037376,0.26316660096160516,0.532577080280558,0.09296743600508788,15.600193883294764,0.11481909863028526,1.6464975178483887,20.405312592747777,2.3429195991685092,0.36816285200509785,4.052233896584779,0.018042499977968782,0.7031445319851579,2.6301463190499956,0.05673648572351178,25.777334480172907,0.3925884812387655,0.3769230769230769,0.4788014831192299,-0.24563732804919405,0.1371679827845327,-0.04440139215114784,0.3779258582116481,-0.10461042600896861,0.813115326710605,-0.08526357752041223,-0.008817069113777335,Textile Manufacturing,Consumer Cyclical,90.7,2829840000,158442,AIN
2014,2014-12-31,2015-02-27,41569000.0,745345000.0,71360000.0,1.3,291635000.0,0.391275181291885,1029304000.0,509869000.0,460130000.0,183398000.0,515736000.0,107274000.0,456105000.0,1302267680.0,16.0174981151043,2.5089150372414095,0.2650062566549824,0.5349844764047236,0.056394214328531596,16.0174981151043,0.08152878484473462,1.6224670186289571,29.091334407852006,2.3717811437839913,0.4746084822824701,4.22944982008688,0.016314428057118243,0.7241252341387967,1.8431989443723487,0.040385542075033226,47.75491371480472,0.391275181291885,1.3636363636363635,2.2345836216107386,-0.17710480048958188,0.15371755231688813,0.003720478809446781,1.3730661642975395,0.36991034919659826,0.16848830271283283,-0.10150722119621083,0.20413376475746203,Textile Manufacturing,Consumer Cyclical,90.7,2829840000,158442,AIN
2013,2013-12-31,2014-02-26,17517000.0,757414000.0,52091000.0,0.55,290554000.0,0.3836131890881341,1166888000.0,544297000.0,522484000.0,158508000.0,619109000.0,112739000.0,434598000.0,1218982570.0,17.19792094536952,3.296262649203826,0.26095049396343095,0.5594372190182934,0.03496271475215739,17.19792094536952,0.03218279725958438,1.5013566820787574,64.91685619683736,2.089206021712411,0.7951704058914197,4.14106919522082,0.012249059065342712,0.6490888585708311,2.4365520983168043,0.01501172349017215,-622.7538718510406,0.3836131890881341,-0.43298969072164945,1.217641019837862,-0.343931788573867,0.21996226036632055,-0.04859919579824228,-0.4345159311747426,2.1802383541779955,-0.543053362370392,-0.18674409540078932,0.2536334622402331,Textile Manufacturing,Consumer Cyclical,90.7,2829840000,158442,AIN
2012,2012-12-31,2013-03-01,30977000.0,760941000.0,-44136000.0,0.97,305396000.0,0.40133991991494744,1156697000.0,493511000.0,512465000.0,235788000.0,663186000.0,119183000.0,435775000.0,840175080.0,15.738965429263937,2.1734142534819414,0.27642416293981914,0.6478862679859213,-0.03242248983044094,15.738965429263937,0.06276861103399924,0.9345719050491431,22.957487167898762,1.4410095823598663,0.6880911644123059,3.8222313584991148,0.029972407667266707,0.6578568112478894,1.5363504504046008,0.026780565696980282,-263.3904,0.40133991991494744,-0.12612612612612623,0.6465216836973522,-0.3419654959585532,-0.22215601996493517,-0.07163463146087226,-0.11337225943099204,-1.531291755444007,1.9339713628370712,-0.1471327428021237,0.13365524007319482,Textile Manufacturing,Consumer Cyclical,90.7,2829840000,158442,AIN
2011,2011-12-31,2012-02-28,34938000.0,814696000.0,83073000.0,1.11,328961000.0,0.4037837426475642,1230928000.0,415850000.0,506933000.0,170711000.0,815078000.0,133649000.0,422044000.0,978680440.0,13.302091996673278,2.9695391626784446,0.3044954700843591,0.9013153781411567,0.044661180788851194,13.302091996673278,0.08401587110737045,0.8871744061588617,20.687430305111913,1.7380724780569916,0.446963191940008,3.634408038967744,0.021605544301438073,0.6618551206894311,1.7442812706855446,0.028383463533204218,9.437092010602045,0.4037837426475642,-0.08264462809917344,-0.4268785352416505,-0.23313964738656182,-0.20677583304529962,-0.04719686261788354,-0.07168668296312042,0.02326813165155696,1.4394629800700123,-0.285578551399419,-0.05639464959678053,Textile Manufacturing,Consumer Cyclical,90.7,2829840000,158442,AIN
2010,2010-12-31,2011-03-02,37636000.0,914356000.0,81184000.0,1.21,345256000.0,0.37759472240571507,1278293000.0,426260000.0,506792000.0,165855000.0,852033000.0,156171000.0,403048000.0,1039040680.0,13.71846035015448,3.055632932380694,0.3326670802390375,0.9976211701778257,0.055579732740335376,13.71846035015448,0.08829352977056257,0.8050427623376453,19.558286746731852,1.7268701731337681,0.39549899032840896,3.644082448085752,0.020221555980331252,0.715294537324385,2.042374363148533,0.029442389186203788,10.827961930539415,0.37759472240571507,2.141509433962264,-0.4616660982649539,-0.0398293530281843,-0.2379985348866606,0.17469973801503863,2.162322421247684,3.2351192114971643,1.0187521682599805,-0.2020706346214116,-0.32201250160466033,Textile Manufacturing,Consumer Cyclical,90.7,2829840000,158442,AIN
2009,2009-12-31,2010-03-11,-32380000.0,871045000.0,-36322000.0,-1.06,293910000.0,0.3374222916152438,1344257000.0,424998000.0,491044000.0,184887000.0,919259000.0,172433000.0,382720000.0,1089308520.0,13.883379067032536,2.655914152969111,0.3713791336031726,1.1746619984094042,-0.12580066845001056,13.883379067032536,-0.07618859382867683,0.7893340986975415,-21.233647930821498,1.6177617777024835,-0.4506794317479926,3.347010143070062,0.021224776506434076,0.6479750523895357,1.670744833330629,-0.024087655857473682,-24.106641422110023,0.3374222916152438,0.5826771653543307,-4.305484777211551,0.003947633811133756,-0.18195742326787384,-0.1881679294428961,0.5725299677879284,0.45720818327181434,-1.5424385322154603,-0.1626898667241788,-0.17211279265566956,Textile Manufacturing,Consumer Cyclical,90.7,2829840000,158442,AIN
2008,2008-12-31,2009-03-02,-75748000.0,1086517000.0,-66917000.0,-2.54,362033000.0,0.3332050948121382,1405425000.0,419896000.0,554876000.0,210177000.0,985529000.0,206488000.0,436919000.0,818858240.0,14.097092593836031,2.6400414888403585,0.38634363270896704,1.2931225827347723,-0.06633017165803642,14.097092593836031,-0.18039705069826814,0.35199839487095,-5.049007762581191,0.9108261093223083,-0.1805724243544384,3.5086009840765566,0.03576394270824509,0.7730878559866232,1.5101509679936433,-0.05389686393795471,-6.714636047614031,0.3332050948121382,-5.233333333333333,-2.5506548406338228,0.3836000956717406,-0.16228046005404279,-0.051099654285781684,-5.259813294342593,-2.786883494886379,-2.1302550709563586,0.19021838655353174,-0.21696714236444917,Textile Manufacturing,Consumer Cyclical,90.7,2829840000,158442,AIN
TTM,,,,,,,,,,,,,,,,3016582000.0,28.6719347274421,4.81590873404768,0.28954603192200773,0.5500870504354762,0.07433766443034476,28.6719347274421,0.11201558781511539,2.6701289094124063,29.74884316328466,3.1633721568565947,0.2897465073645616,4.307002997847532,0.010584343991179712,0.6249795076891868,3.697099479671451,0.055971429885632265,139.10632650051613,0.37506203918800846,,,,,,,,,,,Textile Manufacturing,Consumer Cyclical,90.7,2829840000,158442,AIN
