Quarters,Year,Quarter,FillingDate,Date,NetIncome,Revenue,OperatingIncome,EPSDiluted,GrossProfit,GrossProfitRatio,TotalAssets,CommonStockEquity,CurrentAssets,CurrentLiability,TotalLiability,Inventory,RetainedEarnings,MarketCap,EnterpriseValue,bookValuePerShare,currentRatio,debtToAssets,debtToEquity,roic,shareholdersEquityPerShare,roe,priceToSalesRatio,peRatio,pbRatio,payoutRatio,inventoryTurnover,dividendYield,assetTurnover,quickRatio,returnOnAssets,priceToFreeCashFlowsRatio,grossProfitMargin,epsdilutedGrowth,fiveYNetIncomeGrowthPerShare,fiveYRevenueGrowthPerShare,fiveYShareholdersEquityGrowthPerShare,grossProfitGrowth,netIncomeGrowth,operatingIncomeGrowth,threeYNetIncomeGrowthPerShare,threeYRevenueGrowthPerShare,threeYShareholdersEquityGrowthPerShare,Industry,Sector,Symbol
2023Q1,2023,Q1,2023-05-03,2023-03-31,-54600000.0,1158600000.0,-10800000.0,-1.06,58200000.0,0.0502330399,2152200000.0,-436600000.0,805700000.0,639500000.0,2588800000.0,0.0,-2507800000.0,105009869.99999999,1567409870.0,-8.440139960177076,1.259890539483972,0.7513706904562772,-3.7038479157123225,-0.006777002507242687,-8.440139960177076,0.12505726065048098,0.09063513723459346,-0.480814423076923,-0.24051733852496565,0.0,0.0,0.0,0.5383328686925007,1.1788897576231432,-0.025369389461945915,-6.177051176470587,0.050233039875712066,-2.5333333333333337,-1.3727802189333929,-0.39472361347724544,0.24292475093475863,-0.34533183352080987,-2.52258064516129,0.7911025145067698,-9.294517896713058,-0.3421125337027778,0.3425523988143302,Trucking,Industrials,YELL
2022Q4,2022,Q4,2023-02-09,2022-12-31,-15500000.0,1200200000.0,-51700000.0,-0.3,88900000.0,0.0740709882,2279300000.0,-381500000.0,914100000.0,717000000.0,2660800000.0,3900000.0,-2453200000.0,129259979.99999999,1579859980.0,-7.408054681735213,1.2748953974895398,0.739569165972009,-4.4186107470511145,-0.04345920875876465,-7.408054681735213,0.04062909567496723,0.10769870021663056,-2.084838387096774,-0.33882039318479684,0.0,284.94871794871796,0.0,0.5265651735181854,1.1642956764295675,-0.006800333435703944,-4.169676774193548,0.07407098816863857,-4.333333333333334,-0.3134879024428134,-0.36885859118046554,0.31410005733184293,-0.3472834067547724,-4.229166666666667,-2.0529531568228108,0.34395637421797204,-0.3296905805977034,0.44004710883683673,Trucking,Industrials,YELL
2022Q3,2022,Q3,2022-11-02,2022-09-30,4800000.0,1360400000.0,49100000.0,0.09,136200000.0,0.1001176125,2450900000.0,-335900000.0,1068700000.0,843800000.0,2786800000.0,0.0,-2437700000.0,260841360.0,1678141360.0,-6.528922407090655,1.2665323536383029,0.6943571749153372,-5.066388806192319,0.024004277748071193,-6.528922407090655,-0.01428996725215838,0.1917387239047339,13.585487500000001,-0.7765446859184281,0.0,0.0,0.0,0.5550614060141172,1.174567433041005,0.001958464237626994,15.713334939759037,0.1001176124669215,-0.9217391304347825,0.017664437879023363,-0.3084485387574811,0.4707804609184357,-0.13851992409867173,-0.92,-0.5050403225806451,1.1939375680298552,-0.3002528443989622,0.42961536554392415,Trucking,Industrials,YELL
2022Q2,2022,Q2,2022-08-03,2022-06-30,60000000.0,1423700000.0,99200000.0,1.15,158100000.0,0.111048676,2503900000.0,-324100000.0,1147800000.0,892100000.0,2828000000.0,0.0,-2442500000.0,150432060.0,1596032060.0,-6.312570604962798,1.2866270597466651,0.6838931267223132,-5.283554458500463,0.05464745779144943,-6.312570604962798,-0.18512804689910523,0.10566275198426635,0.62680025,-0.46415322431348355,0.0,0.0,0.0,0.5685929949279125,1.1777827597802937,0.023962618315427932,4.437523893805309,0.11104867598510922,3.1296296296296293,1.0122029978534044,-0.2803599509118154,0.49691657164102815,0.8665879574970484,3.1818181818181817,24.435897435897434,2.646337719341683,-0.2755536190969749,0.4329261418449118,Trucking,Industrials,YELL
2022Q1,2022,Q1,2022-05-10,2022-03-31,-27500000.0,1260400000.0,3900000.0,-0.54,84700000.0,0.0672008886,2405700000.0,-386900000.0,1037400000.0,846200000.0,2792600000.0,0.0,-2502500000.0,358147910.0,1851247910.0,-7.572762326045683,1.225951311746632,0.7178368042565574,-4.463427242181442,0.002183288771849682,-7.572762326045683,0.0710777978805893,0.28415416534433513,-3.255890090909091,-0.9256859912121995,0.0,0.0,0.0,0.5239223510828449,1.1523280548333728,-0.011431184270690443,-5.123718311874105,0.06720088860679149,0.38636363636363635,0.3071186706073477,-0.31364854146490767,0.4369184396469046,-0.4093444909344491,0.38478747203579416,1.7647058823529411,0.6365954745258859,-0.3082967209410977,0.2817251184308601,Trucking,Industrials,YELL
2021Q4,2021,Q4,2022-02-04,2021-12-31,-44700000.0,1308900000.0,-5100000.0,-0.88,143400000.0,0.1095576438,2425600000.0,-363500000.0,1043500000.0,824100000.0,2789100000.0,0.0,-2475000000.0,640805820.0,2080005820.0,-7.141734449290738,1.2662298264773693,0.7214297493403694,-4.814030261348005,-0.002949934575298448,-7.141734449290738,0.12297111416781294,0.4895758423103369,-3.583925167785235,-1.762877083906465,0.0,0.0,0.0,0.5396190633245382,1.182380779031671,-0.018428430079155674,-11.910888847583642,0.10955764382305754,-6.5,-2.8023718024283863,-0.2727907007852117,0.4428005741533665,0.2204255319148936,-6.385542168674699,-1.1053719008264462,-2.6605516916185312,-0.317844079259066,0.22647184552346564,Trucking,Industrials,YELL
2021Q3,2021,Q3,2021-11-03,2021-09-30,8300000.0,1301400000.0,48400000.0,0.16,117500000.0,0.0902873828,2462800000.0,-306200000.0,1073100000.0,763400000.0,2769000000.0,0.0,-2430300000.0,287404200.0,1680504200.0,-6.019501454745616,1.4056850930049778,0.7110605814520059,-5.719137818419334,0.0252290006087806,-6.019501454745616,-0.027106466361854997,0.2208423236514523,8.656753012048194,-0.9386159372958851,0.0,0.0,0.0,0.5284229332467111,1.30835734870317,0.003370147799252883,-3.84744578313253,0.09028738281850315,1.8421052631578947,-0.6188925717175728,-0.31990032548589503,0.42890375736478326,0.18090452261306533,1.8829787234042554,0.7925925925925926,0.8596021345307531,-0.35135601948939044,0.3949192743893024,Trucking,Industrials,YELL
2021Q2,2021,Q2,2021-08-04,2021-06-30,-9400000.0,1313100000.0,27000000.0,-0.19,99500000.0,0.0757748839,2491200000.0,-286400000.0,1108700000.0,804800000.0,2777600000.0,0.0,-2438600000.0,330389010.0,1709189010.0,-5.643238556875726,1.3776093439363817,0.7028339755940912,-6.113477653631285,0.014264974429274562,-5.643238556875726,0.03282122905027933,0.25160993831391365,-8.786941755319148,-1.1535929120111732,0.0,0.0,0.0,0.5270953757225434,1.249627236580517,-0.003773281952472704,-2.8070434154630415,0.07577488386261519,0.8492063492063493,-1.22184471889053,-0.30455109306249295,0.4909008329137599,1.6322751322751323,0.8515007898894155,2.067193675889328,-1.4240206542180889,-0.35699818726497334,0.45935773825642195,Trucking,Industrials,YELL
2021Q1,2021,Q1,2021-05-05,2021-03-31,-63300000.0,1198400000.0,-25300000.0,-1.26,37800000.0,0.0315420561,2354500000.0,-281200000.0,1058200000.0,777900000.0,2635700000.0,0.0,-2429200000.0,442646819.99999994,1713346820.0,-5.584018428055125,1.3603290911428205,0.7016776385644511,-5.875177809388336,-0.013919785723486575,-5.584018428055125,0.22510668563300143,0.3693648364485981,-1.7482101895734596,-1.5741352062588905,0.0,0.0,0.0,0.5089827988957316,1.2357629515361872,-0.026884688893607983,-1.835185820895522,0.03154205607476635,-2.4054054054054053,-2.3796536796536794,-0.31464245237341737,0.5412203448872662,-0.5160051216389244,-2.3850267379679146,-2.846715328467153,-1.8257529513342003,-0.35688651388622306,0.4991170570451018,Trucking,Industrials,YELL
2020Q4,2020,Q4,2021-02-11,2020-12-31,-18700000.0,1164500000.0,13700000.0,-0.37,78100000.0,0.0670674109,2185800000.0,-223300000.0,1029800000.0,700700000.0,2409100000.0,0.0,-2365900000.0,222036030.0,1294936030.0,-4.455218371540871,1.4696731839588983,0.691829078598225,-6.77205553067622,0.007293187919367557,-4.455218371540871,0.08374384236453201,0.19067069987118934,-2.968396122994652,-0.9943395879982085,0.0,0.0,0.0,0.5327568853509013,1.3476523476523476,-0.008555220056729802,-2.606056690140845,0.06706741090596822,-8.002433090024331,0.48982543096769643,-0.346640323556051,0.6226568604346485,0.0038560411311053984,-8.35,-0.29381443298969073,-0.6281957662456856,-0.370808016105245,0.5874984517665269,Trucking,Industrials,YELL
2020Q3,2020,Q3,2020-11-02,2020-09-30,-2000000.0,1183400000.0,19400000.0,-0.0411,77800000.0,0.0657427751,2108300000.0,-323100000.0,1033100000.0,711500000.0,2431400000.0,0.0,-2347200000.0,190794240.0,1171994240.0,-6.638313609467455,1.4520028109627547,0.6712991509747189,-4.380377592076757,0.0018479675214945301,-6.638313609467455,0.0061900340451872485,0.16122548588811897,-23.84928,-0.5905114206128134,0.0,0.0,0.0,0.5613053170801119,1.3709065354884047,-0.00094863159891856,-1.5587764705882352,0.06574277505492648,0.9622935779816515,-1.0665452187888085,-0.37374796533432997,0.5018546082668525,0.7443946188340808,0.9460916442048517,2.8653846153846154,-1.448211154941924,-0.3641147529272622,0.46191345988951316,Trucking,Industrials,YELL
2020Q2,2020,Q2,2020-08-03,2020-06-30,-37100000.0,1015400000.0,-10400000.0,-1.09,44600000.0,0.0439235769,1936600000.0,-466900000.0,859300000.0,802300000.0,2403500000.0,0.0,-2345200000.0,62938850.0,1001438850.0,-13.723876429264278,1.0710457434874736,0.6210368687390272,-2.575926322553009,-0.006707335304879194,-13.723876429264278,0.07946026986506746,0.06198429190466811,-0.42411623989218333,-0.1348015635039623,0.0,0.0,0.0,0.5243209749044717,0.9477751464539449,-0.019157285965093463,0.28937402298850573,0.04392357691550128,-10.083333333333334,-2.33917953390779,-0.24271964384288058,0.01574651727318259,-0.11332007952286283,-9.627906976744185,-0.4647887323943662,-2.877673851599399,-0.22543172336609138,-0.09373110203016045,Trucking,Industrials,YELL
2020Q1,2020,Q1,2020-05-11,2020-03-31,4300000.0,1150400000.0,-7100000.0,0.12,50300000.0,0.0437239221,1853000000.0,-433800000.0,691100000.0,704500000.0,2286800000.0,0.0,-2308100000.0,56768880.0,1136868880.0,-12.837737859193277,0.9809794180269695,0.638963842417701,-2.7293683725218996,-0.005932256083817164,-12.837737859193277,-0.0099124020285846,0.049347079276773294,3.3005162790697673,-0.13086417704011064,0.0,0.0,0.0,0.620831084727469,0.8929737402413059,0.0023205612520237453,-2.02746,0.04372392211404729,1.2608695652173914,1.1814472021368827,-0.11620140567779173,0.17575674728936058,-0.171334431630972,1.2810457516339868,-13.2,1.163809083107121,-0.05282462562972452,0.045435053428751995,Trucking,Industrials,YELL
2019Q4,2019,Q4,2020-03-11,2019-12-31,-15300000.0,1159500000.0,-500000.0,-0.46,60700000.0,0.0523501509,1831600000.0,-441200000.0,618200000.0,652000000.0,2272800000.0,0.0,-2312400000.0,85039950.0,1205139950.0,-13.229782002458844,0.948159509202454,0.671161825726141,-2.7862647325475973,-0.0002982427071860898,-13.229782002458844,0.03467815049864007,0.07334191461836999,-1.3895416666666667,-0.1927469401631913,0.0,0.0,0.0,0.6330530683555361,0.8797546012269939,-0.008353352260318848,-3.6033877118644067,0.05235015092712376,0.04166666666666659,-3.2686887163033376,-0.12460186580008797,0.14481997382798714,-0.2756563245823389,0.04375,-1.0210084033613445,-0.9863528141773367,-0.016800586699083773,-0.03219000764979237,Trucking,Industrials,YELL
2019Q3,2019,Q3,2019-10-31,2019-09-30,-16000000.0,1256800000.0,23800000.0,-0.48,83800000.0,0.0666772756,1917100000.0,-380700000.0,679900000.0,699900000.0,2297800000.0,0.0,-2297100000.0,100442180.0,1227342180.0,-11.446525752427915,0.9714244892127447,0.6510875801992593,-3.2786971368531654,0.015560132064986434,-11.446525752427915,0.042027843446283165,0.0799189847231063,-1.5694090625,-0.2638355135277121,0.0,0.0,0.0,0.6555735225079548,0.9081297328189741,-0.008345939178968233,50.22109,0.06667727562062381,0.323943661971831,-13.282991070086293,-0.12460703291521719,0.029041798093469323,0.27938931297709924,0.3220338983050847,2.1733333333333333,-2.1236337608406313,0.004531158278096317,-0.08598160455384184,Trucking,Industrials,YELL
2019Q2,2019,Q2,2019-08-09,2019-06-30,-23600000.0,1272600000.0,7500000.0,-0.71,65500000.0,0.0514694327,1907300000.0,-370100000.0,708500000.0,728000000.0,2277400000.0,0.0,-2281100000.0,141299750.0,1230299750.0,-11.131831443438506,0.9732142857142857,0.6325696010066586,-3.259929748716563,0.008574065148362816,-11.131831443438506,0.06376654958119427,0.11103233537639479,-1.4968193855932204,-0.38178803026209135,0.0,0.0,0.0,0.667225921459655,0.9013736263736264,-0.012373512294867089,-5.476734496124031,0.05146943265755147,0.5202702702702703,-3.4346072654706306,-0.11070147090801233,0.05969198635060831,0.5632458233890215,0.5193482688391039,1.3409090909090908,-1.8502083865847232,0.02884863814503808,-0.004247128467399743,Trucking,Industrials,YELL
2019Q1,2019,Q1,2019-05-08,2019-03-31,-49100000.0,1182300000.0,-22000000.0,-1.48,41900000.0,0.0354393978,1928800000.0,-349500000.0,731100000.0,716200000.0,2278300000.0,0.0,-2257500000.0,241663500.0,1332463500.0,-10.542986425339366,1.0208042446244066,0.631169639153878,-3.4832618025751074,-0.012648546061222617,-10.542986425339366,0.14048640915593705,0.20440116721644253,-1.2304658859470468,-0.6914549356223176,0.0,0.0,0.0,0.6129717959352966,0.8938843898352415,-0.025456242223143924,-3.2525370121130552,0.03543939778398038,-3.3125,0.5285650565288574,-0.3418925603744868,0.35121870369654973,-0.5183908045977011,-3.8057142857142856,-1.8333333333333333,-2.9823086978381097,0.027136186452966032,0.13379446389827018,Trucking,Industrials,YELL
2018Q4,2018,Q4,2019-02-19,2018-12-31,17500000.0,1247400000.0,26400000.0,0.64,87000000.0,0.0697450697,1617100000.0,-305500000.0,756600000.0,592400000.0,1922600000.0,0.0,-2208400000.0,104230350.0,751530350.0,-9.23267551149929,1.277177582714382,0.5410302393172964,-2.8638297872340424,0.021562345983242977,-9.23267551149929,-0.057283142389525366,0.0835580808080808,1.4890050000000001,-0.34117954173486087,0.0,0.0,0.0,0.7713808669841073,1.1780891289669142,0.01082184156823944,7.498586330935252,0.06974506974506975,6.111111111111112,12.434789507086945,-0.6828246100637054,0.8429641515360826,-0.19963201471941122,5.0344827586206895,-0.3592233009708738,1.723188203574756,0.060119100414809126,0.21802109940295686,Trucking,Industrials,YELL
2018Q3,2018,Q3,2018-11-01,2018-09-30,2900000.0,1303600000.0,41200000.0,0.09,108700000.0,0.0833844738,1657600000.0,-328800000.0,801800000.0,627400000.0,1986400000.0,0.0,-2225900000.0,292501350.0,987401350.0,-9.948261777253336,1.2779725852725534,0.5357746138996139,-2.7010340632603405,0.019505028078882068,-9.948261777253336,-0.008819951338199513,0.2243796793494937,25.215633620689655,-0.8896026459854014,0.0,0.0,0.0,0.7864382239382239,1.1793114440548293,0.0017495173745173745,7.222255555555556,0.08338447376495857,-0.7906976744186046,1.0197165260022663,-0.6858676650525876,0.8509254915114801,-0.04397537379067722,-0.7986111111111112,-0.1905697445972495,-0.8579047868781916,0.015913016845743116,0.2534729373095525,Trucking,Industrials,YELL
2018Q2,2018,Q2,2018-08-02,2018-06-30,14400000.0,1326500000.0,50900000.0,0.43,113700000.0,0.0857142857,1644500000.0,-344100000.0,794800000.0,612600000.0,1988600000.0,0.0,-2228800000.0,331308300.0,1065808300.0,-10.438027058181156,1.297420829252367,0.5431438127090301,-2.5957570473699505,0.03705471252467078,-10.438027058181156,-0.041848299912816043,0.24976125141349415,5.751880208333334,-0.9628256320836968,0.0,0.0,0.0,0.8066281544542414,1.1632386549134834,0.008756460930373975,6.3469022988505746,0.08571428571428572,1.9772727272727273,1.2541040678877255,-0.7155297006817951,0.8570730636335725,0.848780487804878,1.9863013698630136,38.15384615384615,-0.4635759920477508,0.020957367063617043,0.2514021429904176,Trucking,Industrials,YELL
2018Q1,2018,Q1,2018-05-03,2018-03-31,-14600000.0,1214500000.0,1300000.0,-0.44,61500000.0,0.0506381227,1608700000.0,-365900000.0,744000000.0,583600000.0,1974600000.0,0.0,-2243200000.0,289809430.0,1085809430.0,-11.148350141677584,1.2748457847840986,0.5594579474109529,-2.4596884394643346,0.0008782056472602343,-11.148350141677584,0.039901612462421424,0.23862447920955127,-4.962490239726027,-0.792045449576387,0.0,0.0,0.0,0.7549574190340026,1.0848183687457162,-0.009075651146888792,-10.654758455882353,0.05063812268423219,-0.9130434782608695,0.847847539125336,-0.7332547054682077,0.8546169091390319,-0.06818181818181818,-0.9466666666666667,-0.8142857142857143,0.36571577366342906,-0.03938096565109317,0.28422339792885576,Trucking,Industrials,YELL
2017Q4,2017,Q4,2018-02-15,2017-12-31,-7500000.0,1208600000.0,7000000.0,-0.23,66000000.0,0.0546086381,1585500000.0,-353500000.0,700100000.0,544200000.0,1939000000.0,0.0,-2228600000.0,470657400.0,1285157400.0,-10.800488848151543,1.2864755604557148,0.5714916430148218,-2.563224893917963,0.004278923895467112,-10.800488848151543,0.021216407355021217,0.3894236306470296,-15.688580000000002,-1.3314212164073551,0.0,0.0,0.0,0.7622831914222643,1.065600882028666,-0.004730368968779565,-13.073816666666668,0.054608638093662086,-3.555555555555556,0.9493992828265255,-0.7536872901833646,0.8661742003316781,-0.35294117647058826,-3.5,-0.77491961414791,-2.1331347387717687,-0.07027552481637282,0.30185075354105384,Trucking,Industrials,YELL
2017Q3,2017,Q3,2017-11-02,2017-09-30,3000000.0,1251200000.0,31100000.0,0.09,102000000.0,0.0815217391,1701600000.0,-403700000.0,809900000.0,583400000.0,2105300000.0,0.0,-2221100000.0,451577400.0,1232277400.0,-12.336888427100204,1.3882413438464176,0.5533027738598966,-2.332177359425316,0.02990384615384615,-12.336888427100204,-0.007431260837255388,0.36091544117647056,37.63145,-1.118596482536537,0.0,0.0,0.0,0.7353079454630935,1.181522111758656,0.001763046544428773,-75.2629,0.08152173913043478,-0.8421052631578948,-0.770436695901965,-0.7677639019344588,0.7844272950351785,-0.1091703056768559,-0.8421052631578947,-0.378,1.3407847691226356,-0.11423260150423666,-0.046483733438325445,Trucking,Industrials,YELL
2017Q2,2017,Q2,2017-08-03,2017-06-30,19000000.0,1260600000.0,50000000.0,0.57,114500000.0,0.0908297636,1759100000.0,-410500000.0,857000000.0,564100000.0,2169600000.0,0.0,-2224100000.0,363790800.0,1136590800.0,-12.547760965917774,1.5192341783371743,0.5616508441816838,-2.4068209500609012,0.049947003600390324,-12.547760965917774,-0.04628501827040195,0.28858543550690147,4.786721052631579,-0.8862138855054811,0.0,0.0,0.0,0.7166164515945654,1.2868285764935294,0.01080097777272469,8.744971153846153,0.09082976360463271,1.7307692307692308,1.1808106751929712,-0.7832453932830077,0.8007086994216762,0.8770491803278688,1.7509881422924902,39.46153846153846,4.628292582507556,-0.10476202407110913,-0.0599118617237167,Trucking,Industrials,YELL
2017Q1,2017,Q1,2017-05-04,2017-03-31,-25300000.0,1170600000.0,-1300000.0,-0.78,61000000.0,0.052110029,1727900000.0,-438000000.0,788900000.0,545200000.0,2165900000.0,0.0,-2243100000.0,358573680.0,1166373680.0,-13.448784082535004,1.4469919295671314,0.5730655709242433,-2.260730593607306,-0.001366777621250088,-13.448784082535004,0.05776255707762557,0.3063161455663762,-3.543218181818182,-0.8186613698630136,0.0,0.0,0.0,0.6774697609815383,1.240278796771827,-0.014642051044620638,-8.49700663507109,0.052110029044934225,-2.391304347826087,0.9343694414882144,-0.7925427385474825,0.7853195141427974,-0.1223021582733813,-2.3733333333333335,-1.087248322147651,0.7527403544352697,-0.3367609723834346,0.1724053110984243,Trucking,Industrials,YELL
2016Q4,2016,Q4,2017-02-17,2016-12-31,-7500000.0,1148300000.0,14900000.0,-0.23,69500000.0,0.0605242532,1770000000.0,-416200000.0,780800000.0,561900000.0,2186200000.0,0.0,-2217800000.0,431228160.0,1291628160.0,-12.81719635378172,1.389571098060153,0.5633333333333334,-2.395723209995195,0.016865124281251417,-12.81719635378172,0.01802018260451706,0.3755361490899591,-14.374272,-1.0361080249879866,0.0,0.0,0.0,0.6487570621468927,1.0418223883253248,-0.00423728813559322,-53.23804444444445,0.0605242532439258,-1.5476190476190477,0.9822077990634553,-0.7989359300872376,0.7504366085335117,-0.31527093596059114,-1.539568345323741,-0.615979381443299,-6.867170177383592,-0.7024748302971674,0.7819960961654234,Trucking,Industrials,YELL
2016Q3,2016,Q3,2016-10-27,2016-09-30,13900000.0,1221300000.0,38800000.0,0.42,101500000.0,0.0831081634,1870600000.0,-342200000.0,872500000.0,582400000.0,2212800000.0,0.0,-2210300000.0,399981120.0,1164081120.0,-10.540257500154008,1.4981112637362637,0.5562386400085534,-3.0406195207481006,0.03863899492187948,-10.540257500154008,-0.040619520748100525,0.32750439695406536,7.193905035971223,-1.1688518994739918,0.0,0.0,0.0,0.6528921201753448,1.2949862637362637,0.00743077087565487,38.459723076923076,0.0831081634324081,-0.4939759036144578,1.0041807846409194,-0.9654412854839084,0.9524710773879502,-0.11815812337098175,-0.4870848708487085,-0.32167832167832167,1.0962061904817402,-0.7003967862608412,0.8420544471627568,Trucking,Industrials,YELL
2016Q2,2016,Q2,2016-07-28,2016-06-30,27100000.0,1207600000.0,57200000.0,0.83,115100000.0,0.0953130176,1886000000.0,-359800000.0,864500000.0,592800000.0,2245800000.0,0.0,-2224200000.0,285639200.0,1086539200.0,-11.084753073107613,1.4583333333333333,0.5537645811240721,-2.90272373540856,0.05089893698411354,-11.084753073107613,-0.07531962201222901,0.23653461411063265,2.6350479704797047,-0.7938832684824902,0.0,0.0,0.0,0.6402969247083775,1.22638326585695,0.014369034994697773,9.184540192926045,0.09531301755548195,3.243243243243243,1.0031206333499845,-0.9952899632494844,0.9945831213156523,0.5184696569920845,3.2583333333333333,3.2686567164179103,1.4856792338536502,-0.736982952584728,0.8482175042959045,Trucking,Industrials,YELL
2016Q1,2016,Q1,2016-04-28,2016-03-31,-12000000.0,1120300000.0,13400000.0,-0.37,75800000.0,0.0676604481,1863800000.0,-392700000.0,753200000.0,575100000.0,2256500000.0,0.0,-2251300000.0,300700480.0,1176000480.0,-12.171460451276966,1.3096852721265866,0.5688378581392853,-2.699770817417876,0.012363049244608465,-12.171460451276966,0.030557677616501147,0.2684106757118629,-6.264593333333333,-0.7657256939139292,0.0,0.0,0.0,0.6010838072754587,1.1274560945922447,-0.00643845906213113,-9.7314071197411,0.06766044809426047,0.4931506849315068,0.9994225603258929,-0.995090151950094,0.9932250728270906,0.44106463878326996,0.48936170212765956,2.098360655737705,0.8727842240293091,-0.7496963492050797,0.8412747609995316,Trucking,Industrials,YELL
2015Q4,2015,Q4,2016-02-18,2015-12-31,-23500000.0,1142700000.0,-12200000.0,-0.73,52600000.0,0.0460313293,1894600000.0,-379400000.0,734400000.0,573500000.0,2274000000.0,0.0,-2239300000.0,455660120.0,1359460120.0,-11.806808987365407,1.280557977332171,0.568774411485274,-2.8402741170268846,-0.007530508145136296,-11.806808987365407,0.06193990511333685,0.3987574341471952,-4.847448085106383,-1.201001897733263,0.0,0.0,0.0,0.6031352264330202,1.048299912816042,-0.01240367359864879,34.78321526717557,0.04603132930777982,-2.1967213114754096,-1.0050229538951636,-0.9948274128666311,0.9900349786544606,-0.5290957923008057,-2.186868686868687,-1.2557651991614256,0.8385104266817546,-0.762798366450279,0.8537051723787737,Trucking,Industrials,YELL
2015Q3,2015,Q3,2015-10-29,2015-09-30,19800000.0,1244900000.0,47700000.0,0.61,111700000.0,0.0897260824,1964800000.0,-427300000.0,811400000.0,614100000.0,2392100000.0,0.0,-2215800000.0,425181900.0,1295281900.0,-13.326056447840324,1.3212831786354013,0.5500814332247557,-2.5293704657149543,0.0381870781099325,-13.326056447840324,-0.046337467821202905,0.3415389991163949,5.368458333333333,-0.9950430610812075,0.0,0.0,0.0,0.6336013843648208,1.1537208923628073,0.010077361563517915,13.627625,0.08972608241625833,-0.23750000000000007,1.0000639207966977,-0.9997881603813348,0.999312311541023,-0.07533112582781457,-0.23846153846153847,-0.1616871704745167,0.5462092624356775,-0.7641915707683838,0.7671427400879821,Trucking,Industrials,YELL
2015Q2,2015,Q2,2015-07-30,2015-06-30,26000000.0,1258400000.0,56900000.0,0.8,120800000.0,0.0959949142,1968600000.0,-445200000.0,806800000.0,606400000.0,2413800000.0,0.0,-2235600000.0,414438420.0,1302638420.0,-13.943437000845627,1.3304749340369393,0.5507467235598903,-2.4353099730458223,0.05679045993977001,-13.943437000845627,-0.05840071877807727,0.3293375874125874,3.984984807692308,-0.9309039083557952,0.0,0.0,0.0,0.6392360052829422,1.1690303430079156,0.013207355481052525,11.641528651685393,0.09599491417673237,2.142857142857143,-0.8874440164114129,-0.9949373488273935,0.9738048961584783,0.5915678524374176,2.2037037037037037,5.118279569892473,1.253516028511268,-0.7782971117470694,0.7785417093951471,Trucking,Industrials,YELL
2015Q1,2015,Q1,2015-04-30,2015-03-31,-21600000.0,1186400000.0,9300000.0,-0.7,75900000.0,0.0639750506,1966200000.0,-479700000.0,759600000.0,610900000.0,2445900000.0,0.0,-2261600000.0,553150009.201,1505150009.201,-15.575181012370532,1.2434113602880996,0.5535550808666463,-2.2689180737961228,0.01115610775796,-15.575181012370532,0.0450281425891182,0.4662424217810182,-6.40219918056713,-1.1531165503460497,0.0,0.0,0.0,0.6033974163360798,1.0671140939597314,-0.01098565761367104,-11.744161554161359,0.06397505057316251,-5.375,0.9998222303131636,-0.9974824675926682,0.989686993270815,-0.2118380062305296,-4.483870967741935,-0.7019230769230769,0.9407492566046103,-0.7776660762480432,0.7513762280270531,Trucking,Industrials,YELL
2014Q4,2014,Q4,2015-02-20,2014-12-31,6200000.0,1217700000.0,31200000.0,0.16,96300000.0,0.0790835181,1985000000.0,-474300000.0,751700000.0,603500000.0,2459300000.0,14200000.0,-2240000000.0,689520910.0,1628320910.0,-15.470171890798786,1.2455675227837615,0.5591435768261964,-2.340080118068733,0.03232323232323232,-15.470171890798786,-0.013071895424836602,0.5662485916071281,27.8032625,-1.453765359477124,0.0,78.97183098591549,0.0,0.6134508816120907,1.0631317315658657,0.003123425692695214,20.768702108433736,0.07908351810790835,6.333333333333334,-0.9998824440008613,-0.9975908025418768,-1.0064297583847588,0.031049250535331904,4.166666666666667,0.16853932584269662,1.0155779804195881,-0.7741758088680396,0.6987805712675882,Trucking,Industrials,YELL
2014Q3,2014,Q3,2014-10-30,2014-09-30,1200000.0,1322600000.0,26700000.0,-0.03,93400000.0,0.0706184788,2046600000.0,-361200000.0,851400000.0,655500000.0,2407800000.0,0.0,-2246200000.0,622584480.0,1550684480.0,-11.788896504455106,1.2988558352402746,0.5421186357861819,-3.0717054263565893,-0.009703915487497577,-11.788896504455106,-0.0033222591362126247,0.47072771813095415,129.7051,-1.7236558139534883,0.0,0.0,0.0,0.6462425486172187,1.1183829138062549,0.0005863383172090296,97.278825,0.07061847875396945,0.8125,1.000001958337803,-0.9997377262946952,0.999585181781057,0.11058263971462545,1.2448979591836735,1.153225806451613,1.0003824533244823,-0.9603431752061481,0.9468406203896325,Trucking,Industrials,YELL
2014Q2,2014,Q2,2014-07-31,2014-06-30,-4900000.0,1317600000.0,12400000.0,-0.16,84100000.0,0.0638281724,2179500000.0,-362400000.0,959500000.0,758300000.0,2541900000.0,0.0,-2247400000.0,860503350.612,1881803350.612,-11.838494707957663,1.2653303441909534,0.5483826565726084,-3.2980132450331126,0.004244724134847537,-11.838494707957663,0.013520971302428256,0.653083903014572,-43.90323217408164,-2.3744573692384106,0.0,0.0,0.0,0.6045423262216104,0.963339047870236,-0.0022482220692819454,-69.39543150096775,0.06382817243472981,0.9490445859872612,0.9999958931171561,-0.9997430278472406,0.998713580959607,1.9405594405594406,0.9301994301994302,1.4575645756457565,0.9994017083167046,-0.9945508569531437,0.9942147841079224,Trucking,Industrials,YELL
2014Q1,2014,Q1,2014-05-01,2014-03-31,-70200000.0,1210900000.0,-27100000.0,-3.14,28600000.0,0.0236187959,2215100000.0,-363100000.0,949100000.0,755500000.0,2578200000.0,0.0,-2242500000.0,502740000.0,1567140000.0,-16.25044754744003,1.256254136333554,0.5439483544760959,-3.3183695951528502,-0.02251941604491525,-16.25044754744003,0.19333516937482786,0.4151787926335783,-1.7903846153846152,-1.3845772514458827,0.0,0.0,0.0,0.5466570357997381,0.8950363997352746,-0.0316915714866146,-7.4041237113402065,0.023618795936906432,-0.8362573099415206,0.9999091714843396,-0.9997145707119428,-1.0006197619309418,-0.5326797385620915,-176.5,-25.636363636363637,0.9951222473672794,-0.9923369919584656,0.9909546106564772,Trucking,Industrials,YELL
2013Q4,2013,Q4,2014-03-10,2013-12-31,400000.0,1207700000.0,1100000.0,-1.71,61200000.0,0.0506748365,2064900000.0,-597400000.0,797900000.0,584600000.0,2662300000.0,17000000.0,-2154200000.0,176496580.16099998,1363596580.161,-58.793425843913,1.364864864864865,0.6602741052835488,-2.2822229661868096,-1.0802304327918732e-05,-58.793425843913,-0.0006695681285570807,0.14614273425602384,110.31036260062498,-0.29544121218781383,0.0,67.44117647058823,0.0,0.5848709380599545,1.0899760520013684,0.0001937139813066008,37.55246386404255,0.05067483646600977,0.6157303370786517,1.0000012748446478,-0.9995122681038315,-1.0009809356053292,-0.1752021563342318,1.009009009009009,-0.8103448275862069,-0.9997296168278508,-0.9827112739744861,0.950377977306236,Trucking,Industrials,YELL
2013Q3,2013,Q3,2013-11-12,2013-09-30,-44400000.0,1252700000.0,5800000.0,-4.45,74200000.0,0.0592320588,2133900000.0,-665800000.0,859200000.0,1010800000.0,2799700000.0,0.0,-2154600000.0,168411750.023,1358911750.023,-66.73348702014634,0.850019786307875,0.6377993345517596,-2.044157404626014,0.006979627845332618,-66.73348702014634,0.06668669270051067,0.13443901175301348,-0.9482643582376126,-0.25294645542655453,0.0,0.0,0.0,0.5870471905899995,0.6821329639889196,-0.02080697314775763,-76.55079546500001,0.05923205875309332,-1.5872093023255818,0.9999527969191699,-0.9995969366859563,-1.0005645943611723,0.06,-1.9403973509933774,-0.5944055944055944,0.999539328620639,-0.9993149045731903,0.996556231843181,Trucking,Industrials,YELL
2013Q2,2013,Q2,2013-08-07,2013-06-30,-15100000.0,1242500000.0,14300000.0,-1.72,70000000.0,0.0563380282,2172500000.0,-641500000.0,790100000.0,684600000.0,2814000000.0,0.0,-2110200000.0,277750088.784,1478050088.784,-73.03051001821494,1.154104586619924,0.6288607594936709,-2.129696024941543,0.008393783632180227,-73.03051001821494,0.023538581449727203,0.22354131894084506,-4.598511403708609,-0.4329697408947778,0.0,0.0,0.0,0.571921749136939,1.0086181711948583,-0.006950517836593786,-10.601148426870228,0.056338028169014086,0.410958904109589,-1.000360876896477,-0.9995509517860571,-1.0003460504730899,0.26811594202898553,0.3836734693877551,1.5087719298245614,-1.2376102529073842,-0.9818302612823415,0.8627998395653514,Trucking,Industrials,YELL
2013Q1,2013,Q1,2013-05-03,2013-03-31,-24500000.0,1162500000.0,5700000.0,-2.92,55200000.0,0.047483871,2200900000.0,-642600000.0,790800000.0,679700000.0,2843500000.0,0.0,-2095100000.0,61760600.0,1249060600.0,-76.68257756563246,1.1634544652052377,0.6223363169612431,-2.1314970432617493,0.004683899660907801,-76.68257756563246,0.03812636165577342,0.05312739784946237,-0.6302102040816326,-0.0961104886399004,0.0,0.0,0.0,0.528193011949657,1.011328527291452,-0.011131809714207824,-1.9858713826366559,0.04748387096774193,0.35540838852097134,0.999516796836896,-0.9995288888762414,-1.000369838563807,1.0251790357159147,0.3059490084985836,-0.81,0.9992589241893761,-0.9909337124228639,0.9492251205416158,Trucking,Industrials,YELL
2012Q4,2012,Q4,2013-02-21,2012-12-31,-35300000.0,1168600000.0,30000000.0,-4.53,-2192300000.0,-1.8760054766,2225500000.0,-629100000.0,774100000.0,595200000.0,2854600000.0,27400000.0,-2070600000.0,52616250.0,1219316250.0,-80.70558050032072,1.3005712365591398,0.6180184228263311,-2.186297885868701,0.027029758768974434,-80.70558050032072,0.05611190589731362,0.04502502995036796,-0.3726363314447592,-0.08363733905579399,0.0,122.66058394160584,0.0,0.5250954841608627,1.1236559139784945,-0.015861604133902495,13.84638157894737,-1.876005476638713,-0.05348837209302336,0.9999533340942479,-0.9995160517003661,-1.0003795250221754,-3.6267673136832017,-12.766666666666667,0.0989010989010989,-1.0026325078737206,-0.9909063164298957,-1.0335430909612193,Trucking,Industrials,YELL
2012Q3,2012,Q3,2012-11-02,2012-09-30,3000000.0,1236800000.0,27300000.0,-4.3,834600000.0,0.6748059508,2366900000.0,-429900000.0,822400000.0,682100000.0,2796800000.0,0.0,-2035300000.0,50405520.0,1238405520.0,-57.22843450479233,1.2056883154962617,0.581942625374963,-3.2040009304489416,-0.01394161205208954,-57.22843450479233,-0.006978367062107467,0.040754786545924966,4.20046,-0.11724940683879972,0.0,0.0,0.0,0.5225400312645232,1.0373845477202757,0.0012674806709197684,-1.0329,0.6748059508408797,-0.3395638629283489,-0.9999253697520056,-0.9994899386425025,-1.000190027527132,-0.004888517944437821,1.1327433628318584,0.7612903225806451,1.0000199685542945,-0.9989996667203037,0.9979862918242434,Trucking,Industrials,YELL
2012Q2,2012,Q2,2012-08-03,2012-06-30,-22600000.0,1250800000.0,15500000.0,-3.21,838700000.0,0.6705308602,2427700000.0,-443000000.0,872300000.0,683500000.0,2870700000.0,0.0,-2038300000.0,49533440.0,1215633440.0,-62.9619101762365,1.2762253108997805,0.569633809778803,-3.1216704288939052,0.015927317235967093,-62.9619101762365,0.051015801354401806,0.03960140709945635,-0.5479362831858408,-0.11181363431151241,0.0,0.0,0.0,0.515220167236479,1.0582297000731529,-0.00930922272109404,-3.2820991253644314,0.6705308602494403,0.7288851351351351,-1.0004447921144877,-0.9994518515780474,-1.0002120135401726,0.07335052502927494,0.7230018752527915,1.3176229508196722,0.9999175879823256,-0.9989386558680771,0.9931583024642668,Trucking,Industrials,YELL
2012Q1,2012,Q1,2012-05-03,2012-03-31,-81589000.0,1194255000.0,-48800000.0,-11.84,781385000.0,0.6542865636,2481470000.0,-431816000.0,882824000.0,689891000.0,2913286000.0,0.0,-2015684000.0,45700590.0,1215237590.0,-62.64558247497461,1.2796572212132062,0.5625177817986919,-3.2325597013542806,-0.04873151507638221,-62.64558247497461,0.18894390203234712,0.038267028398457616,-0.14003293948939194,-0.10583348000074105,0.0,0.0,0.0,0.48126916706629536,1.0374493941796603,-0.03287930138184222,-1.4189204545454546,0.654286563589853,0.0878274268104777,-1.070741369897757,-0.9994311959292663,-1.00021711296347,0.00981923966156061,0.08819749444016048,-0.19085385197296176,0.9996578083883694,-0.9990874850938507,-1.0023891863314112,Trucking,Industrials,YELL
2011Q4,2011,Q4,2012-02-28,2011-12-31,-89481000.0,1212328000.0,-40979000.0,-12.98,773787000.0,0.6382653869,2485840000.0,-354014000.0,837959000.0,675736000.0,2844452000.0,25909000.0,-1930202000.0,68723210.0,1222862210.0,-51.35847961700276,1.2400686066747961,0.5449506001995301,-3.8265718304925795,-0.04515791699582428,-51.35847961700276,0.25276119023541443,0.05668697745164675,-0.19200503458834836,-0.1941256842949714,0.0,16.926203249835964,0.0,0.4876934959611238,1.0023352315105307,-0.035996282946609594,-7.871172832436147,0.6382653869249906,0.8732545649838882,-1.0021358628954118,-0.9994416110223617,-1.0001790537945525,-0.06772650602409638,0.2548466073748376,-0.7303859471328435,0.9995796062260135,-0.9992782772414783,-1.0008568876633528,Trucking,Industrials,YELL
2011Q3,2011,Q3,2011-11-09,2011-09-30,-120084000.0,1276418000.0,-23682000.0,-102.41,830000000.0,0.6502572041,2684596000.0,-260046000.0,958066000.0,691523000.0,2947274000.0,0.0,-1821294000.0,17589285.0,1195873285.0,-221.76512575695943,1.385443434274782,0.4995530053684055,-5.157156810718104,-0.020433214140574144,-221.76512575695943,0.4617798389515701,0.013780191912053888,-0.03661871065254322,-0.06763912923098221,0.0,0.0,0.0,0.47545999472546335,1.0258429582240938,-0.04473075278365907,-3.6552961346633417,0.6502572041447238,0.6172161172161172,-1.0081906086896866,-0.9967565688524863,-1.0007821119246976,0.025831170436287233,-1.8199985909870136,-3.583317205341591,0.9989137855747916,-0.9965056841402015,-1.0018762295377917,Trucking,Industrials,YELL
2011Q2,2011,Q2,2011-08-08,2011-06-30,-42583000.0,1257212000.0,-5167000.0,-267.54,809100000.0,0.6435668765,2589422000.0,-325703000.0,886494000.0,706068000.0,2918215000.0,0.0,-1643429000.0,53956596.0,1196864596.0,-2046.3358548415472,1.25553629395469,0.5015922472273735,-3.9877864189153924,-0.005006786724952347,-2046.3358548415472,0.13074181079081248,0.042917659074205465,-0.3167731019420896,-0.16566195583092572,0.0,0.0,0.0,0.48551838981826834,0.9863653359166539,-0.016444982702703538,-1.9452931463388254,0.6435668765490625,0.5846297158826269,-1.0222178014578542,-0.9764153253930764,-1.0075072508177638,0.11441982953825472,0.5836177140678016,0.9239856415688351,-1.0561650136172784,-0.9749243282729313,-1.0096964335931966,Trucking,Industrials,YELL
2011Q1,2011,Q1,2011-05-10,2011-03-31,-102269000.0,1122886000.0,-67974000.0,-644.1,726028000.0,0.6465732051,2624343000.0,-285250000.0,860159000.0,1634432000.0,2911989000.0,0.0,-1601294000.0,82881594.0,1041721594.0,-1796.5448396178288,0.5262739593938445,0.42506829328330936,-3.910692375109553,-0.07838127101523441,-1796.5448396178288,0.358524101665206,0.07381122749771571,-0.2026068358935748,-0.2905577353198948,0.0,0.0,0.0,0.4278731857840229,0.4005061085441303,-0.038969372524856695,-1.4717237374813552,0.6465732051161026,-5.424067587059551,-1.11692510619241,-0.9772153390966212,-1.0069105870617883,-0.019318412059486985,-5.423973699009387,-6.15440479949479,0.8935454765195249,-0.9759827935593408,-1.0086647004364233,Trucking,Industrials,YELL
2010Q4,2010,Q4,2011-03-14,2010-12-31,23117000.0,1091559000.0,-9501000.0,145.59,740330000.0,0.6782317768,2592933000.0,-188123000.0,768032000.0,1018697000.0,2782950000.0,16463000.0,-1499514000.0,177195132.0,1094313132.0,-1184.8252580663445,0.7539356648738536,0.40885553155442117,-5.635329013464595,0.004667895594055863,-1184.8252580663445,-0.12288236951356293,0.16233216161471803,1.9162859800147078,-0.9419110475593097,0.0,21.334446941626677,0.0,0.4209746260316021,0.5747705156685452,0.008915386552602786,46.66714037397946,0.6782317767523331,1.0150709137265497,-0.9855082236141844,-0.9788227251162466,-1.0046799816982854,-0.04931349938104508,1.385778415633396,0.5422087308470657,1.0015003237867004,-0.9778073671323528,-1.0055717439804523,Trucking,Industrials,YELL
2010Q3,2010,Q3,2010-11-09,2010-09-30,-59923000.0,1136836000.0,-20754000.0,-9660.33,778732000.0,0.6849994194,2673070000.0,-120202000.0,791752000.0,1079953000.0,2794724000.0,0.0,-1522631000.0,11630625.0,956996625.0,-19378.04288247622,0.7331356086792666,0.39666376114355406,-8.821067869087036,-0.020761670403166853,-19378.04288247622,0.49851915941498476,0.01023069730374478,-0.04852320895148774,-0.09675899735445334,0.0,0.0,0.0,0.42529226694400074,0.5661450081623922,-0.02241729546925445,3.7921829149005544,0.6849994194413266,-1337.1452282157675,-1.8756988637097727,-0.4313504855047068,-1.079059783929432,0.0315998081809246,-58.61826923076923,-1.4297784220335472,-2.8052650572003013,-0.43222722793244855,-1.0643449642032106,Trucking,Industrials,YELL
2010Q2,2010,Q2,2010-08-09,2010-06-30,1040000.0,1119101000.0,48290000.0,7.23,754878000.0,0.6745396528,2843283000.0,-76518000.0,857801000.0,1148884000.0,2920537000.0,0.0,-1460889000.0,161721000.0,1176381000.0,-532.2917246368746,0.7466384769915849,0.407609443027655,-15.14609634334405,0.036706523077233245,-532.2917246368746,-0.013591573224600747,0.14450974487557422,38.87524038461538,-2.1135027052458244,0.0,0.0,0.0,0.3935946580062554,0.5408039453939649,0.0003657743530981615,-4.054580554580554,0.6745396528106042,1.001832648519306,-0.9993329510116424,-0.9738482689131253,-1.0020787866147087,0.11432620344537443,1.0037937097374314,1.2169937225050664,-0.9989981702724022,-0.9759955635506271,-1.0017924019876299,Trucking,Industrials,YELL
2010Q1,2010,Q1,2010-05-10,2010-03-31,-274138000.0,1063235000.0,-222541000.0,-3945.11,677430000.0,0.6371404252,2919206000.0,-104944000.0,825678000.0,1202894000.0,3024150000.0,0.0,-1451418000.0,281426400.0,1311630400.0,-1510.2463734745568,0.6864096088267129,0.3975283005036301,-11.057964247598719,-0.2063677748608193,-1510.2463734745568,2.612231285256899,0.2646888035100425,-0.25664665241593654,-2.6816816587894494,0.0,0.0,0.0,0.36422061341337336,0.5381654576379964,-0.09390841208191543,19.3300638780136,0.6371404252117359,-3.2933486025205787,-1.5143599087679687,-0.9406822197468224,-1.0077335924745474,-0.08337606843389275,-3.2933509570338644,-1.5566201390085588,-24.57814107592187,-0.9497665092516862,-1.00523411312914,Trucking,Industrials,YELL
2009Q4,2009,Q4,2010-03-16,2009-12-31,119536000.0,1145565000.0,-87045000.0,1720.24,739049000.0,0.6451392981,3032074000.0,167190000.0,858820000.0,1009828000.0,2864884000.0,18407000.0,-1177280000.0,437774400.0,1472895400.0,2406.0269399032927,0.8504616627782157,0.37364160637240384,6.776176804832825,-0.1375435274165423,2406.0269399032927,0.7149709910879837,0.38214715009624073,0.9155702047918618,2.618424546922663,0.0,22.08485902102461,0.0,0.3778156469795922,0.6076232784196913,0.03942383991947426,-6.769462957522151,0.6451392980756221,1.086014150353759,-0.8233458406334385,-0.9395536513319053,-0.9871097667137453,-0.12591955681501,1.7530490877935692,0.2620365738896001,-0.7169652709565625,-0.9476598571084264,-0.9916117405227338,Trucking,Industrials,YELL
2009Q3,2009,Q3,2009-11-09,2009-09-30,-158736000.0,1306338000.0,-117953000.0,-19999.5,845516000.0,0.6472413724,3281003000.0,-225565000.0,1005132000.0,1687869000.0,3506568000.0,0.0,-1296816000.0,264897375.0,1743953375.0,-28419.42799546428,0.595503560999106,0.5004039923157644,-7.2787311861326005,-0.08009381494088323,-28419.42799546428,0.7037261986567065,0.20277858793053558,-0.41719801273813123,-1.1743726863653492,0.0,0.0,0.0,0.3981520285107938,0.48087973651983656,-0.04838032760104151,-3.2511920541993446,0.6472413724472533,0.486870351730945,-3.29867752055639,-0.4014737558862888,-1.1593999471924858,-0.010671209731394418,0.4863527668208014,0.6064376422227116,-2.5995838502414372,-0.5095803424199886,-1.1002284441814947,Trucking,Industrials,YELL
2009Q2,2009,Q2,2009-08-10,2009-06-30,-309037000.0,1328080000.0,-299706000.0,-38975.53,854636000.0,0.643512439,3418320000.0,-72968000.0,1031668000.0,1727847000.0,3491288000.0,0.0,-1138080000.0,102878775.0,1541090775.0,-9202.673729347964,0.5970829593129484,0.46886218961361137,-21.964710558052847,-0.16423007612896695,-9202.673729347964,4.235240105251617,0.07746429055478586,-0.08322528936664542,-1.4099163331871505,0.0,0.0,0.0,0.38851833649278006,0.48302135547881264,-0.09040610592337757,-0.6429401048664796,0.6435124390096982,-0.12677727002420053,-6.310880523821497,-0.36038139949645126,-1.0547424979336155,-0.11004988967207771,-0.12877033552242295,0.20973402558227225,-4.2366946754011465,-0.49988251930532346,-1.0337612126165918,Trucking,Industrials,YELL
2009Q1,2009,Q1,2009-05-11,2009-03-31,-273782000.0,1502795000.0,-379247000.0,-34590.27,960319000.0,0.6390219558,3674725000.0,207535000.0,1196346000.0,1672542000.0,3467190000.0,0.0,-829043000.0,266537625.0,1438679625.0,26220.46746683512,0.7152860735335794,0.38660335127118356,6.845404389621028,-0.1402047367124165,26220.46746683512,-1.3192088081528417,0.17736126683945583,-0.24338490569138949,1.2843020454381189,0.0,0.0,0.0,0.4089544115546061,0.5780673968127557,-0.07450407853648912,-2.435690624143288,0.639021955755775,-0.12017952526002909,-13.158796738367851,-0.21931446978578556,-0.8369179084620729,4.2998158214842865,-0.12017969878359634,-0.13101373033198535,-7.279214632257176,-0.388293188429804,-0.8991403836773153,Trucking,Industrials,YELL
2008Q4,2008,Q4,2009-03-02,2008-12-31,-244409000.0,1928823000.0,-335316000.0,-30879.22,-291022000.0,-0.1508806148,3966113000.0,474394000.0,1460505000.0,1753651000.0,3491719000.0,24719000.0,-547338000.0,170370375.0,1205773375.0,59936.07075173721,0.8328367502998031,0.34309461177732453,2.8684005278312963,-0.12668622870501645,59936.07075173721,-0.5152025531520213,0.0883286724598369,-0.17426769779345277,0.359132651340447,0.0,89.80318783122294,0.0,0.4863257804303609,0.6628479668987729,-0.06162431579735625,-196.0533659378596,-0.1508806147583267,0.6724680600561104,-292.2606560027675,0.7216108717739097,-0.6182838745839057,-1.1401140181903355,0.6607230608205091,-5.548322775795884,-4.07357643582529,-0.24932507734597956,-0.7632564698670801,Trucking,Industrials,YELL
2008Q3,2008,Q3,2008-11-10,2008-09-30,-720382000.0,2380258000.0,73723000.0,-94278.5,2077037000.0,0.872610028,4159552000.0,903145000.0,1416769000.0,1308367000.0,3256407000.0,0.0,-258864000.0,685397700.0,1766489700.0,118197.22549404528,1.0828528998362081,0.2845775218100411,1.310658864301967,0.032798325618212484,118197.22549404528,-0.7976371457517896,0.2879510120331493,-0.23785911502508392,0.7589010623986181,0.0,0.0,0.0,0.5722390295878018,0.9154977158549551,-0.17318740095087162,27.588057478666883,0.8726100279885626,-21.272897148030196,-22.391649430494073,0.592913130343242,0.15433671347474806,-0.01877985062287709,-20.85945856536362,0.03465068627726163,-9.546251565716087,-0.03345412925342619,-0.5177713680741183,Trucking,Industrials,YELL
2008Q2,2008,Q2,2008-08-06,2008-06-30,36274000.0,2398728000.0,71254000.0,4650.47,2116790000.0,0.882463539,5019480000.0,1607070000.0,1406757000.0,1649599000.0,3412410000.0,0.0,461518000.0,849262875.0,1983023875.0,211040.05252790544,0.8527872531445521,0.23808940368325004,0.7436421562221932,0.016766685373699925,211040.05252790544,0.022571512130772152,0.3540471762534143,5.853110182224183,0.5284541899232765,0.0,0.0,0.0,0.4778837648521361,0.713752251304711,0.007226644991114617,-37.45040679984125,0.8824635390090081,1.7686079355294015,0.023268889375258377,0.7413362250567916,1.1626799124112264,0.534699837452131,1.7907138964577656,1.0797055813147047,-0.5607984873164183,0.05817171989334969,-0.17581428367743554,Trucking,Industrials,YELL
2008Q1,2008,Q1,2008-05-08,2008-03-31,-45875000.0,2232592000.0,-893965000.0,-6050.51,1379286000.0,0.6177958176,5011025000.0,1572057000.0,1362046000.0,1571775000.0,3438968000.0,0.0,425244000.0,746068800.0,1860752800.0,207340.67528356635,0.8665655071495603,0.23438518067660807,0.7471166757948344,-0.21319286186717812,207340.67528356635,-0.029181511866300015,0.3341715817310104,-4.065770027247956,0.47458126518313265,0.0,0.0,0.0,0.44553599313513703,0.7096441920758378,-0.009154813635932768,13.264388578743377,0.6177958175967665,0.9376504828176639,-5.2415977069945905,0.7051244175652011,1.2303878271071311,-0.06991331555363747,0.9376504374322989,-12.512167472793228,-1.7888600809107909,0.14153970706987,0.061739537471286056,Trucking,Industrials,YELL
2007Q4,2007,Q4,2008-02-29,2007-12-31,-735771000.0,2348738000.0,-66160000.0,-97041.81,1482965000.0,0.631388005,5062623000.0,1612304000.0,1377534000.0,1595539000.0,3450319000.0,29051000.0,471119000.0,971822850.0,2147592850.0,212648.90530203114,0.8633659221115874,0.24374775684462383,0.7653662088539134,-0.021313654656924023,212648.90530203114,-0.4563475622463258,0.41376383828251595,-0.3302056108490278,0.6027541022040508,0.0,29.801831262262915,0.0,0.4639369749633737,0.7095708722882988,-0.14533395040476055,9.135991746025777,0.631388004962665,-19.482288454689336,-27.96251474892473,0.7044428082899898,1.329958724382319,-0.07227423295036894,-19.058388965246415,0.9142763111863195,-10.965379605585296,0.13582374020465646,0.13926155686355157,Trucking,Industrials,YELL
2007Q3,2007,Q3,2007-11-06,2007-09-30,40744000.0,2457731000.0,-771782000.0,5250.53,1598495000.0,0.6503946119,6204414000.0,2293022000.0,1744664000.0,1672201000.0,3911392000.0,0.0,1206890000.0,1557824400.0,2554902400.0,301158.6551090097,1.043333905433617,0.19377736559810482,0.5243189991199386,-0.14066502900324368,301158.6551090097,0.017768691272914083,0.6338465845123001,9.558612311015118,0.6793761246076139,0.0,0.0,0.0,0.396126209501816,0.8718784404506396,0.006566937667280101,-54.505594625800356,0.6503946119408511,-0.2631569345370497,1.851966288019383,0.8393905187617692,2.182979651860503,-0.019456353249544693,-0.2641103906659201,-0.031137938958630602,-0.3849508998221401,0.1738307792930672,0.6891498917078032,Trucking,Industrials,YELL
2007Q2,2007,Q2,2007-08-07,2007-06-30,55367000.0,2486505000.0,-748476000.0,7125.71,1630213000.0,0.6556242598,6017365000.0,2276878000.0,1565345000.0,1635141000.0,3740487000.0,0.0,1166146000.0,2116092000.0,3113119000.0,296971.1751662971,0.9573149960767909,0.17511020189069468,0.4627836888933004,-0.14699847295263743,296971.1751662971,0.02431706925008718,0.8510306635216901,9.554843137609046,0.9293831290038377,0.0,0.0,0.0,0.41322156791220077,0.7774350958113092,0.009201203516821731,-30.381794687724337,0.655624259754153,46.49840021330489,3.395575601284496,0.45730117734090936,1.134467460298321,0.07369385413634262,42.28928850664582,0.03442759780846093,-0.015988896069898798,0.23845188844116366,0.766545725840512,Trucking,Industrials,YELL
2007Q1,2007,Q1,2007-05-10,2007-03-31,1279000.0,2328342000.0,-775163000.0,150.02,1518322000.0,0.652104373,6068534000.0,2205593000.0,1641676000.0,1452890000.0,3862941000.0,0.0,1110779000.0,2305812600.0,3507423600.0,288539.1156462585,1.1299382609832815,0.21571915062188002,0.5935360694380151,-0.13458139576874784,288539.1156462585,0.0005798893993588119,0.9903238441775306,450.70613760750587,1.0454388456981862,0.0,0.0,0.0,0.38367454149552427,0.9206705256419963,0.00021075930364730593,-247.75035994412806,0.6521043729830068,-0.974767938024862,-0.7399839858265024,0.3281233164236249,1.2745855566632043,-0.03282105378489355,-0.9724703502012527,-0.08154683089699281,-0.9411852179650311,0.2524298259976628,0.794611882096068,Trucking,Industrials,YELL
