Quarters,Year,Quarter,FillingDate,Date,NetIncome,Revenue,OperatingIncome,EPSDiluted,GrossProfit,GrossProfitRatio,TotalAssets,CommonStockEquity,CurrentAssets,CurrentLiability,TotalLiability,Inventory,RetainedEarnings,MarketCap,EnterpriseValue,bookValuePerShare,currentRatio,debtToAssets,debtToEquity,roic,shareholdersEquityPerShare,roe,priceToSalesRatio,peRatio,pbRatio,payoutRatio,inventoryTurnover,dividendYield,assetTurnover,quickRatio,returnOnAssets,priceToFreeCashFlowsRatio,grossProfitMargin,epsdilutedGrowth,fiveYNetIncomeGrowthPerShare,fiveYRevenueGrowthPerShare,fiveYShareholdersEquityGrowthPerShare,grossProfitGrowth,netIncomeGrowth,operatingIncomeGrowth,threeYNetIncomeGrowthPerShare,threeYRevenueGrowthPerShare,threeYShareholdersEquityGrowthPerShare,Industry,Sector,Symbol
2023Q1,2023,Q1,2023-05-04,2023-03-31,162964000.0,105092000.0,75440000.0,1.48,232971000.0,2.2168290641,9311607000.0,2018606000.0,362452000.0,27899000.0,7293001000.0,0.0,-1690113000.0,1010848000.0,4751638000.0,19.809676153091267,12.991576759023621,0.4406588465342234,2.0327106924283393,0.02739135324910053,19.809676153091267,0.08073095988023418,9.618695999695506,1.5507228590363518,0.5007653796729029,0.26992464593407134,0.0,0.04351593909272215,0.011286129236339119,16.633893687945804,0.017501168165709742,-71.55939402520175,2.2168290640581585,53.61254612546126,0.9096172538307912,0.09282844272209241,-0.3903029630155261,2.4159013972371293,58.02354219485694,13.78427385188951,1.1992388723300789,1.1577790057974682,-0.08085188583576992,REIT—Mortgage,Real Estate,MFA
2022Q4,2022,Q4,2023-02-24,2022-12-31,2761000.0,31315000.0,-5901000.0,0.0271,-164539000.0,-5.2543190164,9112405000.0,1988849000.0,334183000.0,23040000.0,7123556000.0,0.0,-1717991000.0,1002730000.0,4299296000.0,19.536827111984284,14.504470486111112,0.39844025808773864,1.8255528700268346,-0.00042862385036918896,19.536827111984284,0.0013882401328607651,32.02075682580233,90.7940963419051,0.5041760334746378,19.26258601955813,0.0,0.05303920297587587,0.003436524166781437,30.469010416666666,0.0003029935565857751,174.87443320544122,-5.254319016445793,1.0467241379310346,-0.9738231311461785,-0.7282669097382062,-0.41844648155642744,-6.075424639862395,1.0468275639829718,0.8975218380424778,-0.969413724153947,-0.6920585000475851,-0.34487157885555536,REIT—Mortgage,Real Estate,MFA
2022Q3,2022,Q3,2022-11-03,2022-09-30,-58961000.0,-23255000.0,-57583000.0,-0.58,-23255000.0,1.0,9519846000.0,2033931000.0,434086000.0,24102000.0,7485915000.0,0.0,-1680129000.0,791965100.0,4461451100.0,19.980657203202515,18.01037258318812,0.43105445193126024,2.0175571344357306,-0.009983349231388008,19.980657203202515,-0.028988692340103966,-34.05569124919372,-3.3580040196061804,0.38937658160478406,-0.9019521378538355,0.0,0.06714942362990489,-0.002442791616587075,20.752053771471246,-0.00619348254162935,5.2224939826568635,1.0,0.43137254901960786,-1.9002926417595174,-1.2875974068786016,-0.3917176248164681,0.3732481673134972,0.43471966559288233,-2.241815829199914,-1.683157520932303,-1.2373186602807753,-0.3380437820751503,REIT—Mortgage,Real Estate,MFA
2022Q2,2022,Q2,2022-08-04,2022-06-30,-104304000.0,-37104000.0,46370000.0,-1.02,-37104000.0,1.0,9479626000.0,2146388000.0,385598000.0,242782000.0,7333238000.0,0.0,-1570817000.0,1102036250.0,4362610250.0,20.93730673559967,1.588247893171652,0.384632473897177,1.6987478498761641,0.008255942304550248,20.93730673559967,-0.048595128187447933,-29.701278837861146,-2.6414045722119956,0.513437575126212,-0.528234775272281,0.0,0.04999563308375745,-0.003914078466808712,1.836948373437899,-0.011002965728816727,14.483135324808453,1.0,0.135593220338983,-2.229262569916973,-1.372330251648667,-0.38251727486389675,0.3237095363079615,0.1735154751905675,2.170663973744004,-2.2317293256037987,-1.3816563617410829,-0.30708062986017076,REIT—Mortgage,Real Estate,MFA
2022Q1,2022,Q1,2022-05-04,2022-03-31,-126202000.0,-54864000.0,-39610000.0,-1.18,-54864000.0,1.0,9924958000.0,2348955000.0,410939000.0,242847000.0,7576003000.0,0.0,-1417115000.0,1717876160.0,4437630160.0,22.04184182869154,1.6921724377900489,0.3154363978164945,1.3328024589657954,-0.010914259173399415,22.04184182869154,-0.053726870033695834,-31.31153689122193,-3.4030287951062586,0.7313363431823939,-0.43936704648103836,0.0,0.03227764683572999,-0.005527882334615421,1.927258726687997,-0.012715620559804889,12.954641610171409,1.0,-17.619718309859156,-2.413088157119413,-1.5299182139812706,-0.3281683724642423,-1.756108653408856,-15.974133839582345,-1.4962539777994939,-2.500533398264423,-1.5679629423953065,-0.27106554454300286,REIT—Mortgage,Real Estate,MFA
2021Q4,2021,Q4,2022-02-23,2021-12-31,8428000.0,72561000.0,79818000.0,0.071,72561000.0,1.0,9139688000.0,2542848000.0,8655293000.0,236091000.0,6596840000.0,0.0,-1279484000.0,2019240959.9999998,4636464960.0,22.9697933227345,36.66083416987517,0.31969581456172247,1.1490737944226317,0.002767125367358065,22.9697933227345,0.0033143939393939395,27.828185388845245,59.89680113906027,0.7940863787375414,6.225320360702421,0.0,0.02598352600771332,0.007939111269443772,1.5031788589992843,0.0009221321340509654,179.95196150075748,1.0,-0.737037037037037,-0.902756625009362,-0.27804649319013974,-0.29755512558415925,0.0,-0.9363977330183909,0.0,-0.8690277402688377,-0.05615640479443948,-0.2957740860218671,REIT—Mortgage,Real Estate,MFA
2021Q3,2021,Q3,2021-11-05,2021-09-30,132511000.0,112038000.0,0.0,0.27,0.0,0.0,8487850000.0,2601087000.0,8263256000.0,168540000.0,5886763000.0,0.0,-1267504000.0,2014862730.0000002,3962138730.0,23.598565625361484,49.028456152842054,0.29141855711399234,0.9509551199171731,0.0,23.598565625361484,0.050944470523285074,17.983744176083118,3.801312211816378,0.7746233516987322,0.39584638256446636,0.0,0.02603353529696785,0.013199809138945669,3.368179660614691,0.01561184516691506,35.93797788281459,0.0,1.076923076923077,0.3510144476029036,0.005716701335545173,-0.27428940561723936,0.0,0.9862547591210241,0.0,0.47880747812929336,0.10991650514016205,-0.2879836479977705,REIT—Mortgage,Real Estate,MFA
2021Q2,2021,Q2,2021-08-05,2021-06-30,66714000.0,74620000.0,0.0,0.13,0.0,0.0,7208409000.0,2526537000.0,0.0,1412091000.0,4681872000.0,0.0,-1347466000.0,2026631880.0,3937286880.0,22.888823460134258,0.0,0.39080246417760145,1.1149902020037703,0.0,22.888823460134258,0.026405312884790526,27.159365853658535,7.594477470995593,0.8021382152725253,0.6274545072998171,0.0,0.02065495979467174,0.01035179885048143,0.667544797042117,0.00925502423627738,60.9385055777731,0.0,-0.8088235294117647,-0.2860985364579843,-0.3061119658892191,-0.2758633610052369,0.0,-0.21992002057950003,0.0,-0.14470224557746827,-0.1887759137680051,-0.28891539182095105,REIT—Mortgage,Real Estate,MFA
2021Q1,2021,Q1,2021-05-06,2021-03-31,85522000.0,78001000.0,0.0,0.68,0.0,0.0,6717960000.0,2542266000.0,780714000.0,236440000.0,4175694000.0,0.0,-1361664000.0,1836119450.0000002,2829817450.0,22.54106642135946,3.3019539840974454,0.2641295869579456,0.6979647291038782,0.0,22.54106642135946,0.03364006756177363,23.539691157805674,5.367389239026216,0.7222373465247146,0.49383784289422605,0.0,0.023001771480608193,0.011610816378781653,3.454165961766199,0.012730352666583308,92.96807341772153,0.0,5.728062509548858,-0.09927305112335474,-0.2825586081029761,-0.2695263267650924,-1.0,0.8665997337232905,0.0,-0.09455900039846798,-0.267158328551787,-0.30623694696652193,REIT—Mortgage,Real Estate,MFA
2020Q4,2020,Q4,2021-02-23,2020-12-31,45817000.0,39026000.0,0.0,0.10106921554829558,39026000.0,1.0,6932300000.0,2524802000.0,502598000.0,725200000.0,4407498000.0,0.0,-1405327000.0,1758408370.0,6006230370.0,22.341749385553708,0.6930474351902923,0.730230370872582,2.0049794003648604,0.0,22.341749385553708,0.018146769528858103,45.05735586532055,9.594737597398346,0.6964539674794301,0.6761027566187223,0.0,0.01761649940280937,0.005629589025287422,1.1765085493656922,0.006609206179767177,104.77318536614432,1.0,-0.8513688006642711,-0.48665344036148933,-0.6179313705932634,-0.2995495061897207,0.0,-0.4746359362458434,0.0,-0.6086948461618361,-0.6949424483831745,-0.3349522474208126,REIT—Mortgage,Real Estate,MFA
2020Q3,2020,Q3,2020-11-05,2020-09-30,87210000.0,85411000.0,0.0,0.68,0.0,0.0,7483259000.0,2565656000.0,884171000.0,0.0,4917603000.0,0.0,-1408910000.0,1214905640.0,5181855640.0,22.638657204686282,0.0,0.6482631431038268,1.8907916727729672,0.0,22.638657204686282,0.03399130670674479,14.224229197644332,3.482701639720216,0.47352631841525133,0.24742575392730193,0.0,0.01776105015036394,0.011413610032741082,0.0,0.011654013311579888,-30.454105732835334,0.0,-0.1052631578947368,-0.09949220482238065,-0.21677207058189377,-0.3097794861227201,0.0,-0.0969993166145499,0.0,0.1960899195623251,-0.05122963148868442,-0.310798637132658,REIT—Mortgage,Real Estate,MFA
2020Q2,2020,Q2,2020-08-06,2020-06-30,96578000.0,117254000.0,0.0,0.76,0.0,0.0,7419037000.0,2521051000.0,666172000.0,35001000.0,5046357000.0,0.0,-1451783000.0,1128480450.0,5473664450.0,22.250866605619972,19.03294191594526,0.6754725714402018,1.9878042927334671,0.0,22.250866605619972,0.03830862604524859,9.624238405512818,2.921163334299737,0.44762301516312053,0.0,0.0,0.0,0.015804477050053802,20.449701437101798,0.013017592444949391,25.879017795716187,0.0,1.0940594059405941,0.010387470932318892,0.06911837120508581,-0.3454119150645927,0.0,1.1062470090594558,0.0,0.029851525108074144,0.0646037080307645,-0.3437777875739461,REIT—Mortgage,Real Estate,MFA
2020Q1,2020,Q1,2020-06-22,2020-03-31,-908995000.0,-740226000.0,0.0,-8.08,0.0,0.0,9202848000.0,2440675000.0,116465000.0,7834791000.0,8689662000.0,0.0,-1548361000.0,702117450.0,9208703450.0,21.55221323725824,0.01486510616556332,0.0,0.0,0.0,21.55221323725824,-0.3724359040019667,-0.9485176824375259,-0.19310267108179913,0.2876734714781771,-0.09983443253263219,0.0,0.12925045517669442,-0.08043444811866936,0.01486510616556332,-0.09877322759215408,53.85162218131615,0.0,-39.47619047619048,-10.082222536342309,-7.394730769760912,-0.3753854511955163,0.0,-10.033849792786794,0.0,-10.57796512673258,-7.728131213263611,-0.343092169487524,REIT—Mortgage,Real Estate,MFA
2019Q4,2019,Q4,2020-02-21,2019-12-31,100621000.0,113353000.0,0.0,0.21,0.0,0.0,13567364000.0,3383952000.0,70629000.0,9291627000.0,10183412000.0,0.0,-631040000.0,3472306297.2000003,4293462297.2000003,29.821370103063728,0.007601359804908225,0.06573015952103888,0.2635335844007244,0.0,29.821370103063728,0.029734759831108716,30.632681068873346,8.627190887588078,1.0261097962382446,0.9378161616362389,0.0,0.027176173967167955,0.00835482854296531,0.007601359804908225,0.007416400120170728,56.321978511297466,0.0,-0.7375,0.026391342862992714,-0.002925671300296066,-0.1410722384958674,0.0,0.052531930250316425,0.0,0.13263724168795848,0.10028628970801375,-0.08802537825964582,REIT—Mortgage,Real Estate,MFA
2019Q3,2019,Q3,2019-11-06,2019-09-30,95599000.0,108541000.0,0.0,0.8,0.0,0.0,8515260000.0,3403426000.0,154193000.0,8715625000.0,9701395000.0,0.0,-637161000.0,3319507200.0,4091560200.0,30.184257904305795,0.01769155969881678,0.10877483482594777,0.27215106190056726,0.0,30.184257904305795,0.028089049093472283,30.58297970352217,8.680810468728753,0.9753428457090003,0.9848429376876328,0.0,0.028362643708078117,0.012746645434196959,0.01769155969881678,0.011226785793974582,49.29399919811111,0.0,0.0,-0.006615592960849663,-0.003624200889249289,-0.1426170663209207,0.0,0.027504299226139294,0.0,-0.04721508133356058,-0.04756006658739653,-0.07176410242515506,REIT—Mortgage,Real Estate,MFA
2019Q2,2019,Q2,2019-08-07,2019-06-30,93040000.0,106815000.0,0.0,0.8,0.0,0.0,7815092000.0,3403373000.0,88661000.0,8770008000.0,9804719000.0,0.0,-638396000.0,3239368220.0,4098431220.0,30.216079442799497,0.010109568885227927,0.12126843804269995,0.2784660981914119,0.0,30.216079442799497,0.027337585389553245,30.326903712025466,8.7042353288908,0.9518111062172734,1.0114251934651763,0.0,0.02904980033421455,0.013667785356845447,0.010109568885227927,0.011905170150268225,67.1886881131645,0.0,0.05263157894736847,-0.0335202559473418,-0.033811598634411695,-0.15023175092814112,0.0,0.047075638385270714,0.0,-0.024287764542179836,-0.026586968371605065,-0.044050025139245906,REIT—Mortgage,Real Estate,MFA
2019Q1,2019,Q1,2019-05-07,2019-03-31,88857000.0,102056000.0,0.0,0.76,0.0,0.0,6601526000.0,3404531000.0,76579000.0,8641071000.0,9397082000.0,0.0,-637286000.0,3310131300.0,3989563300.0,30.238441417716572,0.008862211640200618,0.11452064265141121,0.22206024853349846,0.0,30.238441417716572,0.026099630169324352,32.434460492278745,9.313085350619534,0.972272333546089,1.057294304331679,0.0,0.028381955724837864,0.01545945588944132,0.008862211640200618,0.013460069686917844,90.2164372734458,0.0,4.846153846153846,-0.052568376167703226,-0.043317845925518995,-0.1369657528576402,0.0,0.4595673384911053,0.0,-0.06253385149033391,-0.059684832977718906,-0.020082503533751087,REIT—Mortgage,Real Estate,MFA
2018Q4,2018,Q4,2019-02-21,2018-12-31,60879000.0,72732000.0,0.0,0.13,0.0,0.0,5783840000.0,3416101000.0,51965000.0,9004226000.0,9004226000.0,0.0,-632040000.0,2798479120.0,3527750120.0,32.61708049477961,0.0057711789997274615,0.13507220116739052,0.22869230154494846,0.0,32.61708049477961,0.017821194396769886,38.47658692185008,11.491972272869132,0.8192026875083611,1.542173820200726,0.0,0.03354893710981128,0.012575036653849346,0.0057711789997274615,0.010525706105286452,48.66327786182552,0.0,-0.8289473684210527,-0.32961544134591725,-0.27238531885497863,-0.059559742822292365,0.0,-0.3013014736262223,0.0,-0.2640029911101603,-0.2316883776726561,0.022598980274605034,REIT—Mortgage,Real Estate,MFA
2018Q3,2018,Q3,2018-11-06,2018-09-30,87132000.0,98155000.0,0.0,0.76,0.0,0.0,5002934000.0,3552240000.0,104186000.0,8229753000.0,8229753000.0,0.0,-598971000.0,3138179160.0,3845001160.0,33.14329166598633,0.012659675205319042,0.1621064759199302,0.22830889804742924,0.0,33.14329166598633,0.02452874805756368,31.97166889103968,9.004094821649911,0.8834366934666578,0.960577055501997,0.0,0.026670561409247263,0.019619487284861244,0.012659675205319042,0.01741618018546717,68.24057146584904,0.0,0.11764705882352934,0.03694213067695603,0.015020766180813138,-0.01892449089380962,0.0,0.23775836352013638,0.0,-0.04865076313177793,-0.04823903767275974,0.010491903227643887,REIT—Mortgage,Real Estate,MFA
2018Q2,2018,Q2,2018-08-02,2018-06-30,70395000.0,83015000.0,0.0,0.68,0.0,0.0,4435805000.0,3206613000.0,54880000.0,0.0,7438150000.0,0.0,-592218000.0,3020463240.0,3581032240.0,32.1886076521163,0.0,0.13874572935464927,0.19193117473171847,0.0,32.1886076521163,0.021953070108553793,36.38454785279769,10.726838695930109,0.9419481677396057,1.1883940620782727,0.0,0.027696744953598574,0.018714754142709157,0.0,0.015869723759272557,80.48344586852834,0.0,-0.15,-0.1539537981237933,-0.1276332921545786,-0.0808528296192073,0.0,-0.1558846453624318,0.0,-0.16238990746991133,-0.13911519771364525,-0.05305804878564952,REIT—Mortgage,Real Estate,MFA
2018Q1,2018,Q1,2018-05-08,2018-03-31,83395000.0,93975000.0,0.0,0.8,0.0,0.0,3859952000.0,3235431000.0,214686000.0,0.0,7379781000.0,0.0,-578913000.0,2999327010.0,3232702010.0,32.49101594960798,0.0,0.11607942274929843,0.13848572261315417,0.0,32.49101594960798,0.025775545823724877,31.916222505985633,8.991327447688711,0.9270254905760623,1.0014868996942263,0.0,0.027845913340406318,0.024346157672427014,0.0,0.021605190945379632,523.8999144104804,0.0,2.3333333333333335,-0.030692246604849358,-0.015326145577525761,-0.1092339079295334,0.0,-0.17097441199276298,0.0,-0.05241127625881246,-0.07674963081837215,-0.05836300689156451,REIT—Mortgage,Real Estate,MFA
2017Q4,2017,Q4,2018-02-15,2017-12-31,100594000.0,109909000.0,0.0,0.24,0.0,0.0,3904269000.0,3261636000.0,449757000.0,7596000000.0,7693098000.0,0.0,-578950000.0,3075787440.0,3086747440.0,33.594203271731935,0.05920971563981043,0.11800339577011727,0.14125334648010998,0.0,33.594203271731935,0.03084157766225293,27.984855107407036,7.6440628665725585,0.9430198342181654,0.8286378909278883,0.0,0.027100702381436345,0.02815098037558375,0.06281885202738283,0.025765130425183306,54.13212671594509,0.0,-0.6,0.3350397883825846,0.1732606539827645,-0.095053350278614,0.0,0.576584907138939,0.0,0.1992835703199464,0.12993439278235921,-0.032405495925250175,REIT—Mortgage,Real Estate,MFA
2017Q3,2017,Q3,2017-11-02,2017-09-30,63805000.0,78778000.0,0.0,0.6,0.0,0.0,3493543000.0,3257651000.0,608173000.0,7749000000.0,7845808000.0,0.0,-596022000.0,3475074480.0,3100991480.0,32.84766749517265,0.07848406245967221,0.06700647451598564,0.07185852628166738,0.0,32.84766749517265,0.019586198767148476,44.112245550788295,13.615995925084242,1.0667424104055345,1.3055246454039653,0.0,0.0239704214915129,0.022549600792089865,0.08175145180023229,0.018263693906157733,153.98920902202332,0.0,-0.25000000000000006,-0.26533755740667797,-0.1833379986220698,-0.09513237638249691,0.0,-0.20178895352473886,0.0,-0.24620284853228067,-0.17781397145572164,-0.06696299737391934,REIT—Mortgage,Real Estate,MFA
2017Q2,2017,Q2,2017-08-02,2017-06-30,79935000.0,93880000.0,0.0,0.8,0.0,0.0,3033550000.0,3274644000.0,745480000.0,8165000000.0,8262172000.0,0.0,-576482000.0,3241082170.0,2736053170.0,33.907518191678555,0.09130189834660135,0.07926389873250812,0.07342813447812953,0.0,33.907518191678555,0.024410287041889134,34.52367032381764,10.136617783198849,0.9897509988872073,0.9828110339650966,0.0,0.02423912627923284,0.030947240032305385,0.09456815676668708,0.026350315636795175,61.74783611804378,0.0,0.0,-0.013076125323633525,0.042451057438210864,0.09690006391210658,0.0,0.024019984627209837,0.0,-0.03158082537881405,-0.009610558398623396,-0.04641724222825461,REIT—Mortgage,Real Estate,MFA
2017Q1,2017,Q1,2017-05-04,2017-03-31,78060000.0,90492000.0,0.0,0.8,0.0,0.0,2411782000.0,3055947000.0,421572000.0,8747000000.0,8844159000.0,0.0,-573127000.0,3010438320.0,2685609320.0,32.80858019373073,0.0481961815479593,0.04011266358236358,0.03165728986791983,0.0,32.80858019373073,0.025543636718830528,33.267452592494365,9.641424289008455,0.9851081579621636,1.0039969254419676,0.0,0.02603341828308909,0.03752080411911193,0.05133611523951069,0.0323661093747279,69.48982780111722,0.0,3.444444444444445,-0.11912600204987685,-0.07110801380616444,0.056351377173525896,0.0,0.07465892038492779,0.0,0.006060936092128224,0.025365795757356223,-0.06361151634235551,REIT—Mortgage,Real Estate,MFA
2016Q4,2016,Q4,2017-02-16,2016-12-31,72637000.0,84234000.0,0.0,0.18,0.0,0.0,2487064000.0,3033902000.0,260112000.0,9353000000.0,9450120000.0,0.0,-572641000.0,2831660860.0,2668281860.0,32.69978066511821,0.02781054207206244,0.03889445547038597,0.03188402262169312,0.0,32.69978066511821,0.023941775311133978,33.6166020846689,9.745931343530158,0.9333395936981483,1.0774123380646228,0.0,0.027637490458514866,0.03386885098252397,0.030782315834491605,0.029205923128636818,-207.41729123937884,0.0,-0.7857142857142857,-0.0531508024810188,-0.05040016458401704,0.11726694379064376,0.0,-0.1249713893339437,0.0,-0.0970924184371816,-0.04875528673464293,-0.05717526915751034,REIT—Mortgage,Real Estate,MFA
2016Q3,2016,Q3,2016-11-03,2016-09-30,83011000.0,94283000.0,0.0,0.84,0.0,0.0,2445557000.0,3033438000.0,288698000.0,9621000000.0,9717951000.0,0.0,-566917000.0,2791094680.0,2599120680.0,32.51787394041394,0.03000706787236254,0.039550908034447774,0.031885932727156445,0.0,32.51787394041394,0.027365319482382695,29.603371551605274,8.40579766536965,0.9201093544684283,0.9426220621363434,0.0,0.028034878415518313,0.03855277141362888,0.032900945847624985,0.0339435964894705,44.58831381695608,0.0,0.049999999999999906,-0.055081772438712866,0.017905290520616037,0.09423030426012335,0.0,0.051437618746041795,0.0,0.13502692732351934,0.12018454098260539,-0.037437498584885265,REIT—Mortgage,Real Estate,MFA
2016Q2,2016,Q2,2016-08-03,2016-06-30,78950000.0,90853000.0,0.0,0.8,0.0,0.0,2114183000.0,2947668000.0,182765000.0,9783000000.0,9879880000.0,0.0,-571709000.0,2711877210.0,2625827210.0,31.60843165166759,0.018681897168557702,0.04574580346166817,0.03281068288558956,0.0,31.60843165166759,0.026783884752285537,29.849066183835426,8.587324920835972,0.9200076840404007,0.9906523115896136,0.0,0.028840538838408543,0.042973101193226886,0.0215474803230093,0.03734303038100297,-879.3376167315175,0.0,0.0,-0.05137744744556767,-0.008522764246735376,0.019002639696882123,0.0,0.011271935442551556,0.0,0.013615258627136534,0.019883397093041693,-0.09741978196764847,REIT—Mortgage,Real Estate,MFA
2016Q1,2016,Q1,2016-05-04,2016-03-31,78070000.0,89395000.0,0.0,0.8,0.0,0.0,1953872000.0,2861646000.0,146236000.0,9874000000.0,9982795000.0,0.0,-572445000.0,2540952700.0,2503243700.0,30.858150330779473,0.014810208628721896,0.05554458019767927,0.03792467691671157,0.0,30.858150330779473,0.027281501625288383,28.4238794116002,8.136776930959394,0.8879339722663111,1.0013449468425772,0.0,0.030766019375331154,0.04575274122358067,0.017759975693741138,0.03995655805498006,65.24799578871685,0.0,3.0390026132404184,-0.24325603248246416,-0.20619876090154096,-0.20421839942530426,0.0,0.0625816637630662,0.0,-0.025619270912016465,0.005810427801320491,-0.15400016972990163,REIT—Mortgage,Real Estate,MFA
2015Q4,2015,Q4,2016-02-18,2015-12-31,73472000.0,84085000.0,0.0,0.19806870076723584,0.0,0.0,1781678000.0,2967261000.0,165007000.0,10076000000.0,10200062000.0,0.0,-572332000.0,2455952400.0,2413002400.0,31.896257598477884,0.016376240571655418,0.06850676721607384,0.04113456820953735,0.0,31.896257598477884,0.02476088217382967,29.20797288458108,8.3567631206446,0.8276833079395443,1.0635344076655053,0.0,0.03181657755256169,0.04719427416177334,0.01925456530369194,0.04123753001384089,20.04646364059324,0.0,-0.7524141240409552,-0.09848547175049939,-0.06682157015491963,-0.0037127693146270743,0.0,-0.07594013331656395,0.0,0.017651603900856305,-0.06322583178814892,-0.1407919033257439,REIT—Mortgage,Real Estate,MFA
2015Q3,2015,Q3,2015-11-04,2015-09-30,79510000.0,89530000.0,0.0,0.8,0.0,0.0,1659621000.0,3051782000.0,174160000.0,10201000000.0,10332621000.0,0.0,-567649000.0,2534532180.0,2492589180.0,32.799165990466925,0.017072835996470935,0.07966698420904532,0.043324523180227156,0.0,32.799165990466925,0.02605363030517907,28.309306154361668,7.969224562948056,0.8305089223280038,0.9826059615142749,0.0,0.030825017972350228,0.05394605153827289,0.020024997549259876,0.04790852851343771,71.20872587306494,0.0,0.0,-0.22203335789508133,-0.1911891768386015,0.006402375378060227,0.0,0.018431940157036544,0.0,-0.02419240946872035,-0.010728960377883836,-0.09646846642028707,REIT—Mortgage,Real Estate,MFA
2015Q2,2015,Q2,2015-08-04,2015-06-30,78071000.0,89578000.0,0.0,0.8,0.0,0.0,1281346000.0,3145669000.0,218492000.0,10347000000.0,10509214000.0,0.0,-569055000.0,2735511960.0,2679339960.0,33.99216563469165,0.02111645887696917,0.12667928881036036,0.051601106155797064,0.0,33.99216563469165,0.024818568005724698,30.53776552278461,8.759692971782094,0.8696121429177703,1.0002817947765497,0.0,0.028547855444214544,0.06990929850329262,0.024137914371315357,0.0609288982054808,38.6164482339987,0.0,-0.04761904761904753,0.2237364287792839,0.27348606020018706,0.06861824647600964,0.0,-0.04991907317488713,0.0,0.005935927296458634,0.03804900474993487,0.09963838834877528,REIT—Mortgage,Real Estate,MFA
2015Q1,2015,Q1,2015-05-05,2015-03-31,82173000.0,95039000.0,0.0,0.84,0.0,0.0,1215170000.0,3208172000.0,168717000.0,10503000000.0,10693583000.0,0.0,-569031000.0,2923212600.0,2945775600.0,34.504821058858326,0.016063696086832335,0.1574100743105903,0.05962273843172997,0.0,34.504821058858326,0.025613651637131675,30.758031965824557,8.893470483005368,0.9111770191872506,0.9494481155610723,0.0,0.026689471713415576,0.07821045615016829,0.01919470627439779,0.06762263716187858,56.5746584091349,0.0,2.9193606664324783,-0.2503749555212267,0.6745842843971362,0.0777785596584474,0.0,0.030925377628343454,0.0,-0.07104451584935303,-0.022678609768141636,0.11096594334234615,REIT—Mortgage,Real Estate,MFA
2014Q4,2014,Q4,2015-02-12,2014-12-31,79708000.0,92434000.0,0.0,0.21432066897905408,0.0,0.0,1560865000.0,3203272000.0,182437000.0,8940000000.0,9151472000.0,0.0,-568596000.0,2948693520.0,2976830520.0,34.71929938652966,0.02040682326621924,0.13490852828399638,0.06573715875517283,0.0,34.71929938652966,0.0248833068187778,31.90052924248653,9.248423997591209,0.9205254876888382,0.9759998996336628,0.0,0.02638287074337926,0.05921972752287994,0.023903131991051454,0.0510665560442447,37.84694741435741,0.0,-0.7320991637761823,-0.322787867070337,-0.12299499906210447,-0.013769992583647597,0.0,0.010471336933647726,0.0,0.04486136874549757,0.04789748320947083,0.18626867603181027,REIT—Mortgage,Real Estate,MFA
2014Q3,2014,Q3,2014-11-04,2014-09-30,78882000.0,89292000.0,0.0,0.8,0.0,0.0,1272776000.0,3253744000.0,423891000.0,8733000000.0,8989033000.0,0.0,-570106000.0,2876188200.0,2708573200.0,35.20510698152506,0.0485389900377877,0.20135200538036543,0.07876341838817068,0.0,35.20510698152506,0.024243456153895327,32.211040182771136,9.115476914885525,0.8839626596314891,0.9830506325904516,0.0,0.026961031270485013,0.07015531405369052,0.05226039161800069,0.06197634147721202,46.111233667334666,0.0,0.0,-0.17287292592031764,-0.1392728210152948,0.029360259744097787,0.0,0.0019815562838198307,0.0,-0.09370045451303816,-0.026979932682979924,0.18465601393539272,REIT—Mortgage,Real Estate,MFA
2014Q2,2014,Q2,2014-08-04,2014-06-30,78726000.0,90409000.0,0.0,0.8,0.0,0.0,1065400000.0,3275294000.0,343719000.0,9062000000.0,9375567000.0,0.0,-571421000.0,3024933450.0000005,2995262450.0000005,35.558023585609796,0.03792970646656367,0.2947700394218134,0.09588391149008303,0.0,35.558023585609796,0.024036315518545816,33.458322180313914,9.605890842923559,0.9235608925488826,0.9817722226456317,0.0,0.025551305930383357,0.08485920780927352,0.041755903774001325,0.0738933733808898,45.4460337134358,0.0,0.0,-0.3117114727736437,-0.2731303086218218,0.19889537665281484,0.0,0.03331233265081115,0.0,-0.04231554044017427,-0.0011090378635757326,0.1463308365136416,REIT—Mortgage,Real Estate,MFA
2014Q1,2014,Q1,2014-05-01,2014-03-31,76188000.0,86659000.0,0.0,0.8,0.0,0.0,870121000.0,3204587000.0,274672000.0,9195000000.0,9588402000.0,0.0,-572627000.0,2835322000.0,2953176000.0,35.03735977783123,0.029871886895051658,0.4511165688450227,0.12248879496796311,0.0,35.03735977783123,0.023774670495761232,32.71814814387427,9.303702682837192,0.8847698626999362,1.0111697380164855,0.0,0.027171164333363196,0.099594194370668,0.03386101141924959,0.08756023587524034,58.84852635948526,0.0,2.725681988874321,-0.13824374933388964,-0.11587442573227703,0.33291107147651966,0.0,-0.03015644691116005,0.0,-0.2512157766414585,-0.2197791695534758,-0.09644337249523985,REIT—Mortgage,Real Estate,MFA
2013Q4,2013,Q4,2014-02-13,2013-12-31,78557000.0,86470000.0,0.0,0.21472578775885068,0.0,0.0,499476000.0,3142251000.0,124000.0,8864000000.0,9329657000.0,0.0,-571544000.0,2558536940.0,2459371940.0,34.682777822234605,1.3989169675090253e-05,0.9333881908239835,0.14836656906147855,0.0,34.682777822234605,0.025000230726316897,29.588723719208975,8.14229457591303,0.8142369721578576,1.07646676935219,0.0,0.03305170180579844,0.17312143125996043,0.06782468411552346,0.15727882821196615,36.10743786957197,0.0,-0.7174660687383544,-0.16360083744188175,-0.059038552597464405,0.2415094523516251,0.0,0.10134869896814715,0.0,-0.010251671675602586,-0.014627038274043477,0.08332485597429869,REIT—Mortgage,Real Estate,MFA
2013Q3,2013,Q3,2013-11-04,2013-09-30,71328000.0,82087000.0,0.0,0.76,0.0,0.0,889683000.0,3073525000.0,503852000.0,9005000000.0,9525029000.0,0.0,-573065000.0,2711189100.0,2727030100.0,33.78261036826977,0.05595247084952804,0.5841327753817933,0.1690869604119049,0.0,33.78261036826977,0.02320722948406146,33.02823955072058,9.50254142833109,0.8821106384363232,2.60873710183939,0.0,0.06863261585110386,0.09226544735596837,0.0601505830094392,0.0801723760035878,31.619209283340137,0.0,0.0,-0.2191553862539197,-0.1854742813727855,0.2913972992709164,0.0,-0.054920302624779725,0.0,-0.28624949321687804,-0.24159722338562403,0.03657816576738452,REIT—Mortgage,Real Estate,MFA
2013Q2,2013,Q2,2013-08-01,2013-06-30,75473000.0,86318000.0,0.0,0.76,0.0,0.0,13155836000.0,3164502000.0,448282000.0,9488000000.0,10032209000.0,0.0,-457586000.0,3086782999.9999995,3182248999.9999995,35.02008023239729,0.04724725969645868,0.0413313148628487,0.1718273522974547,0.0,35.02008023239729,0.023849882224754478,35.760594545749434,10.224792309832655,0.9754403694483365,3.497343420825991,0.0,0.08551135599748995,0.006561194590750447,0.05155533305227656,0.005736845609811494,44.09752996471377,0.0,-0.09523809523809519,-0.011355873599630306,-0.11005500457838319,0.03828513186632125,0.0,-0.024278936277488332,0.0,0.2115342886347903,0.256724706812321,0.10093299531349591,REIT—Mortgage,Real Estate,MFA
2013Q1,2013,Q1,2013-05-01,2013-03-31,77351000.0,85804000.0,0.0,0.84,0.0,0.0,13610646000.0,3265548000.0,601570000.0,0.0,10387204000.0,0.0,-444324000.0,3376977300.0,3417421300.0,36.47536231884058,0.0,0.04716998737605842,0.19660222419024312,0.0,36.47536231884058,0.02368698913627973,39.35687497086383,10.914459089087407,1.0341226954863318,0.9564452948248892,0.0,0.021907757567692268,0.006304182769869997,0.0,0.005683124812738499,47.488149679379006,0.0,3.345806787153816,1.363695157124806,1.428689767128186,0.2547244403461603,0.0,0.11748219419523541,0.0,-0.26717161118952265,0.5701245156978353,0.13932958516031646,REIT—Mortgage,Real Estate,MFA
2012Q4,2012,Q4,2013-03-06,2012-12-31,69219000.0,86057000.0,0.0,0.19328977129932143,0.0,0.0,13072351000.0,3311006000.0,127000.0,0.0,10206544000.0,0.0,-260308000.0,2893339820.0,3238862820.0,37.12285501258542,0.0,0.05712943295356742,0.2255556166313199,0.0,37.12285501258542,0.020905730765815585,33.62120245883542,10.449948063392998,0.8738552029202001,1.1234632109680869,0.0,0.02687724389041865,0.006583131068007583,0.0,0.005295068958904179,37.2286963123086,0.0,-0.7698931294055696,4.447809674627515,4.757296387068721,4.79344624866002,0.0,-0.1141782163013015,0.0,-0.3916515509789978,-0.1553811083343371,0.054504964710861345,REIT—Mortgage,Real Estate,MFA
2012Q3,2012,Q3,2012-11-06,2012-09-30,78141000.0,86791000.0,0.0,0.84,0.0,0.0,13690189000.0,3239154000.0,450442000.0,0.0,10496015000.0,0.0,-255591000.0,3069520600.0,3978253600.0,36.30107502780727,0.0,0.0992809522206012,0.4196080211067458,0.0,36.30107502780727,0.024123891608734873,35.366807618301436,9.820454690879307,0.9476303380450575,1.0834389117108816,0.0,0.027581179940607013,0.006339649511047656,0.0,0.005707810169750031,42.755151616452856,0.0,0.049999999999999906,2.744927200408601,3.8165553755425936,-0.014624697963877765,0.0,0.04514083941898724,0.0,-0.1513299221582377,-0.13345073022191484,0.06140521144341558,REIT—Mortgage,Real Estate,MFA
2012Q2,2012,Q2,2012-08-06,2012-06-30,74766000.0,83132000.0,0.0,0.8,0.0,0.0,12847054000.0,2755801000.0,593376000.0,0.0,10135822000.0,0.0,-256283000.0,2813558220.0,3694344220.0,30.912130746667117,0.0,0.11474708520723895,0.5349304975214103,0.0,30.912130746667117,0.027130406005368313,33.84446687196266,9.407879985554931,1.0209584146315354,1.1787577240991896,0.0,0.03132368094376949,0.006470899865447752,0.0,0.0058196999872499955,34.894682128240106,0.0,-0.13043478260869565,0.6764109245284691,0.43074911948413597,-0.10705009059887222,0.0,-0.11741999456990072,0.0,-0.3246167971604129,-0.3094313036334864,0.042251702922677256,REIT—Mortgage,Real Estate,MFA
2012Q1,2012,Q1,2012-05-04,2012-03-31,84713000.0,93128000.0,0.0,0.92,0.0,0.0,12409054000.0,2765494000.0,374621000.0,0.0,9686230000.0,0.0,-246433000.0,2660567490.0,3757108490.0,31.058396763316086,0.0,0.11855553211389039,0.5319707799040605,0.0,31.058396763316086,0.030632140225218353,28.568931900180395,7.851709566418378,0.9620586737848644,1.1666686340939407,0.0,0.037146962206923755,0.00750484283491715,0.0,0.006826708949771674,33.33919138378256,0.0,3.6436375488917863,0.885867547532563,0.5629136278049106,-0.12702680207621544,0.0,0.2005130094665835,0.0,-0.015773763051319178,-0.02405001175316471,0.18154110842358134,REIT—Mortgage,Real Estate,MFA
2011Q4,2011,Q4,2012-02-16,2011-12-31,70564000.0,81593000.0,0.0,0.19812054457599945,0.0,0.0,11313911000.0,2497760000.0,136000.0,0.0,9252874000.0,0.0,-243061000.0,2293992960.0,3081891960.0,29.26765250404256,0.0,0.10446617442898393,0.473192380372814,0.0,29.26765250404256,0.028250912817884825,28.115070655570943,8.127348789751148,0.9184200883992056,1.2969077716682729,0.0,0.03989332207889601,0.007211741368656692,0.0,0.006236923730441224,25.77520179775281,0.0,-0.7846515819826093,9.010237162214272,6.1880183649763545,2.3686194261444475,0.0,-0.15693138508225904,0.0,-0.20241666036646974,-0.05740863799109823,0.04766888679305963,REIT—Mortgage,Real Estate,MFA
2011Q3,2011,Q3,2011-11-07,2011-09-30,83699000.0,88248000.0,0.0,0.92,0.0,0.0,11950423000.0,2641224000.0,421026000.0,0.0,9353539000.0,0.0,-214785000.0,2495680200.0,3033060200.0,29.71757756462547,0.0,0.08019850008656597,0.36286433865510836,0.0,29.71757756462547,0.031689474274048696,28.280303236333967,7.454330995591344,0.944895321260143,1.092796807608215,0.0,0.03664972779765613,0.007384508481415261,0.0,0.007003852499614448,28.838458516293045,0.0,0.0454545454545455,1.7928007522996523,1.1423717592957137,-0.08281374573157968,0.0,0.055659258885553564,0.0,-0.0620567613086393,-0.10363063564362769,0.13600455943087777,REIT—Mortgage,Real Estate,MFA
2011Q2,2011,Q2,2011-08-03,2011-06-30,79286000.0,87296000.0,0.0,0.88,0.0,0.0,11880406000.0,2755758000.0,503228000.0,0.0,9171296000.0,0.0,-206898000.0,2857126559.9999995,3415938559.9999995,31.018988980313143,0.0,0.08939425134124204,0.38538942824442496,0.0,31.018988980313143,0.028771031418578844,32.72918071847507,9.00892515702646,1.0367842749617346,1.084958252402694,0.0,0.03010787173530038,0.007347897033148531,0.0,0.006673677650410264,30.089269232794475,0.0,-0.18518518518518523,1.9117682543193402,2.1687761460701065,-0.048148186391882945,0.0,-0.04319073191335304,0.0,0.056378819134187755,-0.08455777659183497,-0.08034034045444831,REIT—Mortgage,Real Estate,MFA
2011Q1,2011,Q1,2011-05-03,2011-03-31,82865000.0,90456000.0,0.0,1.08,0.0,0.0,11392430000.0,2888404000.0,629423000.0,0.0,8547957000.0,0.0,-194773000.0,2443181800.0,2494783800.0,38.77715984950444,0.0,0.059778730262112646,0.2357789976748405,0.0,38.77715984950444,0.028688853775302902,27.009615724772264,7.370970252820853,0.8458587510611396,0.8256561877752971,0.0,0.028003646720027142,0.007940009286868561,0.0,0.007273689634257134,39.68072306767797,0.0,4.225392897159838,0.48603485073316127,0.7665550774706159,0.16878990738147484,0.0,0.3456260859680746,0.0,1.4682925369429196,1.543184637200809,0.3339045069677491,REIT—Mortgage,Real Estate,MFA
2010Q4,2010,Q4,2011-02-14,2010-12-31,61581000.0,68085000.0,0.0,0.20668302293345506,0.0,0.0,8304334000.0,2250447000.0,385000.0,6437000000.0,6436960000.0,0.0,-191569000.0,2294371680.0,2170061680.0,32.01512236238899,5.981047071617213e-05,0.02660454167667148,0.09817294075354807,0.0,32.01512236238899,0.027363897039121562,33.69863670411985,9.314446338968189,1.019518202383793,1.0618047774475894,0.0,0.0284988698953955,0.008198730927730026,0.059570918129563465,0.007415525435272715,38.898204258782044,0.0,-0.8086268306171712,1.587023326539737,4.603419772832552,-0.006945822363660548,0.0,-0.20246328386043982,0.0,5.14962053234594,4.779480495536904,3.9963261308402376,REIT—Mortgage,Real Estate,MFA
2010Q3,2010,Q3,2010-11-04,2010-09-30,77214000.0,83629000.0,0.0,1.08,0.0,0.0,8443707000.0,2290958000.0,270925000.0,6187000000.0,6187046000.0,0.0,-121261000.0,2145411030.0,7869486030.0,32.59050931606332,0.04378939712299984,0.0,0.0,0.0,32.59050931606332,0.03370380426005191,25.653912279233282,6.946314884606418,0.9364689487978392,0.7190146864558241,0.0,0.02587755876318022,0.009904299142544856,0.04933279456925812,0.009144561742845884,32.78139275127586,0.0,0.6875000000000001,2.6057423492882834,1.6533261844120157,-0.0038398737214556463,0.0,0.5989645889418099,0.0,3.1886712294967214,4.444979449737492,-0.11534622772942289,REIT—Mortgage,Real Estate,MFA
2010Q2,2010,Q2,2010-08-03,2010-06-30,48290000.0,53243000.0,0.0,0.64,0.0,0.0,8649693000.0,2228157000.0,531543000.0,6456000000.0,6456177000.0,0.0,-142906000.0,2073391200.0,7815848200.0,31.80945650777335,0.08233317843866171,0.0,0.0,,31.80945650777335,0.021672620017350663,38.94204308547602,10.734060882170223,0.9305408909695323,1.4401325326154484,0.0,0.03354118605307093,0.006155478581725386,0.0876988847583643,0.0055828571025584375,34.14169836486687,0.0,-0.44827586206896547,0.16777174166047243,0.02603818146272718,-0.09225926874493155,0.0,-0.41591978422052084,0.0,0.3780434562838494,0.1662378929329523,-0.08112929711977823,REIT—Mortgage,Real Estate,MFA
2010Q1,2010,Q1,2010-04-29,2010-03-31,82677000.0,42805000.0,0.0,1.16,0.0,0.0,775845000.0,2245059000.0,768656000.0,6181000000.0,6189654000.0,0.0,-121552000.0,2064502080.0,7318846080.0,32.01475920043636,0.12435787089467723,0.0,0.0,,32.01475920043636,0.03682620367660716,48.23039551454269,6.242673536775645,0.919575868607462,0.9426926472900565,0.0,0.037751960027087986,0.055172102675147744,0.13003640187671897,0.10656381107051022,34.21391889428415,0.0,3.141161467679737,0.2838702950083707,-0.43195651250901196,-0.06384181143877807,0.0,0.05223168263907449,0.0,1.3370177044714686,-0.08785187238962201,-0.10014586609393168,REIT—Mortgage,Real Estate,MFA
2009Q4,2009,Q4,2010-02-11,2009-12-31,78573000.0,70360000.0,0.0,0.2801146511802013,0.0,0.0,660649000.0,2168262000.0,653460000.0,7450000000.0,7458947000.0,0.0,-202189000.0,1810782750.0,8362322750.0,35.204059018123516,0.08771275167785235,0.0,0.0,,35.204059018123516,0.03623777938274987,25.735968590108016,5.7614662479477685,0.8351309712571635,0.9199088745497818,0.0,0.03991643945139195,0.10650133429400484,0.09332013422818793,0.11893304916831782,22.522733774472,0.0,-0.7198853488197987,0.22564085107247478,-0.12201280692957879,-0.0802354283374431,0.0,0.1755913640648144,0.0,14.44465846695718,7.588669786223456,3.0518820930789214,REIT—Mortgage,Real Estate,MFA
2009Q3,2009,Q3,2009-11-04,2009-09-30,66837000.0,72704000.0,0.0,1.0,0.0,0.0,493884000.0,2215273000.0,486695000.0,7775000000.0,7783729000.0,0.0,-132400000.0,2062348440.0,9159653440.0,34.20095797197102,0.06259742765273311,0.0,0.0,0.0,34.20095797197102,0.030170999240274225,28.36636828785211,7.714097131828178,0.9309680748151582,0.8643416071936203,0.0,0.028011755375342878,0.14720865628366175,0.06833967845659164,0.13532934859197707,30.10112444171994,0.0,-0.16666666666666663,0.08741904481544159,0.028883086991235592,-0.024049690163109,0.0,-0.032833617920296355,0.0,2.060127194193358,1.4218716038535133,0.05555873342932453,REIT—Mortgage,Real Estate,MFA
2009Q2,2009,Q2,2009-07-27,2009-06-30,69106000.0,75149000.0,0.0,1.2,0.0,0.0,289681000.0,1650582000.0,282492000.0,8147000000.0,8155612000.0,0.0,-141296000.0,1540447360.0,9218955360.0,29.65898799683749,0.03467435865962931,0.0,0.0,0.0,29.65898799683749,0.04186765637817449,20.498574299059204,5.572769947616704,0.9332752689657345,0.7411802159002112,0.0,0.033250081327024374,0.25941984458766715,0.04026525101264269,0.23855896658738404,21.89659507327543,0.0,0.30434782608695643,0.33670778477715235,0.2536501257410177,-0.13112379238003252,0.0,0.28753749557505637,0.0,2.268634087800885,2.606175003467919,-0.08988131326625394,REIT—Mortgage,Real Estate,MFA
2009Q1,2009,Q1,2009-04-30,2009-03-31,53673000.0,59505000.0,0.0,0.92,0.0,0.0,412756000.0,1459569000.0,405567000.0,9049000000.0,9058149000.0,0.0,-159182000.0,1305965640.0,9682398640.0,26.286344623890717,0.04481898552326224,0.0,0.0,0.0,26.286344623890717,0.0367731844126588,21.947158053945046,6.082973003185959,0.894761152093529,0.9015892534421404,0.0,0.037053807939388055,0.14416507573481668,0.05013879986738866,0.13003566271598718,25.758183073312164,0.0,3.3802602413770932,-0.23977799183989446,-0.256459609509217,-0.30095876123499016,0.0,0.1505712877017728,0.0,0.29122295397319053,0.5589449165241346,-0.20769818064054552,REIT—Mortgage,Real Estate,MFA
2008Q4,2008,Q4,2009-02-13,2008-12-31,46649000.0,45642000.0,0.0,0.21003318280257358,0.0,0.0,368356000.0,1257077000.0,361167000.0,9375000000.0,9384342000.0,0.0,-210815000.0,1060164660.0,708306660.0,27.935975643632567,0.03852448,0.025271747982929558,0.0074052742990286195,,27.935975643632567,0.037109103101878406,23.22783094518207,5.681604428819481,0.8433569781326044,1.0225728311432185,0.0,0.04499489730208513,0.12390730706164689,0.04382837333333333,0.12664107548132786,19.319629339407744,0.0,-0.7812154345806526,3.658768091713226,3.130448283193177,2.9695562947775276,0.0,-0.06800791161368949,0.0,1.6946508104493228,4.773494040270622,-0.13347395629987457,REIT—Mortgage,Real Estate,MFA
2008Q3,2008,Q3,2008-11-03,2008-09-30,50053000.0,55221000.0,0.0,0.96,0.0,0.0,445719000.0,1304102000.0,438530000.0,9466000000.0,9474952000.0,0.0,-163410000.0,1296139000.0,866956000.0,26.159734411201267,0.046326854003803083,0.02097061152878832,0.007167384146332112,,26.159734411201267,0.038381200243539235,23.471849477553828,6.473832737298464,0.9938938825337282,0.8344354983717259,0.0,0.032223395793198106,0.12389195883505079,0.05174815127825903,0.11229720967694894,22.696674663351253,0.0,0.1999999999999999,0.22161431369896803,0.12652199714884174,-0.1904800518642133,0.0,0.428534733717678,0.0,2.2959187831073082,1.4705051043853765,-0.2004026668699145,REIT—Mortgage,Real Estate,MFA
2008Q2,2008,Q2,2008-07-30,2008-06-30,35038000.0,44517000.0,0.0,0.8,0.0,0.0,239046000.0,1398867000.0,231857000.0,9402000000.0,9410602000.0,0.0,-171698000.0,1081641920.0,859169920.0,33.72876983170179,0.024660391406083813,0.03926022606527614,0.0067090009271789245,,33.72876983170179,0.02504741337096379,24.29727789383831,7.717634568183114,0.7732271331012883,0.8416576288600948,0.0,0.027264106036127004,0.18622775532742653,0.030062114443735376,0.14657429950720782,43.08128888357828,0.0,1.3278688524590165,-0.2978992330517489,-0.22775107783054796,-0.005692259781261668,0.0,1.4076888170066206,0.0,0.43104628707163634,0.44890699920854016,-0.03748817010183962,REIT—Mortgage,Real Estate,MFA
2008Q1,2008,Q1,2008-04-30,2008-03-31,-85943000.0,-80881000.0,0.0,-2.44,0.0,0.0,346956000.0,1051695000.0,339767000.0,7491000000.0,7500070000.0,0.0,-177246000.0,911673000.0,581331000.0,29.070416695459887,0.04535669470030704,0.027164827816783685,0.00896172369365643,,29.070416695459887,-0.0817185590879485,-11.271782000717103,-2.651969910289378,0.866860639253776,-0.23323598198806186,0.0,0.021987050181369854,-0.23311601471079907,0.05098398077693232,-0.24770576096104405,18.478859250851304,0.0,-18.127935968954645,-2.792686802896361,-2.4752016455980117,-0.09531930670211673,0.0,-5.168954644676207,0.0,-3.586937387812815,-3.0805231990186583,-0.14993867472316647,REIT—Mortgage,Real Estate,MFA
2007Q4,2007,Q4,2008-02-14,2007-12-31,20615000.0,24252000.0,0.0,0.14245732845000345,0.0,0.0,241599000.0,927263000.0,234410000.0,7670000000.0,7678596000.0,0.0,-89263000.0,5354270000.0,5129322000.0,6.407732706792896,0.030561929595827902,0.03916406938770442,0.010204224691376664,,6.407732706792896,0.02223209596414394,220.77643080983012,64.9317244724715,5.774273318357359,0.6112539413048751,0.0,0.002353448742779128,0.10038121018712826,0.0362477183833116,0.08532733993104276,268.9641834530567,0.0,1.2374288807500058,-0.9018900925475308,-0.8718040855463184,-0.8211980189198254,0.0,2.9759417233777437,0.0,-0.8631345888826959,-0.8711956932470265,-0.8325873296213536,REIT—Mortgage,Real Estate,MFA
2007Q3,2007,Q3,2007-11-01,2007-09-30,-10433000.0,-7179000.0,0.0,-0.6,0.0,0.0,213584000.0,765839000.0,206395000.0,6365000000.0,6374253000.0,0.0,-79272000.0,681025789.0799999,484127789.0799999,36.8398466582193,0.03242655145326002,0.044464941194096934,0.012400778753758949,,36.8398466582193,-0.013622967751707604,-94.86360065190136,-16.319030697785873,0.8892545157402534,-0.9191986964439759,0.0,0.014081698745880333,-0.033612068319724325,0.038084367635506676,-0.048847291931979925,54.26500311394422,0.0,-2.5,-1.3347017022084682,-1.212582466741874,0.15179300507546387,0.0,-2.0250540381214384,0.0,-1.5288816663491944,-1.3165490355564267,0.051253002617594155,REIT—Mortgage,Real Estate,MFA
2007Q2,2007,Q2,2007-08-02,2007-06-30,10178000.0,13260000.0,0.0,0.4,0.0,0.0,61518000.0,704303000.0,54329000.0,6409000000.0,6418523000.0,0.0,-59249000.0,592446400.0,547649400.0,34.617989678053576,0.008476985489155875,0.15494651971780618,0.013533947746921425,,34.617989678053576,0.0144511666143691,44.67921568627451,14.55213204951857,0.8411811393675733,0.8449597170367459,0.0,0.014516081117211616,0.21554666926753147,0.014149009205804338,0.16544751129750643,28.39971238195676,0.0,0.0,-0.6616982363268027,-0.5955928806734424,-0.0568581676379974,0.0,0.033299492385786805,0.0,-0.4614745276744519,-0.39491031569194013,0.014152862872517423,REIT—Mortgage,Real Estate,MFA
2007Q1,2007,Q1,2007-05-02,2007-03-31,9850000.0,13066000.0,0.0,0.4,0.0,0.0,60886000.0,694655000.0,53697000.0,5791000000.0,5801239000.0,0.0,-60827000.0,601370000.0,557246000.0,35.57772087067862,0.009272491797616992,0.1572282626547975,0.01378094161850127,,35.57772087067862,0.01417970071474329,46.02556252870044,15.263197969543146,0.8657103166319972,0.7044670050761421,0.0,0.011538653408051614,0.2145977728870348,0.015046451390088068,0.16177774857931215,39.74948773877983,0.0,3.8426600527050074,-0.5469722938733929,-0.466692863008762,0.20215635570701948,0.0,0.5268950550302278,0.0,-0.6032433734193252,-0.5357016392647984,-0.05387019664684733,REIT—Mortgage,Real Estate,MFA
