Quarters,Year,Quarter,FillingDate,Date,NetIncome,Revenue,OperatingIncome,EPSDiluted,GrossProfit,GrossProfitRatio,TotalAssets,CommonStockEquity,CurrentAssets,CurrentLiability,TotalLiability,Inventory,RetainedEarnings,MarketCap,EnterpriseValue,bookValuePerShare,currentRatio,debtToAssets,debtToEquity,roic,shareholdersEquityPerShare,roe,priceToSalesRatio,peRatio,pbRatio,payoutRatio,inventoryTurnover,dividendYield,assetTurnover,quickRatio,returnOnAssets,priceToFreeCashFlowsRatio,grossProfitMargin,epsdilutedGrowth,fiveYNetIncomeGrowthPerShare,fiveYRevenueGrowthPerShare,fiveYShareholdersEquityGrowthPerShare,grossProfitGrowth,netIncomeGrowth,operatingIncomeGrowth,threeYNetIncomeGrowthPerShare,threeYRevenueGrowthPerShare,threeYShareholdersEquityGrowthPerShare,Industry,Sector,Symbol
2023Q1,2023,Q1,2023-04-27,2023-03-31,47956000.0,49500000.0,33185000.0,1.16,46207000.0,0.9334747475,1798856000.0,838823000.0,774448000.0,303296000.0,934241000.0,7163000.0,-102317000.0,1443210660.0,2338717660.0,20.418261038897814,2.5534395442076385,0.5008989046371694,1.0741777466759972,0.027254208883713438,20.418261038897814,0.05717058306698791,29.155770909090908,7.523618838101593,1.720518702992169,0.4913462340478772,0.4597235795057937,0.016326791821230032,0.027517488892940846,5.824323433213758,0.026659165603027703,80.00502577748212,0.9334747474747475,6.733333333333333,1.2620018044773595,0.13692409139287892,0.06921628172630843,0.03759010172231828,6.595185302502376,0.13480149095510036,-0.27467164459369126,0.026520751990902026,0.012146779037598454,REIT—Healthcare Facilities,Real Estate,LTC
2022Q4,2022,Q4,2023-02-16,2022-12-31,6314000.0,47839000.0,29243000.0,0.15,44533000.0,0.9308932043,1656103000.0,828367000.0,624145000.0,167942000.0,805796000.0,13015000.0,-111888000.0,1442375880.0,2199850880.0,20.40513843728446,3.7164318633814055,0.46365111348750654,0.9269490455317511,0.006356379538930656,20.40513843728446,0.007622225414580735,30.150627730512763,57.11022648083623,1.7412280788587668,3.6913208742477037,0.25401459854014596,0.01615875606572123,0.028886488340399117,3.7017303592907074,0.0038125647982039765,43.95611263485098,0.9308932042893873,0.9973368841544606,-0.6908090401887542,0.11346516418414108,0.06540892452419227,0.1324636354389177,1.0722021660649819,0.2374322951929587,-0.5090716652290691,0.004049589447304211,0.03971413662935017,REIT—Healthcare Facilities,Real Estate,LTC
2022Q3,2022,Q3,2022-10-27,2022-09-30,3047000.0,43503000.0,23632000.0,0.0751,39324000.0,0.9039376595,1651965000.0,803250000.0,612672000.0,184035000.0,826796000.0,10710000.0,-106520000.0,1508111500.0,2295394500.0,19.946610379935436,3.32910587659956,0.4804950468078924,0.9881867413632119,0.0033675719475777456,19.946610379935436,0.0037933395580454403,34.666839068569985,123.73740564489663,1.8775119825708062,7.576960945191992,0.39019607843137255,0.015308549798870972,0.026334093034658723,8.781699133317032,0.0018444700704918083,61.990771950016445,0.9039376594717605,-0.9447794117647059,-0.8552924579037172,0.032667449908771254,0.039411280287185206,0.008178438661710037,-0.9439714616700071,-0.014758609188693405,-0.8898482773640388,-0.09242372785877041,0.005312373159456058,REIT—Healthcare Facilities,Real Estate,LTC
2022Q2,2022,Q2,2022-07-28,2022-06-30,54383000.0,43024000.0,23986000.0,1.36,39005000.0,0.9065870212,1578227000.0,802974000.0,518529000.0,88863000.0,767731000.0,0.0,-96723000.0,1516097880.0,2244564880.0,20.332573685809784,5.8351507376523415,0.4656288353956687,0.9151828079115887,0.015674179364024755,20.332573685809784,0.06772697497054699,35.23842227593901,6.969539561995476,1.8881033258860187,0.41621462589412134,0.0,0.014929774850684441,0.027260970696864267,5.954851850601488,0.034458287686118666,50.746347569955816,0.9065870211974711,6.157894736842106,1.1387708961141887,0.011091268834457534,0.05840331030341634,0.05977448716207037,6.410137620929282,0.11149212233549582,1.6655605211422277,-0.06807154182371508,0.03276722152556212,REIT—Healthcare Facilities,Real Estate,LTC
2022Q1,2022,Q1,2022-04-28,2022-03-31,7339000.0,40787000.0,21580000.0,0.19,36805000.0,0.9023708535,1536097000.0,734186000.0,518304000.0,188616000.0,793498000.0,32313000.0,-128471000.0,1507985530.0,2266374530.0,18.72971249266563,2.747932306909276,0.49657150557549423,1.0389492580899118,0.007292865435987398,18.72971249266563,0.009996104529369942,36.97221001789786,51.36890346096198,2.0539557142195575,3.0630876141163648,0.12323213567294897,0.014907304846618785,0.02655235964916278,2.6342462993595452,0.004777693075372193,81.21421423955192,0.9023708534582098,0.2666666666666667,-0.6574040610157463,-0.03897598947332886,-0.021013540661397427,0.029165035512555226,0.223778555944639,0.09149764807040615,-0.6362260077375103,0.14718569394516998,-0.05044879872158562,REIT—Healthcare Facilities,Real Estate,LTC
2021Q4,2021,Q4,2022-02-17,2021-12-31,5997000.0,39441000.0,19771000.0,0.15,35762000.0,0.906721432,1504825000.0,736714000.0,445799000.0,36979000.0,759698000.0,0.0,-120403000.0,1337502780.0,2055060780.0,18.8047578936621,12.055463911950026,0.48026780522652135,0.9810034830341218,0.0062831871824589,18.8047578936621,0.008140200946364532,33.911482467483076,55.75716108054027,1.8154979815776542,3.7423711855927966,0.0,0.016779778207264735,0.02620969215689532,12.465128856918792,0.003985181001113086,61.912825996389394,0.9067214320123729,-0.46428571428571436,-0.7106428116179347,-0.06674627390284293,-0.007351054099315359,0.06624925462134765,-0.4559063690800218,0.8412181039299683,-0.8034649892546092,-0.08763660444979006,-0.10016264090716229,REIT—Healthcare Facilities,Real Estate,LTC
2021Q3,2021,Q3,2021-10-28,2021-09-30,11022000.0,37472000.0,10738000.0,0.28,33540000.0,0.895068317677199,1453088000.0,744517000.0,388418000.0,38329000.0,700158000.0,0.0,-110798000.0,1241519130.0,1857889130.0,19.003930877810962,10.133789037021577,0.4554638122398643,0.8889373916243686,0.007635389868496089,19.003930877810962,0.014804228781881408,33.13191529675491,28.160023816004358,1.6675497403014303,2.0362003266194884,0.0,0.018077047270306658,0.025787839415093924,10.037752093714941,0.007585225395846639,59.29785212781201,0.895068317677199,-0.3913043478260869,-0.5096943744079435,-0.08532338152027703,0.00216778435504699,-0.022983483352267763,-0.39569055321015406,-0.4019160075749137,-0.6818666968056771,-0.09592807674744336,-0.08020398732582838,REIT—Healthcare Facilities,Real Estate,LTC
2021Q2,2021,Q2,2021-07-29,2021-06-30,18239000.0,38129000.0,17954000.0,0.46,34329000.0,0.9003383251593275,1416472000.0,753976000.0,345240000.0,35633000.0,654092000.0,4512000.0,-99377000.0,1503697910.0,2116442910.0,19.2493042967653,9.68877164426234,0.4366192907448929,0.820263509713837,0.013081858157216917,19.2493042967653,0.02419042515942152,39.43711899079441,20.611024590163936,1.994357791229429,1.230275782663523,0.8421985815602837,0.014922545180634055,0.026918287124630774,9.45272640529846,0.012876357598314686,54.90954573671718,0.9003383251593275,0.31428571428571445,-0.20287550162101883,-0.0758860403132912,0.00018314899202817562,-0.05427146753354087,0.32531608777793924,0.323943661971831,-0.7333813108651724,-0.07351993118554165,-0.05159944690714074,REIT—Healthcare Facilities,Real Estate,LTC
2021Q1,2021,Q1,2021-04-29,2021-03-31,13762000.0,40280000.0,13561000.0,0.35,36299000.0,0.9011668321747766,1455303000.0,756367000.0,346095000.0,31111000.0,690532000.0,4512000.0,-95177000.0,1631252000.0,2282472000.0,19.34442455242967,11.124521873292405,0.4531159490497855,0.8718267719242114,0.009578411457082558,19.34442455242967,0.01819487100838614,40.497815292949355,29.63326551373347,2.1566937743185517,1.6835489027757593,0.882313829787234,0.014203200976918344,0.02767808490740416,10.862010221465077,0.009456449962653825,76.73230161343432,0.9011668321747766,-0.2222222222222223,-0.3362955603712187,-0.0007231404137386364,0.07682784312280741,-0.15373137808033946,-0.21686678427132533,-0.23201948125495525,-0.3179654586364024,-0.027945638869297202,0.012984095593698756,REIT—Healthcare Facilities,Real Estate,LTC
2020Q4,2020,Q4,2021-02-18,2020-12-31,17573000.0,46273000.0,17658000.0,0.45,42893000.0,0.9269552438787197,1459486000.0,767402000.0,342002000.0,34298000.0,683680000.0,0.0,-85770000.0,1519902419.9999998,2161512420.0,19.64574266550612,9.971485217796957,0.44493883463082207,0.8462083757926093,0.012463438322284836,19.64574266550612,0.022899340893039112,32.846420590841305,21.62269418995049,1.9805817811264497,1.2728617765890855,0.0,0.014716734249294768,0.031704997512823005,9.81649075747857,0.012040540299804177,49.87865647151482,0.9269552438787197,0.4516129032258065,-0.0870959236949282,0.15419132408352146,0.08578757730162288,0.23177876055367297,0.4384055005320455,0.4827441430850617,-0.10567187844455352,0.11931150169895216,0.025758763120717267,REIT—Healthcare Facilities,Real Estate,LTC
2020Q3,2020,Q3,2020-10-29,2020-09-30,12217000.0,38173000.0,11909000.0,0.31,34822000.0,0.9122154402326251,1477244000.0,770417000.0,357297000.0,34079000.0,698423000.0,0.0,-80975000.0,1361666460.0,2003199460.0,19.723432579811064,10.484374541506499,0.4497185299111047,0.8623174203061459,0.008300337129319796,19.723432579811064,0.01585764592422026,35.67093128651141,27.864174101661618,1.7674408274999125,1.8308913808627323,0.0,0.016426930277771548,0.02584068711736179,10.282021186067666,0.008270130052990569,45.53307005517472,0.9122154402326251,5.2,-0.4373947178790885,-0.011602631043135475,0.05420372894847116,0.42888797702092735,5.533155080213904,3.630248833592535,-0.4018342274851698,-0.06580864224363825,0.027781558818704716,REIT—Healthcare Facilities,Real Estate,LTC
2020Q2,2020,Q2,2020-07-31,2020-06-30,1870000.0,28481000.0,2572000.0,0.05,24370000.0,0.8556581580702924,1510172000.0,778894000.0,389319000.0,33402000.0,722867000.0,0.0,-70824000.0,1471201850.0,2110296850.0,19.943515554986558,11.655559547332494,0.4565473336811966,0.8851846335958423,0.0017516152385077491,19.943515554986558,0.00240084016567081,51.65555458024648,196.68473930481284,1.888834488389948,11.95668449197861,0.0,0.01519777860529471,0.01885944117623688,11.432010059277887,0.0012382695481044544,46.39990696060807,0.8556581580702924,-0.96875,-0.9057252209737969,-0.20517728052317857,0.06741876021644541,-0.29315195637671493,-0.9706127323872833,-0.9594903214628845,-0.9256338673462235,-0.3231891765942994,0.038151057936017016,REIT—Healthcare Facilities,Real Estate,LTC
2020Q1,2020,Q1,2020-05-04,2020-03-31,63633000.0,46410000.0,63491000.0,1.6,34477000.0,0.7428786899375135,1524785000.0,797629000.0,385115000.0,29303000.0,718730000.0,0.0,-50335000.0,1221755100.0,1880294100.0,20.17322137636258,13.142511005699076,0.45214702400666323,0.8643454538388148,0.042695769359055745,20.17322137636258,0.07977769113209274,26.32525533290239,4.800005893168638,1.5317335503097302,0.3640721009539076,0.0,0.018962065310797558,0.030437078014277422,12.889158106678497,0.04173244096708716,51.631454168955756,0.7428786899375135,4.161290322580645,2.234608715318706,0.31535448104204006,0.07926599749757762,-0.00631196679732534,4.073592728432467,3.068631848766421,1.9449439160893514,0.0841100005278921,0.0544374654139858,REIT—Healthcare Facilities,Real Estate,LTC
2019Q4,2019,Q4,2020-02-20,2019-12-31,12542000.0,46463000.0,15605000.0,0.31,34696000.0,0.7467447216064396,1514209000.0,776943000.0,355838000.0,35395000.0,728783000.0,0.0,-90801000.0,1772354760.0000002,2461498760.0,19.625719915125796,10.053340867354146,0.4579209342963884,0.8924567181891079,0.010613256470821876,19.625719915125796,0.016142754359071386,38.145508469104456,35.32839180354011,2.2811902031423155,1.806569925051826,0.0,0.012784122293891092,0.030684667704392193,9.847690351744596,0.008282872443632286,55.02498478733313,0.7467447216064396,-0.5441176470588236,-0.4677991238326189,0.34623103989626736,0.04880244901448786,-0.00930843469818971,-0.5387614004118858,-0.4115761689291101,-0.4011271310798525,0.08799444402880624,0.03598516377909158,REIT—Healthcare Facilities,Real Estate,LTC
2019Q3,2019,Q3,2019-10-31,2019-09-30,27192000.0,47119000.0,26520000.0,0.68,35022000.0,0.743267047263312,1512231000.0,785434000.0,352944000.0,34468000.0,718337000.0,0.0,-80685000.0,2027594920.0,2707503920.0,19.841206487141918,10.239758616687942,0.45222522220480865,0.8706893259013488,0.01804937443127796,19.841206487141918,0.03462035002304458,43.031365691122474,18.641465504560163,2.5814962428415376,0.8332597822889085,0.0,0.01117481592427742,0.03115859944677764,9.997998143205292,0.01798137982887535,71.61609635490251,0.743267047263312,0.3333333333333334,0.38830181716119866,0.3943381352538532,0.086955755057642,0.01085262367950124,0.3299422869999022,0.29961775948250513,0.19711859655425268,0.13827271396607305,0.04632131489000857,REIT—Healthcare Facilities,Real Estate,LTC
2019Q2,2019,Q2,2019-08-08,2019-06-30,20446000.0,46266000.0,20406000.0,0.51,34646000.0,0.7488436432801625,1499480000.0,779171000.0,350918000.0,36032000.0,711870000.0,0.0,-85219000.0,1804711200.0,2477342200.0,19.687469995199233,9.739065275310836,0.4507149145036946,0.8673808445129503,0.014024655517594737,19.687469995199233,0.026240709677336552,39.00728828945662,22.066800352147123,2.3161940061937623,1.1078939645896508,0.0,0.012551592742373404,0.030854696294715503,9.512377886323268,0.013635393603115747,51.84164081351258,0.7488436432801625,0.0,-0.021875644855140628,0.383799867262085,0.07726277673659593,0.4434029079698371,0.00491497100167109,0.0550098231827112,-0.11563183050297021,0.1097666820021062,0.022949995070386853,REIT—Healthcare Facilities,Real Estate,LTC
2019Q1,2019,Q1,2019-05-09,2019-03-31,20346000.0,35856000.0,19342000.0,0.51,24003000.0,0.6694277108433735,1496366000.0,779761000.0,345443000.0,32413000.0,708213000.0,0.0,-83012000.0,1810170280.0,2479255280.0,19.724805221086715,10.657544812266684,0.4516274761655905,0.8666758147688843,0.013288347242059934,19.724805221086715,0.026092610428067063,50.484445560017846,22.242336085717092,2.3214424419790167,1.1270520003931976,0.0,0.012667869013958178,0.023962052064802328,10.34208496590874,0.013596940855378964,68.23878614242093,0.6694277108433735,-0.33766233766233766,0.04683803678764911,0.06562668815191403,0.07982669860313896,-0.34006928406466513,-0.33868556198400834,-0.7915305935482481,-0.02948963034692923,-0.12019550091368982,0.09800213517194115,REIT—Healthcare Facilities,Real Estate,LTC
2018Q4,2018,Q4,2019-02-28,2018-12-31,30766000.0,43587000.0,92781000.0,0.77,36372000.0,0.834468993048386,1513620000.0,825490000.0,361981000.0,35620000.0,680649000.0,0.0,-37619000.0,1646401680.0,2288774680.0,20.89795195058353,10.162296462661427,0.4261498923111481,0.781389235484379,0.06309405046789603,20.89795195058353,0.03726998509975893,37.772768944868886,13.378418383930311,1.994453815309695,0.7347071442501463,0.0,0.013729334872884727,0.02879652753002735,9.907327344188658,0.020326105627568345,51.93859995583457,0.834468993048386,-0.12499999999999999,0.8387625837095929,0.3347179498298562,0.14284177447098687,0.061057790483969775,-0.11895761741122565,3.676933158584535,0.5805078541955825,0.07511151268426414,0.15499510531765628,REIT—Healthcare Facilities,Real Estate,LTC
2018Q3,2018,Q3,2018-11-05,2018-09-30,34920000.0,41776000.0,19838000.0,0.88,34279000.0,0.8205428954423593,1535851000.0,815842000.0,377195000.0,41572000.0,712558000.0,0.0,-45781000.0,1717289630.0,2367867630.0,20.661027679995946,9.073294525161167,0.43688222360111756,0.8224460128309158,0.013342498258036573,20.661027679995946,0.042802405367706,41.10708612600536,12.2944561139748,2.1049291774632835,0.6471935853379153,0.0,0.01316027279568444,0.027200555262196658,8.853627441547195,0.022736580566734665,62.065475080414906,0.8205428954423593,-0.4913294797687861,0.76771133522237,0.41552695801877876,0.12244268994078837,0.013661767749948251,-0.493443193686898,-0.0013591744273848477,0.5907527554398677,0.07001868258993561,0.10431753377727479,REIT—Healthcare Facilities,Real Estate,LTC
2018Q2,2018,Q2,2018-08-08,2018-06-30,68936000.0,41472000.0,19865000.0,1.73,33817000.0,0.8154176311728395,1499629000.0,801127000.0,349896000.0,41493000.0,693933000.0,0.0,-58101000.0,1686990540.0,2335170540.0,20.29659750196347,8.432651290579134,0.43506760672139577,0.814402710182031,0.013666380703469466,20.29659750196347,0.0860487787828896,40.6778197337963,6.1179591940350475,2.1057716691610695,0.32769525356852736,0.0,0.013390709351577039,0.027654839963751034,8.195526956354083,0.045968702925856995,50.2304761054042,0.8154176311728395,2.392156862745098,3.45496937642027,0.34658071168059856,0.051630388574321874,-0.004826226420646832,2.386020924406896,0.006944444444444444,2.4387334185816703,0.14516622700171017,0.08631644618649337,REIT—Healthcare Facilities,Real Estate,LTC
2018Q1,2018,Q1,2018-05-09,2018-03-31,20359000.0,41810000.0,19728000.0,0.51,33981000.0,0.812748146376465,1479130000.0,753375000.0,341459000.0,34879000.0,722267000.0,0.0,-104447000.0,1499138000.0,2182742000.0,19.096474107120226,9.78981622179535,0.4647245340166179,0.9124114816658371,0.013692744747054165,19.096474107120226,0.02702372656379625,35.855967471896676,18.40878726852989,1.9898961340633814,1.1089935654992877,0.0,0.0150606548563241,0.02826661618654209,9.691848963559735,0.01376417218229635,70.26989781569326,0.812748146376465,0.020000000000000018,0.20762160678431077,0.25397250153181544,0.24218245984500295,-0.0019091816953533455,0.026469698497529493,-0.03511689327985914,0.03720227597568792,0.1876242936849555,0.02166009044332317,REIT—Healthcare Facilities,Real Estate,LTC
2017Q4,2017,Q4,2018-03-01,2017-12-31,19834000.0,41729000.0,20446000.0,0.5,34046000.0,0.8158834383761893,1465570000.0,755160000.0,349583000.0,39420000.0,706922000.0,0.0,-102228000.0,1717132950.0,2379421950.0,19.15240051738568,8.8681633688483,0.455455556541141,0.8839212882038243,0.01437164976642379,19.15240051738568,0.02626463266062821,41.14963095209566,21.64380546032066,2.273866399173685,1.1371886659271957,0.0,0.013135267132344064,0.02847288085864203,8.246118721461187,0.013533301036456806,59.43693146417446,0.8158834383761893,-0.03846153846153849,0.1960323509254263,0.3110424450761117,0.25580087650516015,0.0132134991964764,-0.03793170353123787,0.02224888755562222,-0.15498017775169123,0.21394253398081878,0.023508164490774648,REIT—Healthcare Facilities,Real Estate,LTC
2017Q3,2017,Q3,2017-11-08,2017-09-30,20616000.0,41246000.0,20001000.0,0.52,33602000.0,0.8146729379818649,1431193000.0,756635000.0,340734000.0,36608000.0,674558000.0,0.0,-99507000.0,1852327439.9999998,2486435440.0,19.190296236177335,9.307637674825175,0.4457470096625682,0.843141012509334,0.014341900995636694,19.190296236177335,0.02724695526905311,44.90926247393686,22.462255529685677,2.448112286637546,1.0940046565774155,0.0,0.012176032980432445,0.028819313677470475,8.654529064685315,0.014404765814254261,64.90285353889277,0.8146729379818649,-0.1875,0.26599457476000465,0.3303605273942749,0.24975843258845384,-0.04856018348104312,-0.1876108287031564,0.01281142394166498,0.05677862040661196,0.2254363270671896,0.051297104774935216,REIT—Healthcare Facilities,Real Estate,LTC
2017Q2,2017,Q2,2017-08-09,2017-06-30,25377000.0,42468000.0,19748000.0,0.64,35317000.0,0.8316143920128096,1440558000.0,757167000.0,345987000.0,40493000.0,683391000.0,0.0,-97569000.0,2025485460.0,2659084460.0,19.2106104429898,8.544365692835798,0.4462840093908055,0.8490834914886676,0.01410505940795606,19.2106104429898,0.03351572374390326,47.69439248375247,19.95394904835087,2.6750841756177963,0.8889151593963037,0.0,0.01113708315635107,0.029480243072476084,7.844022423628775,0.01761609043162441,77.64347989420018,0.8316143920128096,0.18518518518518512,0.48461169403531545,0.40987696255117995,0.24804361907824182,0.0047224830019060625,0.17961232742992608,-0.06265426238845642,0.21904111869990403,0.27545605077640595,0.05116988387368518,REIT—Healthcare Facilities,Real Estate,LTC
2017Q1,2017,Q1,2017-05-08,2017-03-31,21513000.0,42622000.0,21068000.0,0.54,35151000.0,0.8247149359485711,1391590000.0,753140000.0,344683000.0,40577000.0,638450000.0,0.0,-100388000.0,1885631400.0,2474772400.0,19.13173804806178,8.494541242575844,0.4296330097226913,0.7938404546299492,0.015594224481925784,19.13173804806178,0.02856441033539581,44.240800525550185,21.912696973922742,2.503693071673261,1.0482963789336681,0.0,0.011959919632225048,0.030628274132467177,7.8223870665648025,0.01545929476354386,90.3080172413793,0.8247149359485711,0.018867924528301903,0.27682768278420306,0.44372621196135403,0.24216461728187702,-0.0037976477256624628,0.04098519307074422,0.03441842195708745,0.11154981294735394,0.2720511437212626,0.04735946963335504,REIT—Healthcare Facilities,Real Estate,LTC
2016Q4,2016,Q4,2017-02-22,2016-12-31,20666000.0,42141000.0,20367000.0,0.53,35285000.0,0.8373080847630574,1394896000.0,740048000.0,343973000.0,45457000.0,654848000.0,0.0,-99349000.0,1835273699.9999998,2436673700.0,18.944016382951492,7.5669973821413645,0.4368719961918308,0.8234479385120965,0.015092938621160349,18.944016382951492,0.02792521566168681,43.55078664483519,22.201607713152036,2.4799387337037593,1.0818252201683924,0.0,0.012181834240854648,0.030210854429290786,7.021536837010801,0.01481544143792799,71.00254178272979,0.8373080847630574,-0.0701754385964911,0.27183692483865785,0.46049416019722933,0.22528840098923317,0.03761100982179615,-0.077863549149971,0.0012289843673188477,0.24891047693766707,0.30484108100073937,0.035987323058956536,REIT—Healthcare Facilities,Real Estate,LTC
2016Q3,2016,Q3,2016-11-02,2016-09-30,22411000.0,40842000.0,20342000.0,0.57,34006000.0,0.8326232799569071,1373386000.0,740631000.0,323576000.0,43493000.0,632755000.0,0.0,-97658000.0,2030573430.0,2616222430.0,18.96282356555803,7.439725932908744,0.42905781768563245,0.7956215713357934,0.015295967419935289,18.96282356555803,0.030259332920172122,49.71777655354782,22.651526370978537,2.741680310437992,0.9450716166168399,0.0,0.010430551137468592,0.029738179943584686,6.9134113535511466,0.016318063530573343,71.09850945378152,0.8326232799569071,-0.017241379310344845,0.39738849849856844,0.47063952030737394,0.22299823188499898,0.022859892919448958,0.010414788097385032,0.012039800995024875,0.14697408476450985,0.399115439814042,0.0301850915385687,REIT—Healthcare Facilities,Real Estate,LTC
2016Q2,2016,Q2,2016-08-01,2016-06-30,22180000.0,39996000.0,20100000.0,0.58,33246000.0,0.8312331233123312,1380125000.0,730743000.0,330922000.0,42648000.0,649382000.0,0.0,-98889000.0,1964136370.0,2553114370.0,19.24577945165793,7.759379103357719,0.4396224979621411,0.8302973822534051,0.015028295813685021,19.24577945165793,0.030352668448414832,49.1083200820082,22.138597497745717,2.687862039047928,0.9325518485121731,0.0,0.010530837021260394,0.028979983697128883,7.208497467642093,0.01607100806086405,63.41446969941562,0.8312331233123312,0.0943396226415093,0.44127104837013725,0.49876188693370466,0.23887693242387853,0.019690835480309164,0.1169302044516064,0.026243234963749616,0.4900785231070153,0.3500285082210156,-0.002815791109579326,REIT—Healthcare Facilities,Real Estate,LTC
2016Q1,2016,Q1,2016-05-02,2016-03-31,19858000.0,38604000.0,19586000.0,0.53,32604000.0,0.8445756916381723,1318850000.0,672690000.0,324289000.0,37904000.0,646160000.0,0.0,-100384000.0,1694057040.0,2278033040.0,17.96426854670726,8.555535035880117,0.4612018046024946,0.904214422690987,0.015290262040710538,17.96426854670726,0.029520284231964202,43.88294062791421,21.327135663208786,2.5183324265263347,1.0246248363379997,0.0,0.012010811631230552,0.02927095575690943,7.932249894470241,0.015057057284755659,89.54263121729478,0.8445756916381723,0.10416666666666677,0.15252472729737915,0.3391737147804678,0.007110343347193509,0.024896265560165973,0.10604879135568676,0.14591621811373742,0.24097354115121003,0.21981153386926347,0.16853504827599594,REIT—Healthcare Facilities,Real Estate,LTC
2015Q4,2015,Q4,2016-02-22,2015-12-31,17954000.0,37393000.0,17092000.0,0.48,31812000.0,0.8507474661032813,1275424000.0,659202000.0,303961000.0,44350000.0,616222000.0,0.0,-99896000.0,1571719620.0,2130649620.0,18.093541569456264,6.853686583990981,0.44837795117545226,0.8675216398008501,0.013883812021048289,18.093541569456264,0.0272359610559434,42.03245580723665,21.885368441572908,2.3842761702786093,1.1096691545059596,0.0,0.012675924984635618,0.029318093434026644,6.3055918827508455,0.014076887372356173,49.957713359397346,0.8507474661032813,-0.07692307692307698,0.058921617142709694,0.35158224152817164,0.044958026807433285,0.03801350866316442,-0.08617091667939125,-0.09914088441469457,0.17169524541067985,0.27142255999406345,0.18637271298602134,REIT—Healthcare Facilities,Real Estate,LTC
2015Q3,2015,Q3,2015-11-02,2015-09-30,19647000.0,34943000.0,18973000.0,0.52,30647000.0,0.8770569212717855,1216915000.0,661206000.0,285484000.0,37742000.0,555709000.0,0.0,-97927000.0,1508000470.0,2014238470.0,18.709317789536232,7.564093052832388,0.42563942428189316,0.7833670595850613,0.016090090258172464,18.709317789536232,0.02971388644386167,43.156010359728704,19.188686186186185,2.2806817693729338,0.964981931083626,0.0,0.01257227724869343,0.028714413085548292,6.9265009803402044,0.01614492384431123,57.14070971164412,0.8770569212717855,0.08333333333333341,0.20368670730529698,0.3311684201210241,0.023075725523056964,0.07408965058003014,0.09588353413654618,0.10468704512372634,0.34601406505841076,0.25740046101454744,0.21843495210721905,REIT—Healthcare Facilities,Real Estate,LTC
2015Q2,2015,Q2,2015-08-05,2015-06-30,17928000.0,32387000.0,17175000.0,0.48,28533000.0,0.881001636459073,1043050000.0,659522000.0,270189000.0,25561000.0,383528000.0,0.0,-98615000.0,1468438400.0,1818354400.0,18.68387206436443,10.570361096983685,0.3431925602799482,0.542767337556594,0.01687978936381622,18.68387206436443,0.027183323679877244,45.34036496124988,20.47688531905399,2.2265192063342845,1.056950022311468,0.0,0.012904184472430032,0.03105028522122621,9.923359805954384,0.01718805426393749,56.598126806706496,0.881001636459073,0.02127659574468087,0.03678442136001848,0.19275112389167276,-0.037446424672784806,0.029551851050010826,0.021422060164083864,-0.014969029593943564,0.1710961438296414,0.2005444290181983,0.21382333886809868,REIT—Healthcare Facilities,Real Estate,LTC
2015Q1,2015,Q1,2015-04-30,2015-03-31,17552000.0,31480000.0,17436000.0,0.47,27714000.0,0.8803684879288437,995420000.0,659384000.0,221686000.0,22069000.0,336036000.0,0.0,-97594000.0,1622742000.0,1933292000.0,18.691612098534456,10.045131179482532,0.31541158505957284,0.47615198427623356,0.017913373490138707,18.691612098534456,0.026618783591958555,51.548348157560355,23.113348906107568,2.460996930468437,1.0787374658158615,0.0,0.011667905310887374,0.031624841775331015,9.310254202727808,0.01763275803178558,91.59236891121522,0.8803684879288437,-0.21046714285714296,0.10097030589583139,0.16299807589720472,-0.054094777073415284,0.023714539007092198,-0.1641904761904762,0.014841976602060415,0.16248555768183895,0.18991347729443828,0.21358859976182645,REIT—Healthcare Facilities,Real Estate,LTC
2014Q4,2014,Q4,2015-02-26,2014-12-31,21000000.0,30755000.0,17181000.0,0.595288715026788,27072000.0,0.8802471142903593,965819000.0,660121000.0,239296000.0,24065000.0,305698000.0,0.0,-96212000.0,1522908090.0,1779304090.0,18.712503897723728,9.94373571576979,0.29160018595616777,0.42663844961757014,0.018243617760051987,18.712503897723728,0.0318123495540969,49.51741472931231,18.129858214285715,2.3070135475162887,0.8905714285714286,0.0,0.012280452197216971,0.03184344064467566,9.37390400997299,0.021743204472059463,58.155118570282966,0.8802471142903593,0.29410590223214783,0.26127101210016435,0.1622362969716235,-0.03680653093148055,0.026582230480452013,0.22649223221586262,0.0034458591286064713,0.43116755737387147,0.18033939549747902,0.21031430272519996,REIT—Healthcare Facilities,Real Estate,LTC
2014Q3,2014,Q3,2014-11-03,2014-09-30,17122000.0,29541000.0,17122000.0,0.46,26371000.0,0.8926915134897262,952571000.0,631677000.0,221193000.0,18361000.0,320894000.0,0.0,-98511000.0,1276578450.0,1571522450.0,18.25392284351972,12.046892870758674,0.31759627366359044,0.4789362284838612,0.018327784973399985,18.25392284351972,0.02710562518502336,43.2137859246471,18.639447056418643,2.020935462269483,1.0856792430790796,0.0,0.014561580606346596,0.03101186158302111,11.562496596045968,0.017974513185893756,54.15196614914736,0.8926915134897262,-0.07999999999999996,0.016308307405802,0.13841408039524813,-0.06670785959838627,0.008875626458548528,-0.06298910961527937,-0.0006420358372730987,0.20495394984376347,0.20056161107669335,0.17727801903602516,REIT—Healthcare Facilities,Real Estate,LTC
2014Q2,2014,Q2,2014-08-06,2014-06-30,18273000.0,29227000.0,17133000.0,0.5,26139000.0,0.8943442707085913,945188000.0,632276000.0,216995000.0,17879000.0,312912000.0,0.0,-97044000.0,1350666880.0,1637635880.0,18.275457409601987,12.136864477879076,0.31214213468643276,0.46662058974245424,0.01847604196659366,18.275457409601987,0.02890035364302931,46.212983884764085,18.478997427899085,2.1361982425396504,1.0168007442674984,0.0,0.01375616761995378,0.03092189067148546,11.651210917836568,0.01933266186197878,54.085087094061585,0.8943442707085913,0.08695652173913039,0.14315704525894465,0.12156829502947897,-0.0676578435566845,-0.004266504133175879,0.07462949894142555,-0.15145361794859097,0.30312084766296826,0.20196283127596,0.17641598622291882,REIT—Healthcare Facilities,Real Estate,LTC
2014Q1,2014,Q1,2014-05-06,2014-03-31,17004000.0,29438000.0,20191000.0,0.46,26251000.0,0.8917385691962769,942241000.0,631770000.0,215716000.0,16438000.0,310471000.0,0.0,-96737000.0,1301471180.0,1587962180.0,18.2666396807957,13.123007665166078,0.3120571064090822,0.4654114630324327,0.02180917538612426,18.2666396807957,0.026914858255377747,44.21058427882329,19.13477975770407,2.0600395397059055,1.0915078804987062,0.0,0.014260784476226357,0.031242537737160663,12.573244920306607,0.01804633846330185,66.66689785882593,0.8917385691962769,0.08597679180887376,0.015753015562794705,0.1078545903557975,-0.07279145281200497,0.01981275008740919,0.1606825938566553,0.15363958404753741,0.06849117037823022,0.10565085542791777,0.024061832124948668,REIT—Healthcare Facilities,Real Estate,LTC
2013Q4,2013,Q4,2014-02-20,2013-12-31,14650000.0,28593000.0,17502000.0,0.4235817961024692,25741000.0,0.9002553072430315,931410000.0,632438000.0,212493000.0,20137000.0,298972000.0,0.0,-95180000.0,1223998540.0,1496055540.0,18.285953854160642,10.552366290907285,0.2993686990691532,0.44088906738684264,0.019206099599132203,18.285953854160642,0.023164325989266932,42.8076291399993,20.88734709897611,1.9353652690066063,1.2655972696245734,0.0,0.0151478938855597,0.030698618223982992,10.094800615781894,0.015728841219226762,47.0316441882805,0.9002553072430315,-0.09876213595219312,-0.0047511069567110495,0.14426037633002659,-0.07910882391578052,0.10742557219067286,-0.15249334721740138,0.02892416225749559,-0.08980422611434456,0.08869565168564329,0.056070431782787124,REIT—Healthcare Facilities,Real Estate,LTC
2013Q3,2013,Q3,2013-11-04,2013-09-30,17286000.0,25825000.0,17010000.0,0.47,23244000.0,0.9000580832526621,841243000.0,636024000.0,142642000.0,17384000.0,205219000.0,0.0,-91290000.0,1312322940.0,1439819940.0,18.407200532515265,8.205361251725725,0.22328269001941176,0.2953269059029219,0.02064673688094686,18.407200532515265,0.027178219689823025,50.81598993223621,18.979563519611244,2.0633229878117807,0.9821821126923522,0.0,0.012937364335031743,0.03069862096920866,7.632017947537966,0.020548165036737304,61.23479725631095,0.9000580832526621,0.3055555555555555,0.08353677480688064,0.012086539904108639,-0.08019739317376003,0.015775903509155267,0.3396884445477796,0.01929530201342282,0.08319039889585464,0.006250761339670633,0.006555142816795522,REIT—Healthcare Facilities,Real Estate,LTC
2013Q2,2013,Q2,2013-08-08,2013-06-30,12903000.0,25681000.0,16688000.0,0.36,22883000.0,0.891047856391885,845064000.0,635225000.0,142407000.0,22004000.0,209839000.0,0.0,-91598000.0,1293810030.0,1418330030.0,19.30012457083827,6.4718687511361574,0.22227310594227181,0.29569837459168014,0.020275557067528493,19.30012457083827,0.020312487701208234,50.38004867411705,25.068008021390376,2.0367744185131254,1.2671471750755638,0.0,0.012637094798221652,0.03038941429288196,6.06453372114161,0.015268666041861919,60.59148737882265,0.891047856391885,-0.10000000000000009,-0.20852435188210278,0.0039775435248738415,-0.041028830993974925,0.015667998224589436,-0.00562577065351418,0.0359426407598237,-0.1997194736139032,0.014345662648300056,-0.005698398815654619,REIT—Healthcare Facilities,Real Estate,LTC
2013Q1,2013,Q1,2013-04-30,2013-03-31,12976000.0,25663000.0,16109000.0,0.4,22530000.0,0.8779176245957214,792664000.0,466811000.0,90728000.0,20518000.0,325853000.0,0.0,-88150000.0,1237981050.0,1533695050.0,15.373324551292606,4.421873476947071,0.3852010435695326,0.65408698595363,0.02086263478668542,15.373324551292606,0.02779711703451718,48.23991933912637,23.851361166769422,2.6519963111409117,1.1586775585696671,0.0,0.012144773944641559,0.03237563456899771,3.958378009552588,0.0163701139448745,71.21382017947538,0.8779176245957214,-0.04893900242737441,-0.12442084293955129,0.08263767279389855,-0.24167606113013068,0.0,0.016051992796178843,0.012762479567458821,-0.05439841367399305,0.10146336283861206,-0.22201959305835717,REIT—Healthcare Facilities,Real Estate,LTC
2012Q4,2012,Q4,2013-02-21,2012-12-31,12771000.0,24512000.0,15906000.0,0.4205829079532356,0.0,0.0,789592000.0,463101000.0,88045000.0,22549000.0,326484000.0,0.0,-86092000.0,1068544349.9999999,1365288350.0,15.2511444096822,3.9046077431371677,0.3849266456600371,0.656303916424279,,15.2511444096822,0.02757713760065299,43.592703573759785,20.917397815362932,2.307367831207447,1.175162477488059,0.0,0.014045275706151083,0.031043880890383894,3.4350525522196107,0.016174176030152282,10.387024292088302,0.0,0.10679712619272527,-0.1342187608835879,0.02403947328002762,-0.272321199162372,0.0,0.022088835534213685,0.013314646110721794,-0.10888781091316911,0.076157435427888,-0.21497396759320447,REIT—Healthcare Facilities,Real Estate,LTC
2012Q3,2012,Q3,2012-11-08,2012-09-30,12495000.0,23789000.0,15697000.0,0.38,0.0,0.0,709833000.0,464541000.0,45483000.0,21008000.0,244943000.0,0.0,-83855000.0,959927690.0,1175588690.0,15.355204442534625,2.1650323686214774,0.31547561186927064,0.48205648155921654,,15.355204442534625,0.026897518195379954,40.35174618521165,19.206236294517808,2.0664003607862385,1.174949979991997,0.0,0.015293860311499086,0.03351351655952879,1.8212585681645088,0.01760273191018169,-22.926383807021733,0.0,-0.050000000000000044,-0.16445536608521444,-0.0042597989589922185,-0.26350839671102344,0.0,-0.04640158742272762,0.02675300889586604,-0.1516449498121399,0.048628503803824365,-0.21491441903595634,REIT—Healthcare Facilities,Real Estate,LTC
2012Q2,2012,Q2,2012-08-07,2012-06-30,13103000.0,23090000.0,15288000.0,0.4,0.0,0.0,654854000.0,465056000.0,46504000.0,18757000.0,189392000.0,0.0,-81669000.0,1096127640.0,1256449640.0,15.392579353258531,2.479287732579837,0.2605695315291653,0.3669128018991261,,15.392579353258531,0.028175101493153512,47.471963620614986,20.91367702052965,2.356979890593821,1.0724261619476456,0.0,0.012819674905743641,0.03525976782611086,2.0851415471557284,0.020009040183002622,62.100030593167524,0.0,0.0,-0.20546345505039268,-0.09150628476482163,-0.2756922161835509,0.0,0.014085597090008513,0.017775114839225083,-0.0613333783500487,0.014635394613306332,-0.21473097467307325,REIT—Healthcare Facilities,Real Estate,LTC
2012Q1,2012,Q1,2012-05-07,2012-03-31,12921000.0,22640000.0,15021000.0,0.4,0.0,0.0,658604000.0,464969000.0,44815000.0,17593000.0,193228000.0,0.0,-80721000.0,966048000.0,1144872000.0,15.401934479446156,2.5473199568010005,0.26667770010507075,0.3777348597433377,,15.401934479446156,0.02778894937081827,42.66996466431095,18.69143255166009,2.077661091384587,1.0869127776487888,0.0,0.014537579913213422,0.03437574020200303,2.112146876598647,0.019618769397088388,-491.87780040733196,0.0,-0.03833718244803691,-0.1885729512468701,-0.059819589502290535,-0.2768307395572331,0.0,0.02898781556104165,0.01513820368993715,-0.11573026675960797,-0.023881614766535716,-0.218202934851459,REIT—Healthcare Facilities,Real Estate,LTC
2011Q4,2011,Q4,2012-02-27,2011-12-31,12557000.0,22298000.0,14797000.0,0.4159462055715658,0.0,0.0,647097000.0,466748000.0,46364000.0,19187000.0,178387000.0,0.0,-79597000.0,931632540.0,1092909540.0,15.460863228328199,2.4164277896492417,0.24602184834731114,0.34108341117690916,,15.460863228328199,0.026903168304952565,41.78099112027984,18.548071593533486,1.9960075672525646,1.0799554033606753,0.0,0.014556168250628086,0.03445851240231372,1.884557252306249,0.01940512782473107,-59.05378676470588,0.0,0.09459527781991,-0.18258981362400686,-0.05618271105189227,-0.27458752082962773,0.0,0.014707070707070707,0.034248969036136154,-0.022691710385700406,0.022310110569120804,-0.22138201620951445,REIT—Healthcare Facilities,Real Estate,LTC
2011Q3,2011,Q3,2011-11-02,2011-09-30,12375000.0,21429000.0,14307000.0,0.38,0.0,0.0,619016000.0,467280000.0,44450000.0,18174000.0,149774000.0,0.0,-78593000.0,763068840.0,895937840.0,15.505192952185022,2.4458016947287335,0.21259547410729288,0.28162985790104433,,15.505192952185022,0.026483050847457626,35.60916701665967,15.415532121212122,1.6330012840267079,1.0958383838383838,0.0,0.017771660024801957,0.034617845096087986,1.9730384065148014,0.019991405714876512,291.69298165137616,0.0,0.027027027027027053,-0.13813141111038468,-0.08548664662836651,-0.27862607797005984,0.0,0.013181594891108563,0.02824493316084519,-0.11063487217181793,-0.0371359637391972,-0.22520989155460547,REIT—Healthcare Facilities,Real Estate,LTC
2011Q2,2011,Q2,2011-08-08,2011-06-30,12214000.0,21180000.0,13914000.0,0.37,0.0,0.0,614423000.0,468143000.0,44936000.0,21118000.0,144318000.0,0.0,-77407000.0,838355700.0,961641700.0,15.534859797577568,2.1278530163841274,0.20051332713781875,0.2631674509711776,,15.534859797577568,0.026090318556509444,39.58242209631728,17.15972859014246,1.7908111410402376,1.3604879646307515,0.0,0.0198209423517965,0.03447136581801137,1.7574107396533762,0.01987881313036784,45.28225667062763,0.0,0.8499999999999999,-0.21098364834542277,-0.1271009914728125,-0.27842263393809163,0.0,0.00892119610110689,0.04663758086354747,-0.1817216711899088,-0.0956546752431268,-0.2281146888068706,REIT—Healthcare Facilities,Real Estate,LTC
2011Q1,2011,Q1,2011-05-04,2011-03-31,12106000.0,20254000.0,13294000.0,0.2,0.0,0.0,635428000.0,469303000.0,60828000.0,110963000.0,164163000.0,0.0,-76062000.0,745625400.0,781914400.0,17.837438236412012,0.5481827275758586,0.08372309687328855,0.11335959923546195,,17.837438236412012,0.025795701284671096,36.81373555840822,15.397848174458945,1.5887931677402445,1.060052866347266,0.0,0.0172110553100793,0.031874579023902,0.46953489000838117,0.019051725765940438,-19.430484181998228,0.0,-0.5702384841555047,-0.7550030925186751,-0.013744458403215292,-0.16215286027401105,0.0,-0.011270826527278666,0.027277644695154934,-0.05722580925143557,-0.013859138885603943,-0.12012809085939422,REIT—Healthcare Facilities,Real Estate,LTC
2010Q4,2010,Q4,2011-02-23,2010-12-31,12244000.0,19979000.0,12941000.0,0.4653743823641201,0.0,0.0,561264000.0,455560000.0,43987000.0,12312000.0,103742000.0,0.0,-70479000.0,738784800.0,829789800.0,17.315089319650323,3.5726933073424303,0.16290016819179567,0.20069804197032223,,17.315089319650323,0.026876810957941873,36.978066970318835,15.084629206141782,1.621706910176486,1.0908199934661875,0.0,0.018078336208324806,0.0355964394652071,2.846166341780377,0.021815046038940678,-18.09372290661507,0.0,1.1153381016550914,0.00227199604774891,0.1810942590620906,-0.13218311819920675,0.0,0.06340107694980024,0.051003004954113536,-0.04201430491549486,-0.03669429158778485,-0.1738440674313883,REIT—Healthcare Facilities,Real Estate,LTC
2010Q3,2010,Q3,2010-10-25,2010-09-30,11514000.0,18517000.0,12313000.0,0.22,0.0,0.0,523051000.0,455903000.0,48242000.0,11456000.0,65186000.0,0.0,-69367000.0,636213600.0,683927600.0,18.28732450862415,4.21106843575419,0.10272420853798196,0.11785401719225362,,18.28732450862415,0.025255372305073666,34.358351784846356,13.81391349661282,1.3955021133881549,1.2645475073823171,0.0,0.022885395722442903,0.03540190153541433,3.466131284916201,0.022013149769334158,42.64166219839142,0.0,-0.33333333333333337,0.03343984977181492,-0.06221374739798454,-0.11518417877636164,0.0,-0.005871179416335693,0.02191053199435638,-0.06565817965111878,-0.05943968553141392,-0.12287322532065173,REIT—Healthcare Facilities,Real Estate,LTC
2010Q2,2010,Q2,2010-08-02,2010-06-30,11582000.0,18187000.0,12049000.0,0.33,0.0,0.0,517094000.0,458928000.0,40590000.0,11474000.0,56204000.0,0.0,-65137000.0,573815610.0,619523610.0,19.41073467834031,3.537563186334321,0.08650264748769082,0.09746626921870097,,19.41073467834031,0.025237074225150785,31.550866553032385,12.385935287515109,1.2503390727957326,1.1281298566741496,0.0,0.022770380889428923,0.035171554881704294,2.8176747428969846,0.02239824867432227,-86.91542108451985,0.0,0.13793103448275876,0.044804959730868094,-0.021756638748540776,-0.046199130784109886,-1.0,0.1007413039346132,0.09825904657734026,-0.10253408061278406,-0.08557028639388102,-0.08661531674082462,REIT—Healthcare Facilities,Real Estate,LTC
2010Q1,2010,Q1,2010-05-03,2010-03-31,10522000.0,17865000.0,10971000.0,0.29,17865000.0,1.0,512042000.0,460085000.0,53597000.0,17765000.0,49995000.0,0.0,-63653000.0,630037980.0,650698980.0,19.76055491130868,3.016999718547706,0.0778666593755981,0.08666007368203701,,19.76055491130868,0.022869687123031612,35.266609571788415,14.969539536209846,1.3693947422758836,1.2279034404105684,0.0,0.020506700246864483,0.03488971607797798,2.5429214748100195,0.02054909558200304,-243.63417633410674,1.0,-0.38556101556101563,-0.5483554935404025,-0.27899952198239575,-0.03752218661710473,0.0,-0.042497042497042496,-0.039989499474973746,-0.14323554392287224,-0.038060883569058734,-0.07217980311368968,REIT—Healthcare Facilities,Real Estate,LTC
2009Q4,2009,Q4,2010-02-24,2009-12-31,10989000.0,17465000.0,11428000.0,0.47197526091998454,0.0,0.0,490593000.0,452332000.0,45954000.0,18555000.0,36280000.0,0.0,-61255000.0,622820250.0,639374250.0,19.427565176308896,2.4766370250606307,0.05179446098904795,0.05617555247030942,,19.427565176308896,0.02429410256183511,35.66105067277412,14.169174856674857,1.3769095487385372,1.1692601692601692,0.0,0.02063035041009023,0.03559977415087456,2.0097547830773377,0.022399422739419438,649.4476016684046,0.0,0.47492269037495166,0.1054076212327144,-0.012569622477855275,-0.04284478881802799,0.0,-0.0232,-0.020401165780901766,-0.07248249695336141,-0.04148172690886252,-0.0884727449778935,REIT—Healthcare Facilities,Real Estate,LTC
2009Q3,2009,Q3,2009-11-05,2009-09-30,11250000.0,17328000.0,11666000.0,0.32,0.0,0.0,477013000.0,451961000.0,38649000.0,21918000.0,21918000.0,0.0,-59395000.0,555516320.0,562393320.0,19.55863770122901,1.7633451957295374,0.025058017286740612,0.02644697219450351,,19.55863770122901,0.02489152825133142,32.058882733148664,12.34480711111111,1.229124459853837,1.1405333333333334,0.0,0.023097431232983398,0.036326054006913855,1.3633543206496943,0.023584262902688186,38.0282256297919,0.0,0.06666666666666674,0.04623319149849782,-0.12690843553454487,-0.10711986817679865,0.0,0.054951237809452366,0.009693612601696383,0.02184735956718401,-0.03556215283826654,-0.09004091522060399,REIT—Healthcare Facilities,Real Estate,LTC
2009Q2,2009,Q2,2009-08-05,2009-06-30,10664000.0,17385000.0,11554000.0,0.3,0.0,0.0,490240000.0,452426000.0,46846000.0,29180000.0,34680000.0,0.0,-57814000.0,472006450.0,483494450.0,19.601663706078593,1.6054146675805345,0.05221116187989556,0.0565749979002091,,19.601663706078593,0.023570705485537965,27.150212827149844,11.065417526256564,1.043278790343614,1.2025506376594148,0.0,0.027169120252488074,0.035462222584856394,1.3114804660726525,0.02175261096605744,32.41357299821453,0.0,-0.14285714285714282,0.11219113896384601,-0.12981330443410063,0.00662839600355044,0.0,-0.04453006003046322,-0.04748557295960429,-0.10057532230389736,-0.064531185165376,-0.0895240091147097,REIT—Healthcare Facilities,Real Estate,LTC
2009Q1,2009,Q1,2009-05-11,2009-03-31,11161000.0,17716000.0,12130000.0,0.35,0.0,0.0,501001000.0,454278000.0,53679000.0,43589000.0,43589000.0,0.0,-55654000.0,404454860.0,418857860.0,19.70068086213626,1.2314804193718598,0.07203778036371185,0.07944694658336965,,19.70068086213626,0.024568656197306495,22.82991984646647,9.059556939342352,0.8903245589704982,1.1530328823582117,0.0,0.03181813663952512,0.03536120686385855,1.0286310766477782,0.02227740064391089,30.577973841385045,0.0,-0.17763908701854497,-0.09463320858896065,-0.1610417738909295,-0.02995142648724748,0.0,0.1372529040146729,0.22636740471135375,-0.7422827907936597,-0.015706309537608078,-0.07463398654965171,REIT—Healthcare Facilities,Real Estate,LTC
2008Q4,2008,Q4,2009-02-25,2008-12-31,9814000.0,16660000.0,9891000.0,0.4256038856845483,0.0,0.0,506053000.0,457878000.0,0.0,11400000.0,45041000.0,0.0,-54627000.0,467636520.0,451208520.0,19.856802116310334,0.0,0.009267803965197321,0.010242903131401814,,19.856802116310334,0.021433657000336333,28.069418967587033,11.912485225188508,1.0213124893530592,1.3189321377623802,0.0,0.027679617494373622,0.03292145289129795,2.8500877192982457,0.019393225610756185,55.16533207502654,0.0,0.4675996058087874,-0.014973261324939438,-0.12693477766753442,-0.002803891746160656,0.0,-0.07659013925479864,-0.07595291479820628,-0.08338131148574718,0.12374089907392752,-0.0047947326754057525,REIT—Healthcare Facilities,Real Estate,LTC
2008Q3,2008,Q3,2008-11-05,2008-09-30,10628000.0,16999000.0,10704000.0,0.29,0.0,0.0,508988000.0,460659000.0,0.0,11400000.0,45195000.0,0.0,0.0,674917080.0,695667080.0,20.012120422259873,0.0,0.0,0.0,,20.012120422259873,0.023071295687265417,39.703340196482145,15.875919269853219,1.4651121111277539,1.2327813323296952,0.0,0.01941275511948816,0.03339764395231322,2.4347368421052633,0.020880649445566498,39.66134336251983,0.0,-0.12121212121212131,0.35328367378396,-0.19079665053905778,-0.10718735321988848,0.0,-0.06583457853564209,-0.06547930853850184,0.03310948842388643,-0.06762110407667134,-0.03173147293920869,REIT—Healthcare Facilities,Real Estate,LTC
2008Q2,2008,Q2,2008-07-31,2008-06-30,11377000.0,17851000.0,11454000.0,0.33,0.0,0.0,511220000.0,462271000.0,0.0,11800000.0,45815000.0,0.0,0.0,587087640.0,610278640.0,20.125865296704255,0.0,0.0,0.0,,20.125865296704255,0.02461110474159097,32.888221388157525,12.900756790014942,1.2700075064193945,1.1300870176672233,0.0,0.02189962643396819,0.034918430421345015,2.0094915254237287,0.022254606627283752,38.043522550544324,0.0,-0.08333333333333326,0.3581181555800097,-0.14515641187288733,0.019480639566084843,0.0,0.019627173328553505,-0.07021673837162107,0.056428034308484344,-0.011654277628443961,-0.011059182878915625,REIT—Healthcare Facilities,Real Estate,LTC
2008Q1,2008,Q1,2008-04-30,2008-03-31,11158000.0,17847000.0,12319000.0,0.36,0.0,0.0,526216000.0,463476000.0,0.0,11100000.0,59605000.0,0.0,-47877000.0,587782020.0,613514020.0,20.272767037004638,0.0,0.0,0.0,,20.272767037004638,0.02407460148961327,32.93449991595226,13.169520075282309,1.2682037904875334,1.1830077074744578,0.0,0.022457304835557915,0.033915730422488105,3.123963963963964,0.021204220320172704,58.25969075230449,0.0,-0.25893030794165317,1.2490565710566628,-0.13163477491533362,0.048774337965394515,0.0,0.004682153790743742,-0.01613289673348774,-0.5122362629126207,-0.26646224209426683,-0.012573858549358191,REIT—Healthcare Facilities,Real Estate,LTC
2007Q4,2007,Q4,2008-03-13,2007-12-31,11106000.0,18022000.0,12521000.0,0.48578427084244596,0.0,0.0,544105000.0,479156000.0,0.0,12600000.0,61431000.0,0.0,-47191000.0,572693100.0,535192100.0,20.95862129297524,0.0,0.009428327253011827,0.010706325288632513,,20.95862129297524,0.023178255098548282,31.777444234824102,12.89152485143166,1.1952122064630308,1.1537907437421213,0.0,0.02237498583447225,0.03312228338280295,4.099047619047619,0.02041150145652034,84.46800884955752,0.0,0.5670460349756321,0.847561866812397,-0.15807376447333676,0.07975222819373076,0.0,-0.027580772261623327,-0.01726709049525155,0.1377495384345037,0.037685138575944355,0.032587120810374196,REIT—Healthcare Facilities,Real Estate,LTC
2007Q3,2007,Q3,2007-11-02,2007-09-30,11421000.0,18246000.0,12741000.0,0.31,0.0,0.0,547098000.0,481719000.0,0.0,12800000.0,61861000.0,0.0,-45485000.0,570924550.0,574364550.0,20.849123566327634,0.0,0.0,0.0,,20.849123566327634,0.02370884270705536,31.290395155102487,12.497253961999826,1.185181713820713,1.1336135189563086,0.0,0.022677252186825734,0.03335051489861049,4.5290625,0.020875601811741223,42.82362361236124,0.0,-0.13888888888888887,0.4038343626834732,-0.1710504079323236,0.064154700880244,0.0,-0.1107217939733707,-0.1004659700649534,0.06227384589060055,-0.08053456115161384,-0.04820731982110036,REIT—Healthcare Facilities,Real Estate,LTC
2007Q2,2007,Q2,2007-08-08,2007-06-30,12843000.0,19793000.0,14164000.0,0.36,0.0,0.0,565374000.0,500025000.0,0.0,12400000.0,61831000.0,0.0,-43968000.0,535284750.0,524622750.0,21.251434400102003,0.0,0.0,0.0,,21.251434400102003,0.025684715764211788,27.0441443944829,10.419776337304368,1.07051597420129,1.0219574865685588,0.0,0.024519659863278375,0.03500868451679773,5.858951612903226,0.02271593670738308,35.54347609561753,0.0,0.0285714285714286,-0.30534858218708427,-0.10815428613591228,0.06881917331761978,0.0,0.036980218005651995,0.04377302873986735,0.313944217765865,-0.02814713361644268,0.09135110385122432,REIT—Healthcare Facilities,Real Estate,LTC
2007Q1,2007,Q1,2007-05-09,2007-03-31,12385000.0,18729000.0,13570000.0,0.35,0.0,0.0,564765000.0,500073000.0,0.0,11600000.0,61174000.0,0.0,-43691000.0,608366800.0,592463800.0,21.297827938671208,0.0,0.009083424079041726,0.010258502258670234,,21.297827938671208,0.024766384107920245,32.48260985637247,12.280314897052888,1.2165559828265073,1.0570851836899475,0.0,0.02151991200045762,0.03316246580436111,3.7783620689655173,0.021929475091409703,51.91728963987028,0.0,-0.31218613993973887,0.5905570367039509,-0.14913806953653783,0.12014367749338742,0.0,0.03657515902243053,0.03319628445256586,-0.013357451719209351,-0.12897297177847056,0.04869104552297061,REIT—Healthcare Facilities,Real Estate,LTC
