Quarters,Year,Quarter,FillingDate,Date,NetIncome,Revenue,OperatingIncome,EPSDiluted,GrossProfit,GrossProfitRatio,TotalAssets,CommonStockEquity,CurrentAssets,CurrentLiability,TotalLiability,Inventory,RetainedEarnings,MarketCap,EnterpriseValue,bookValuePerShare,currentRatio,debtToAssets,debtToEquity,roic,shareholdersEquityPerShare,roe,priceToSalesRatio,peRatio,pbRatio,payoutRatio,inventoryTurnover,dividendYield,assetTurnover,quickRatio,returnOnAssets,priceToFreeCashFlowsRatio,grossProfitMargin,epsdilutedGrowth,fiveYNetIncomeGrowthPerShare,fiveYRevenueGrowthPerShare,fiveYShareholdersEquityGrowthPerShare,grossProfitGrowth,netIncomeGrowth,operatingIncomeGrowth,threeYNetIncomeGrowthPerShare,threeYRevenueGrowthPerShare,threeYShareholdersEquityGrowthPerShare,Industry,Sector,Symbol
2023Q1,2023,Q1,2023-02-17,2023-03-31,-1207000.0,57421000.0,4493000.0,-0.0189,11490000.0,0.2001010083,382444000.0,267693000.0,162735000.0,43390000.0,105558000.0,56853000.0,-48986000.0,448320054.8652,453670054.8652,4.182311033340624,3.750518552661904,0.1749929401428706,0.2500065373394149,-0.022537050876965836,4.182311033340624,-0.004508896385038085,7.807597479409972,-92.85833779312344,1.6747544943842387,0.0,0.8078905246864722,0.0,0.1501422430473481,2.1982714911269876,-0.003156017613036157,-45.45473536096522,0.20010100834189581,0.92125,-1.0275212657682375,-0.3410850148008314,1.325603169501752,2.772160210111622,0.9228063443335891,1.5958885941644563,-1.2615361854191147,0.22612416729031154,0.0038836086196748208,Other Industrial Metals & Mining,Basic Materials,LGO
2022Q4,2022,Q4,2022-12-31,2022-12-31,-15636000.0,47501000.0,-7540000.0,-0.24,3046000.0,0.0641249658,355750000.0,265392000.0,154144000.0,38973000.0,81196000.0,64221000.0,-48227000.0,467720923.34799993,455303923.34799993,4.132737437127241,3.955148436096785,0.11821222768798313,0.15845993850605897,-0.022115783889482085,4.132737437127241,-0.05891662145053355,9.846548985242414,-7.478270071437707,1.7623776276149994,0.0,0.6922190560720014,0.0,0.13352354181307097,1.935853026454212,-0.04395221363316936,-20.57363083258555,0.06412496579019389,-4.925925925925926,-100.97180276588503,0.01732351661044049,2.620914651468059,-0.6481053604436229,-5.011534025374856,-1.5192114934847978,-2.3231311812367923,0.5253688511038013,-0.14623594898504094,Other Industrial Metals & Mining,Basic Materials,LGO
2022Q3,2022,Q3,2022-09-30,2022-09-30,-2601000.0,54258000.0,-2993000.0,-0.0405,8656000.0,0.1595340779,347569000.0,274027000.0,172253000.0,58156000.0,64343000.0,70686000.0,-37163000.0,462777338.1455,417245338.1455,4.26720338851083,2.96191278629892,0.04943191136148506,0.06269820127213742,-0.013537771229546119,4.26720338851083,-0.00949176540997785,8.529200083775665,-44.48071300898693,1.6888019725994154,0.0,0.6451348216054098,0.0,0.1561071326844454,1.523230621088108,-0.007483406172587314,-175.0292504332451,0.15953407792399277,-1.144642857142857,-1.1762405723670117,-0.07337955756013909,5.224940499286258,-0.746158357771261,-1.1433847850055128,-1.1353196491545348,0.6673770332740327,0.8557536861659387,-0.12370278688687861,Other Industrial Metals & Mining,Basic Materials,LGO
2022Q2,2022,Q2,2022-06-30,2022-06-30,18140000.0,84804000.0,22118000.0,0.28,34100000.0,0.4021036744,358739000.0,290443000.0,190573000.0,61626000.0,68326000.0,68846000.0,-33036000.0,566890858.4832,531319858.48319995,4.48048562260891,3.0924122935124787,0.04824398796896908,0.05958828410393778,0.05718854641153935,4.48048562260891,0.062456316729960784,6.684718391623036,7.812718556824697,1.9518144988283415,0.0,0.7364843273392789,0.0,0.23639470478537322,1.413607892772531,0.050566010386381186,-66.84245472033957,0.40210367435498323,10.271523178807948,2.2051333274086633,1.1853117648919407,9.784947980807907,1.4836125273124545,10.283520982599795,3.1065725956182697,1.9525251578321865,2.098620073947102,-0.13806424981822987,Other Industrial Metals & Mining,Basic Materials,LGO
2022Q1,2022,Q1,2022-03-31,2022-03-31,-1954000.0,42688000.0,5386000.0,-0.0302,13730000.0,0.321636057,348755000.0,291357000.0,173071000.0,48367000.0,57250000.0,62658000.0,-51176000.0,1027866847.869,966901847.869,4.4999304987103645,3.578286848471065,0.049974910753967684,0.05982008326554708,-0.041543777398411655,4.4999304987103645,-0.006706549010320672,24.07858995195371,-131.50804092489764,3.527860486856331,0.0,0.462159660378563,0.0,0.12240111252885263,2.144375297206773,-0.00560278705681639,-123.57139310759797,0.32163605697151426,-3.4754098360655736,0.8113901613537661,0.3612568044862495,7.014362845579162,0.09141494435612083,-3.476552598225602,169.3125,0.020060007046146817,0.04736740782952327,-0.17079013035406002,Other Industrial Metals & Mining,Basic Materials,LGO
2021Q4,2021,Q4,2021-12-31,2021-12-31,789000.0,50326000.0,-32000.0,0.0122,12580000.0,0.2499701943,313909000.0,265697000.0,159978000.0,41668000.0,48212000.0,45322000.0,-49327000.0,764099703.4568001,697859703.4568001,4.1036187004803315,3.8393491408274936,0.05590792235966474,0.06605268407245848,0.0002621436939703285,4.1036187004803315,0.0029695480189840307,15.183000903246834,242.11017219797213,2.8758311289054825,0.0,0.832840563081947,0.0,0.16032034761666597,2.5792934626091966,0.0025134672787336457,-214.75539726160767,0.24997019433294917,-0.9128571428571429,1.069916935410571,0.5670800006218267,8.366858621461882,-0.42121002990568207,-0.9141738279125422,-1.002199615067363,-0.9909494403538153,-0.6487438187764151,-0.24963867559263586,Other Industrial Metals & Mining,Basic Materials,LGO
2021Q3,2021,Q3,2021-09-30,2021-09-30,9193000.0,53861000.0,14548000.0,0.14,21735000.0,0.4035387386049275,315577000.0,267841000.0,162535000.0,40825000.0,47736000.0,45317000.0,-50116000.0,856741401.3114,786843401.3114,4.1408892736773755,3.9812614819350887,0.05598950493857283,0.06596824235273913,0.03445584218411784,4.1408892736773755,0.03432260184213769,15.906526082163348,23.298743644930926,3.1986940061879996,0.0,0.7089171833969592,0.0,0.17067466893975164,2.703172075933864,0.029130766817607113,91.46379858133875,0.4035387386049275,0.07692307692307698,1.3138889679119006,1.1887318359396708,4.878022230347755,0.12465072958708476,0.08857312018946122,0.08672592813923956,-0.8655475782861259,-0.6235891471776475,0.061711753698506434,Other Industrial Metals & Mining,Basic Materials,LGO
2021Q2,2021,Q2,2021-06-30,2021-06-30,8445000.0,54292000.0,13387000.0,0.13,19326000.0,0.35596404626832684,318276000.0,270168000.0,152268000.0,39849000.0,48108000.0,40458000.0,-59309000.0,1252144231.3079998,1189217231.3079998,4.183851085576238,3.8211247459158324,0.05574407118350111,0.06567024962245714,0.027430477690477014,4.183851085576238,0.03125832815137248,23.063144317910556,37.06762082024867,4.634687421559918,0.0,0.8642542883978447,0.0,0.17058150787366938,2.6690255715325355,0.026533574633337102,89.86896083456541,0.35596404626832684,0.857142857142857,1.722566012921005,1.3693601858361553,2.9271676941178835,0.6618797833003698,1.0378861003861004,1.078403974538115,-0.9016588123752447,-0.44478923512655044,0.4314416730766032,Other Industrial Metals & Mining,Basic Materials,LGO
2021Q1,2021,Q1,2021-03-31,2021-03-31,4144000.0,39801000.0,6441000.0,0.07,11629000.0,0.2921785884776764,261018000.0,242613000.0,110606000.0,12965000.0,18405000.0,36772000.0,-67754000.0,1084266094.5,1035573094.5,3.902098914354644,8.531122252217509,0.0,0.0,0.024739552996445376,3.902098914354644,0.017080700539542398,27.242182219039723,65.4118058940637,4.469117872908706,0.0,0.7661264005221364,0.0,0.1524837367537871,5.38897030466641,0.01587629971879334,-147.23874178435634,0.2921785884776764,-0.3636363636363636,1.2665841768356512,1.44828500869683,1.3920886455534769,0.09192488262910799,-0.3977619532044761,0.40387968613775066,-0.902728463926373,-0.5298271903579166,1.169789269757887,Other Industrial Metals & Mining,Basic Materials,LGO
2020Q4,2020,Q4,2020-12-31,2020-12-31,6881000.0,42254000.0,4588000.0,0.11,10650000.0,0.2520471434657074,297806000.0,247164000.0,137297000.0,44347000.0,50642000.0,35337000.0,-71903000.0,875829821.5409625,821472821.5409625,3.975295536791315,3.095970415135184,0.08323539485436827,0.1002896862002557,0.01927391089349586,3.975295536791315,0.027839814859769222,20.727737528777453,31.82058645331211,3.5435169423579587,0.0,0.8943600192432861,0.0,0.14188431394934958,2.215302049744064,0.02310564595743538,-2662.096722009004,0.2520471434657074,1.7221658541414042,1.1386168794858327,2.6737215384832136,3.9577799976303165,0.6392181006618439,1.699489996076893,0.5107013500164637,47.348983339397165,-0.06532983895690134,2.4829712925312264,Other Industrial Metals & Mining,Basic Materials,LGO
2020Q3,2020,Q3,2020-09-30,2020-09-30,2549000.0,27474000.0,3037000.0,0.040409,6497000.0,0.2364781247725122,272099000.0,222836000.0,128077000.0,43406000.0,49263000.0,35870000.0,-78784000.0,614804082.5495999,564697082.5495999,3.952527665884448,2.9506750218863753,0.0910991955133977,0.11123875854888797,0.009326482565722286,3.952527665884448,0.011438905742339658,22.377669161738368,60.298556546645734,2.7589980189448737,0.0,0.5848062447727906,0.0,0.10097060261154947,2.0439340183384784,0.009367913884284764,-151.69111338504808,0.2364781247725122,1.40409,1.0246728088297876,0.0,0.5880210722349646,6.364987613542527,1.3635196805476326,2.837265577737447,-0.8032680235005625,-0.46555924716821206,4.7658956702553334,Other Industrial Metals & Mining,Basic Materials,LGO
2020Q2,2020,Q2,2020-06-30,2020-06-30,-7012000.0,8350000.0,-1653000.0,-0.1,-1211000.0,-0.14502994011976048,268874000.0,223914000.0,119823000.0,39067000.0,44960000.0,29849000.0,-81333000.0,482590216.6470001,429163216.6470001,3.9762893719489347,3.067115468298052,0.09219188169923459,0.11070321641344445,-0.008423155397666542,3.9762893719489347,-0.03131559437998517,57.795235526586836,-17.205869104642044,2.1552480713443556,0.0,0.3203122382659386,0.0,0.031055438606931128,2.2485985614457213,-0.026079130001413302,-7.007263200914768,-0.14502994011976048,-2.418198320853188,-4.432198534530523,0.0,-0.40837365973479833,-1.0789155998713365,-2.734289919776556,-1.1415288939869581,0.4637438553486121,-0.7523056490341531,8.57130044491426,Other Industrial Metals & Mining,Basic Materials,LGO
2020Q1,2020,Q1,2020-03-31,2020-03-31,4043153.292907,41028063.742773,11679593.851361,0.070512,15345508.390918996,0.37402467947618107,325635312.36779,233613735.721337,168165985.051474,85848963.474827,92021576.646453,15620504.865322,-40944154.562121,373571795.61899996,253047892.07930195,4.166131409488038,1.9588586541383735,0.07624248618497424,0.10627476902366668,0.050890375181462603,4.166131409488038,0.017307001578579357,9.105274817771624,23.099037345081985,1.5991003031799897,0.0,1.6441565476459126,0.0,0.12599390233339836,1.7592627575954243,0.012416200391499451,73.60371221823443,0.37402467947618107,2.071448108190245,1.0223793673023585,0.0,-0.4868695973836905,3.6645977403591963,1.9840714550940115,4.808866118505931,1.450623910935536,0.5106696985379933,6.419867659638344,Other Industrial Metals & Mining,Basic Materials,LGO
2019Q4,2019,Q4,2019-12-31,2019-12-31,-4108597.269007,27192133.003272,-3066422.785147,-0.06581,3289781.7229010016,0.12098284906539497,356831282.966002,271434695.736716,156163733.378245,78068852.534315,85396587.229286,21183981.872048,-49050349.468333,563922293.319,436783952.85339904,4.840608400194669,2.000333401974924,0.0,0.0,-0.02073379560949486,4.840608400194669,-0.015136595776216552,20.738435386850448,-34.31355377496597,2.0775615725485177,0.0,1.1283219285563046,0.0,0.07620445376103081,1.707175006619026,-0.011514117357805923,179.1946448392691,0.12098284906539497,0.5644029653163887,0.9695519636460043,0.0,-0.6295411697471717,6.116034386891251,0.3668264185434365,0.35637696480456926,0.5796092081401216,-0.022321034884500532,10.04910027853636,Other Industrial Metals & Mining,Basic Materials,LGO
2019Q3,2019,Q3,2019-09-30,2019-09-30,-6488895.603565,24261973.10772,-4764314.851186,-0.15108,462305.4842119999,0.019054735662240817,339085209.24611,259492370.448708,141713249.73561,72617464.873848,79592838.797401,19185677.594803,-44847408.974165,774480283.5000001,657532859.4178121,4.86958457091427,1.951503677273726,0.0,0.0,-0.01601152855661687,4.86958457091427,-0.025006113252364827,31.921570437054257,-29.838678675709488,2.9845975130628593,0.0,1.2404913772737862,0.0,0.07155125746021708,1.66375050712049,-0.019136474923196433,-251.22690499812177,0.019054735662240817,0.5041550155566934,0.9337501900694248,0.0,-0.6852932110547099,1.1587950391610655,0.5844777255568083,0.3425906520246805,0.7310693271501765,0.19672680572961854,5.912410467564371,Other Industrial Metals & Mining,Basic Materials,LGO
2019Q2,2019,Q2,2019-06-30,2019-06-30,-15616240.097502,22442108.470445,-7247105.423522,-0.304692,-2911334.5521019995,-0.12972642726221845,375458561.852529,276313223.644119,168124619.134674,91830438.756856,99145338.20841,13601462.522852,-39540676.416819,977297799.45,854660687.9326321,5.198166593814027,1.830815810211099,0.05940328909194849,0.08071808217365316,-0.02453460112901559,5.198166593814027,-0.056516441347067514,43.54750360185838,-15.645536206988938,3.5369201175428455,0.0,1.8640232974910116,0.0,0.05977253084791742,1.6296793994442278,-0.041592446368650615,459.85539466585163,-0.12972642726221845,-8.893561061142318,0.3384157928904052,0.0,-0.7213258316608467,-1.2550163284108673,-8.617529417984784,-2.09584769665764,-0.6231571429490809,0.18977576055883674,3.8792539453056634,Other Industrial Metals & Mining,Basic Materials,LGO
2019Q1,2019,Q1,2019-03-31,2019-03-31,-1623726.782504,33189035.350509,6613241.461953,-0.030797,11416267.225883,0.34397707270837913,356930796.884362,286120431.396046,163342570.401438,64149940.083883,70810365.488316,12956111.443978,-23523067.705213,1130428412.3909,1010599173.3255919,5.426769100845081,2.5462622441712317,0.06442651088813206,0.08037107227742629,-0.03280215904562267,5.426769100845081,-0.005674976703276559,34.06029733773396,-174.048433605257,3.950883223806442,0.0,1.6805017631077865,0.0,0.09298451027542334,2.268268478628863,-0.004549136125762925,17.306258355588763,0.34397707270837913,-1.0228125925925926,-1.086855568245062,0.0,-0.7072731552606146,-0.8771650908898686,-1.022873019948488,-0.9259499197288756,0.8768212360084005,1.4075254427377,2.326751328731734,Other Industrial Metals & Mining,Basic Materials,LGO
2018Q4,2018,Q4,2018-12-31,2018-12-31,70988736.343552,116669225.518023,89307687.955766,1.35,92939924.884443,0.796610455514558,405883130.327526,288339463.888461,210341181.912293,111034999.229092,117543666.439065,10551896.801098,-21644897.689478,1486325176.7231,1421103412.1511009,5.468856892006491,1.8943682926345446,0.21228055894722603,0.2988182630682385,0.19101686257196487,5.468856892006491,0.24619847517997998,12.739650667291807,5.234369751033416,5.154775404930553,0.0,2.24881849025578,0.0,0.2874453673989288,1.7770394027758445,0.17489945020939374,15.891179250738805,0.796610455514558,0.5856478898550249,4.366220679251211,0.0,-0.6940650708072716,0.06498609647677482,0.28428023472657116,0.07438151469980735,2.686406516773724,10.96197767955056,5.820471348144653,Other Industrial Metals & Mining,Basic Materials,LGO
2018Q3,2018,Q3,2018-09-30,2018-09-30,55275113.969706,115678671.217715,83124743.616535,0.851387,87268674.391065,0.7544059200578084,359108675.629446,203944241.917632,154784405.693454,21853546.025186,155164433.711813,8569593.114604,-106378433.603455,1954875269.732,1981976453.159373,3.900201028435879,7.082805029218895,0.35147810643745797,0.6188889479237057,0.19600493369425537,3.900201028435879,0.2710305201557504,16.89918503690965,8.841570506771756,9.585341813776362,0.0,3.315209537572406,0.0,0.3221271973308729,6.641579599787384,0.15392308156526635,23.0777237422466,0.7544059200578084,-0.2001828127803606,194.16773060301435,0.0,-0.7934801490103767,0.5700983647163224,-0.19878955317179256,0.6128773114861568,1.5768519764221727,0.0,0.5669976133418735,Other Industrial Metals & Mining,Basic Materials,LGO
2018Q2,2018,Q2,2018-06-30,2018-06-30,68989507.29927,78559154.501217,51538169.099757,1.064477,55581660.583941996,0.7075134774150472,482521289.537713,151627889.294404,260250912.408759,206462135.036496,330893400.243309,9096715.328467,-158845042.579075,893935459.8720001,1130392272.524068,2.922823307626549,1.2605261122711668,0.6227143514462372,1.9816468676819359,0.20561622452944756,2.922823307626549,0.45499220242602256,11.379137995408946,3.23938920158609,5.895587309378921,0.0,2.525911066532981,0.0,0.162809716803339,0.4661245714243646,0.14297712618103642,18.24267497554094,0.7075134774150472,0.9638239032696664,3.2030590215385906,0.0,-0.8445670130275386,0.19810903513118855,0.9434111251494398,0.2058066010311596,35.6555951956989,0.0,-0.5651173506305028,Other Industrial Metals & Mining,Basic Materials,LGO
2018Q1,2018,Q1,2018-03-31,2018-03-31,35499183.063473,70537629.412812,42741654.470695,0.542043,46391153.855087996,0.6576795143424796,314923997.800853,93171030.114371,93764954.584524,76057952.160816,221752967.686482,10487761.439047,-232031655.322477,701037593.34,845285353.540092,1.7983769063389528,1.232809350247408,0.5814342899856425,1.9652848190688395,0.14320916307080558,1.7983769063389528,0.381010953940258,9.938490975324273,4.936998071804467,7.524201379757738,0.0,2.3023479031306167,0.0,0.22398302417530447,1.0359491763556006,0.11272301670043403,42.65179300928986,0.6576795143424796,270.67313432835823,5.325616245924012,0.0,-0.9159443321594001,2.261636131983559,287.9608348340337,2.8566066214995263,1.2126724259574972,0.0,-0.7784990977711431,Other Industrial Metals & Mining,Basic Materials,LGO
2017Q4,2017,Q4,2017-12-31,2017-12-31,-123707.41493,37669845.238181,11082710.440941,-0.00201,14223276.900871001,0.3775772587049209,295282703.777336,59131610.337972,70854870.775348,97159443.33996,236151093.439364,10941550.695825,-275490258.449304,694888661.5776,843023850.444399,1.1413517950365577,0.729263860924228,0.6490528334204081,3.241144194303233,0.04419195777400442,1.1413517950365577,-0.002092069101838073,18.44681487762743,-1404.2987277092557,11.751559911964208,0.0,2.142892629127659,0.0,0.1275721359778212,0.570176300152234,-0.000418945686108605,25.85873756197398,0.3775772587049209,-1.0083115551291806,0.996390463784933,0.0,-0.9448756206988713,-0.2440921217617291,-1.011379412683013,-0.4356784744161617,0.9990077372737276,0.0,-0.9126506802576294,Other Industrial Metals & Mining,Basic Materials,LGO
2017Q3,2017,Q3,2017-09-30,2017-09-30,10871159.907459,43132370.841495,19639000.0,0.241832,18816151.161197,0.43624198702973077,289463374.525404,32426462.8828,47449880.293101,92521744.738136,257036911.642604,10138408.583428,-285240179.600655,429442961.74670005,630249068.8138411,0.6855010725002273,0.5128511187007795,0.7384123111883448,6.591632277631399,0.07977827261682952,0.6855010725002273,0.3352558047034294,9.956395935777298,9.875739235793217,13.243595618148344,0.0,2.3984256977021734,0.0,0.14900804259680045,0.38606503101693046,0.03755625362028287,170.2578706729494,0.43624198702973077,2.048389474140547,3.02394782632413,0.0,-0.968728199444156,3.1674954962892454,2.0182640064273896,7.620215268310539,1.1250348204626235,0.0,-0.9556981015108246,Other Industrial Metals & Mining,Basic Materials,LGO
2017Q2,2017,Q2,2017-06-30,2017-06-30,-10676170.265117,27524297.22581,2278249.369502,-0.23067,4514978.163252,0.16403609240995365,268608906.932398,19101002.645014,36858737.774497,82626714.645999,249507904.287384,9060712.308544,-282443716.55287,197132912.9682,396601603.378484,0.41543877917464694,0.44608741776085853,0.7781056958510556,10.94215441590877,0.009987629227381325,0.41543877917464694,-0.558932453103651,7.1621415562736015,-4.616189796361392,10.320553147489264,0.0,2.5394602851324226,0.0,0.10246978605492467,0.2524078502898685,-0.03974615133594181,66.21466458934893,0.16403609240995365,-0.5380871095937908,0.8693590022045322,0.0,-0.9795127800078445,35.21070783490522,-0.46461548628271476,1.9967938957284501,0.47709055341504564,0.0,-0.9777282905053293,Other Industrial Metals & Mining,Basic Materials,LGO
2017Q1,2017,Q1,2017-03-31,2017-03-31,-7289401.46073,22064668.036413,-2285577.168224,-0.149972,-131975.5845170021,-0.0059813084112212665,272558826.617076,25579267.83545,30192414.403335,71107845.048666,246979558.781625,9514239.865625,-265038467.883442,230805680.41,432570103.991637,0.5614832501865811,0.4246003290167407,0.7708093177322465,8.213326688555469,-0.00969820385955478,0.5614832501865811,-0.28497303001877583,10.460419346853746,-7.915796710244776,9.023154294124446,0.0,2.3329918032786408,0.0,0.08095378274948382,0.25865778040241777,-0.026744323606041363,-183.65026210091608,-0.0059813084112212665,0.13952607722760918,0.9130529140508329,0.0,-0.9756712572450396,-1.0855407455709605,0.08195156046023692,-2.0932055858576684,-1.451266198757063,0.0,-0.9697128775618006,Other Industrial Metals & Mining,Basic Materials,LGO
2016Q4,2016,Q4,2016-12-31,2016-12-31,-7940105.496377,22596069.341324,-738902.444336,-0.17429,1542838.8382179998,0.06827908053001214,262848746.373038,19958336.433301,23964734.766758,69996280.038688,242890409.939737,8224834.461722,-255731716.39015,235229686.847226,440214435.00584495,0.43809977990677534,0.3423715482238817,0.7820037079494452,10.298889137404041,-0.003276627083219026,0.43809977990677534,-0.39783403405950846,10.410203796685767,-7.406377879820338,11.78603675879214,0.0,2.559714800472492,0.0,0.08596605330297219,0.19794434642120878,-0.03020788801902182,175.62156906565,0.06827908053001214,0.6180874351664581,-0.3202530232085655,0.0,-0.9779955331843664,1.220555329188558,0.5774436874575258,0.9297764935166407,0.5642517673167786,0.0,-0.9754921315748757,Other Industrial Metals & Mining,Basic Materials,LGO
2016Q3,2016,Q3,2016-09-30,2016-09-30,-18790644.609241,15788552.956836,-10522152.500475,-0.456361,-6995246.244532999,-0.44305809808265256,262611903.403689,29235215.820498,17908347.5946,58007986.309184,233376687.583191,7494961.019205,-252576535.463016,196499444.0112,396021026.06101894,0.7044698218898013,0.3087221042142036,0.764632793560961,6.868486094128087,-0.04574115281988732,0.7044698218898013,-0.6427400681634823,12.445690529613815,-2.6143254808108614,6.721326950951607,0.0,3.039882281307142,0.0,0.06012123880220965,0.17184590774394404,-0.07155290512614686,-63.46048735291877,-0.44305809808265256,-1.952149612513423,-0.9868199255395401,0.0,-0.9654831392412786,0.16146486739074142,-1.5158812152066978,0.03513002607805529,-81.74221725383492,0.0,-0.9626975631300436,Other Industrial Metals & Mining,Basic Materials,LGO
2016Q2,2016,Q2,2016-06-30,2016-06-30,-7468812.317396,14643138.709827,-10905254.370913,-0.154586,-8342222.016108001,-0.5697017682766019,271447232.141477,43962652.073768,18538700.551871,49533150.922104,227484580.067709,8161356.64487,-237871199.121953,176827784.422,374470351.164414,1.0653609449483952,0.37426854958258204,0.7388643851101812,4.562115404901753,-0.04459764447057436,1.0653609449483952,-0.16988993987131532,12.075811608841143,-5.918872268691944,4.022227415336279,0.0,2.8163651860972103,0.0,0.05394469707539721,0.1984551767184136,-0.027514785317476698,-21.989259028211126,-0.5697017682766019,0.3311382064573075,0.5227531678158731,0.0,-0.9506020003461804,0.18465944840076984,-0.009035922197342325,0.08153021128863876,0.70016380965704,0.0,-0.9433451096940921,Other Industrial Metals & Mining,Basic Materials,LGO
2016Q1,2016,Q1,2016-03-31,2016-03-31,-7401929.062279,7740901.667129,-11873285.877169,-0.231118,-10231579.920495,-1.3217555732483242,257569874.580136,48294351.483776,24228066.931682,41042648.916828,209275523.096361,7282518.258297,-231644633.447351,89089172.53425902,263771770.91335404,1.6312518023142841,0.5903144063819963,0.7263860308192965,3.8740588310362076,-0.050441015235073106,1.6312518023142841,-0.1532669729453889,11.508888287855108,-3.0089849478653714,1.8447120583902576,0.0,2.4678937903310967,0.0,0.03005359877488555,0.4073955889253861,-0.02873755742726072,-6.3872581892498115,-1.3217555732483242,0.7105235470941884,0.1370324921504137,0.0,-0.9050938376079242,0.0,0.6868517863837659,0.3162311032069119,-0.5783357500826551,0.0,-0.9237557159589846,Other Industrial Metals & Mining,Basic Materials,LGO
2015Q4,2015,Q4,2015-12-31,2015-12-31,-23637142.862166,5476727.511188,-17364472.020964,-0.7984,0.0,0.0,227542895.026987,23738731.272835,14209225.403368,72287758.79339,203804163.754153,4642247.187772,-215291599.708869,98565664.896,255014871.851444,0.801829758216661,0.1965647523252207,0.6966452262643342,6.677554489709092,-0.09527548565429961,0.801829758216661,-0.9957205627587498,17.997182568358113,-1.0424870877030343,4.152103318545582,0.0,0.0,0.0,0.024068989324137986,0.07509495279773948,-0.1038799425460531,-15.82161190486532,0.0,0.5712591095356722,-0.7493713431499237,0.0,-0.9466393857167832,0.0,0.36540617353349225,-7.010929102455517,-0.20691170163145323,0.0,-0.961273668715392,Other Industrial Metals & Mining,Basic Materials,LGO
2015Q3,2015,Q3,2015-09-30,2015-09-30,-37247672.253259,0.0,-2167597.765363,-1.862197,0.0,0.0,251671508.379888,50591433.891993,23781005.586592,59761638.733706,201080074.487896,2964618.249534,-195281191.806331,80171171.33144,228507111.741123,2.488964242975505,0.3979309485229919,0.6428438240856662,3.197882772125588,-0.010206372143267386,2.488964242975505,-0.7362446443557733,0.0,-0.5380951780444844,1.5846787719556714,0.0,0.0,0.0,0.0,0.31338651377290616,-0.14800114837407477,-3.9966504831955376,0.0,-52.51020690418235,-3.807584546646622,0.0,-0.8526149087695141,0.0,-68.89413809789328,0.48651511791547286,-15.138221592499367,0.0,-0.8864562047830616,Other Industrial Metals & Mining,Basic Materials,LGO
2015Q2,2015,Q2,2015-06-30,2015-06-30,548613.96428,0.0,-4221346.802974,0.036152,0.0,0.0,309373967.824315,101632146.683745,44341059.042463,48460094.577503,207741821.140569,3244153.354118,-173509437.610267,123658987.09449998,264289450.07312697,6.720947160950488,0.9150014961598483,0.5626840681302706,1.712841935049191,-0.015310713993524107,6.720947160950488,0.005398035780816042,0.0,56.350637764384025,1.2167310356957948,0.0,0.0,0.0,0.0,0.810286930212452,0.0017733035786370453,-5.876936801138168,0.0,1.0111789023265363,1.269481376054422,0.0,-0.5863227363265474,0.0,1.0155844226734076,-1.8696104433298444,1.0204117090274298,0.0,-0.6685588107215178,Other Industrial Metals & Mining,Basic Materials,LGO
2015Q1,2015,Q1,2015-03-31,2015-03-31,-35202713.361729,0.0,-1471052.216438,-3.233949,0.0,0.0,306749487.300836,88710364.41079,10597097.333964,80739864.331914,218039122.890046,2635273.702477,-121290424.357154,101935720.67119999,282382952.095715,8.11905002752924,0.13124987788436612,0.5975309657827143,2.066188304124775,-0.005408226884542616,8.11905002752924,-0.3968275138485085,0.0,-0.723919486146915,1.1490846796566805,0.0,0.0,0.0,0.0,0.08607686446142496,-0.11476046356747427,-5.897061677706996,0.0,-0.3438894452732493,-9.59950033716599,0.0,-0.5645764058606686,0.0,-0.33886910361734074,0.7030961531914853,-0.7507392137369663,0.0,-0.6482062831459784,Other Industrial Metals & Mining,Basic Materials,LGO
2014Q4,2014,Q4,2014-12-31,2014-12-31,-26292871.548547,0.0,-4954641.821757,-2.40641,0.0,0.0,359931430.146615,142767431.042503,18263184.191031,69730200.02412,217163999.104112,2908188.756611,-94405010.078735,184572417.79900002,365135965.513626,13.066521850460635,0.2619121153347284,0.5289926525141823,1.3336450797366877,-0.014871278732669763,13.066521850460635,-0.1841657537475715,0.0,-1.7549663362007324,1.2928187924320873,0.0,0.0,0.0,0.0,0.20314526789133167,-0.07304966820440444,-6.010822498910071,0.0,-7.953284171832097,-214.1731411816827,0.0,-0.12550027187580567,0.0,-0.45349796270898,0.35791569620241265,-17.228506016914636,0.0,-0.34370693700098415,Other Industrial Metals & Mining,Basic Materials,LGO
2014Q3,2014,Q3,2014-09-30,2014-09-30,-18089376.265477,0.0,-7716497.339139,-0.268774,0.0,0.0,379439696.106363,152284577.756276,22880718.163737,57281979.609024,227155118.350087,1720152.663549,-70217169.273773,257376516.65440002,442267842.426229,15.473401724933295,0.39944007382266605,0.49760933880804553,1.2398677468128028,-0.022622568461308563,15.473401724933295,-0.11878665937156263,0.0,-3.557012039513973,1.6901023100731745,0.0,0.0,0.0,0.0,0.12931479425058248,-0.04767391617456456,-15.812236120674386,0.0,0.3947322196649987,-23.1151129766507,0.0,0.0297074975498729,0.0,-3.139720000831608,-1.4364172376898208,-7.065182677002528,0.0,-0.24185077031329677,Other Industrial Metals & Mining,Basic Materials,LGO
2014Q2,2014,Q2,2014-06-30,2014-06-30,-4369710.091949,0.0,-3167149.378099,-0.444058,0.0,0.0,397253700.006561,183555005.670688,28774287.883474,51605132.675346,213698694.335873,845447.984328,-54538893.41919,263283095.2098,437873727.796102,18.65320573052803,0.5575857747425329,0.48285145319069656,1.0449975234000386,-0.008437417286342917,18.65320573052803,-0.023805997967653363,0.0,-15.062961253132537,1.434355299915658,0.0,0.0,0.0,0.0,0.36578455055669395,-0.010999797086538981,-16.15491262740501,0.0,-1.4908529777840662,-1.2284301885432234,0.0,0.3269620285409688,0.0,-2.25394344274115,0.15742392790296228,-0.1708964577522976,0.0,-0.1350996537010442,Other Industrial Metals & Mining,Basic Materials,LGO
2014Q1,2014,Q1,2014-03-31,2014-03-31,3484774.466699,0.0,-3758888.346089,0.904666,0.0,0.0,373616312.942156,182198881.832492,30001447.46603,40889106.008793,191417431.109664,284969.874613,-48435832.021567,280891771.42599994,437033550.7236179,18.53867931271057,0.7337271560688644,0.4561294759169773,0.9353373154782338,-0.010659996151625554,18.53867931271057,0.019126212146037172,0.0,20.151359443074554,1.5416767029571736,0.0,0.0,0.0,0.0,0.376167087039256,0.009327147520024157,-18.720134227593427,0.0,3.261778088904445,3.822193069577825,0.0,0.23284243885505748,0.0,1.8864789477893056,-0.16461436025142037,2.2238624780152354,0.0,0.07857959567651346,Other Industrial Metals & Mining,Basic Materials,LGO
2013Q4,2013,Q4,2013-12-31,2013-12-31,-3931029.016977,0.0,-3227582.0,-0.39998,0.0,0.0,346294504.916555,175684889.694488,34660067.432403,27817275.092273,170609615.222067,280811.818515,-53900842.435456,209016857.896,345281027.622796,17.875882647454425,1.24599074918128,0.4396215055163212,0.8665430013257502,-0.009842487566380169,17.875882647454425,-0.022375453141206224,0.0,-13.292757252192455,1.189725868055446,0.0,0.0,0.0,0.0,0.638779162024387,-0.011351693316428,-9.283727024915832,0.0,-72.09576023391813,-1.5320835995492723,0.0,0.19265621907375108,0.0,-79.05312131508292,-0.6743418009323905,0.12360135759088967,0.0,0.1896142156713535,Other Industrial Metals & Mining,Basic Materials,LGO
2013Q3,2013,Q3,2013-09-30,2013-09-30,-49105.256015,0.0,-1927672.11462,-0.005472,0.0,0.0,334183404.098567,169465991.004091,41099754.745148,20312850.190969,164717413.094476,390687.10134,-52014853.913414,176361456.76253,321299594.376676,18.885356587981686,2.0233376586128107,0.4386527145239096,0.8650140154264832,-0.006099138696957151,18.885356587981686,-0.0002897646644264723,0.0,-897.8746425263394,1.0406893779547342,0.0,0.0,0.0,0.0,0.15542248308583598,-0.0001469410372051763,-3.7939339958433163,0.0,0.9942425817475532,0.9954368014712603,0.0,-0.04888156506018836,0.0,0.990934531982715,-0.2796410150714379,0.985643230166382,0.0,0.11830453631283122,Other Industrial Metals & Mining,Basic Materials,LGO
2013Q2,2013,Q2,2013-06-30,2013-06-30,-5416736.998175,0.0,-1506416.324513,-0.950426,0.0,0.0,271920268.780414,168739491.142032,26393232.96837,12483336.184611,103180777.638382,323044.023723,-50972391.081204,152883151.12806883,238096155.8041638,18.80439515805223,2.1142771914535645,0.3236030420166277,0.5214797411546903,-0.005867621675579543,18.80439515805223,-0.03210118130328842,0.0,-7.056053818912474,0.9060306517066801,0.0,0.0,0.0,0.0,0.2762989925666638,-0.019920313489205994,-4.29401851752808,0.0,-4.999974748271835,0.8687525400853389,0.0,-0.34251214806886326,0.0,-2.908522503828468,-0.08335480155907743,-3.4837655899623234,0.0,0.15741882025408688,Other Industrial Metals & Mining,Basic Materials,LGO
2013Q1,2013,Q1,2013-03-31,2013-03-31,-1385878.421544,0.0,-1390510.590201,-0.158405,0.0,0.0,275084289.154258,187183970.711091,52705048.896752,12389184.726522,87900318.443167,262747.063738,-51490897.832817,198939189.60384,266757983.64777297,21.395070106983486,4.254117608233275,0.2633807280009889,0.3870625249792828,-0.005355618176243017,21.395070106983486,-0.007403830660708834,0.0,-35.8868401641976,1.0628003500945737,0.0,0.0,0.0,0.0,0.4282342708381262,-0.005038013715013895,-5.43214028541612,0.0,0.7605438988995041,0.8637030203222901,0.0,0.22775654929269298,0.0,0.7605438238735792,0.1788078065762241,0.4788669816083357,0.0,0.14741481962277117,Other Industrial Metals & Mining,Basic Materials,LGO
2012Q4,2012,Q4,2012-12-31,2012-12-31,-5787607.75338,0.0,-1693282.76783,-0.66152,0.0,0.0,243173151.191661,181146837.148055,59525922.016827,9752963.822965,62026314.043605,257853.10053,-51630519.7873,159929746.609851,208215719.08756098,20.705027603153184,6.103367458070865,0.2074296003621051,0.27845537004465215,-0.007311612411182526,20.705027603153184,-0.03194981399895859,0.0,-6.908283760092891,0.8828735247479766,0.0,0.0,0.0,0.0,0.26946353537698664,-0.023800356762323647,-5.736549240598,0.0,-4.825830531859001,0.6404323537802497,0.0,0.4991707082793853,0.0,-5.235478905229751,-1.0596148532258056,-59.60136860632044,0.0,0.38572002687334017,Other Industrial Metals & Mining,Basic Materials,LGO
2012Q3,2012,Q3,2012-09-30,2012-09-30,-928173.736347,0.0,-822135.636271,-0.11354947528638656,0.0,0.0,235410783.845568,179184069.088138,84848811.785624,6021231.394463,56226714.75743,184966.217932,-46125477.266955,184810773.20964697,232923982.25206396,21.920742020469337,14.091604561759446,0.21863716053405,0.2872439810135849,-0.0035643735230968454,21.920742020469337,-0.0051800014424856315,0.0,-49.77806577920532,1.0314018101617128,0.0,0.0,0.0,0.0,0.7123765080200088,-0.003942783423871915,-6.382264349778784,0.0,-1.0577455852959818,0.7802927673114385,0.0,0.18026609787261763,0.0,0.9011304613635088,-5.92070478503219,-0.489775962727077,0.0,0.45875824925828534,Other Industrial Metals & Mining,Basic Materials,LGO
2012Q2,2012,Q2,2012-06-30,2012-06-30,-9387863.533576,0.0,-118793.628945,1.966375,0.0,0.0,198458517.353259,107103558.15554,78798921.443319,90519953.790188,91354959.197719,267970.701013,-43806226.526399,121717554.15550001,132364260.47739601,20.27794787841966,0.8705143799118961,0.07085084024715001,0.13128371223915952,-0.0009804325383537525,20.27794787841966,-0.08765220964874552,0.0,-3.241353949175262,1.1364473435955973,0.0,0.0,0.0,0.0,0.05156164999843297,-0.04730390843777931,-8.838669105107094,0.0,1.9809357619584242,0.32277340572757646,0.0,0.0863132355553448,0.0,-0.0660427110760522,0.890753944783463,-7.919613416216327,0.0,0.4425438308096161,Other Industrial Metals & Mining,Basic Materials,LGO
2012Q1,2012,Q1,2012-03-31,2012-03-31,-8806273.366008,0.0,-1087395.134859,-2.004591,0.0,0.0,202310192.34046,110439331.068146,95023918.773992,89647556.905313,91870861.272314,441207.364866,-36768934.860831,129214020.06368,126201735.93302,23.079008062268144,1.059972207322477,0.07638943103520683,0.13993529602216595,-0.008637407652753932,23.079008062268144,-0.0797385612610614,0.0,-3.6682378201670116,1.1700000245741182,0.0,0.0,0.0,0.0,0.21557761552189755,-0.04352856998518524,-10.646442202092755,0.0,-14.185145064767822,-1.1919193473661645,0.0,1.0606518906593794,0.0,-12.9401592879478,-52.18935984980989,-13.64753332172039,0.0,0.5347792637167132,Other Industrial Metals & Mining,Basic Materials,LGO
2011Q4,2011,Q4,2011-12-31,2011-12-31,-631719.7088,0.0,21242.600768,-0.13201,0.0,0.0,177165282.076396,95272774.730656,81597590.597453,79467326.150833,81892507.345739,635965.719882,-27380878.550441,132118096.364496,128728726.13922699,19.90958397571883,1.0268067965767045,0.02191386515664434,0.040750110541409104,0.0002142359785613244,19.90958397571883,-0.006630642495570469,0.0,-52.285093580293875,1.386735053513501,0.0,0.0,0.0,0.0,0.09437282818729127,-0.0035657082550044667,-24.225385752832906,0.0,0.42074796279301235,-1.0779225630345148,0.0,1.1010845276578625,0.0,0.3272722272170823,1.0219317047810925,-1.175613677126718,0.0,0.328342192445169,Other Industrial Metals & Mining,Basic Materials,LGO
2011Q3,2011,Q3,2011-09-30,2011-09-30,-939042.112364,0.0,-968579.55093,-0.22789734264297123,0.0,0.0,174829646.333237,84096304.326877,92424988.917799,87716847.836562,90733342.00636,89912.306061,-26491335.646141,110059470.52897501,105038766.08645801,20.409440673477313,1.0536743076998096,0.02299940110480318,0.04781395797608081,-0.010991936366794708,20.409440673477313,-0.011166270859109371,0.0,-29.30099435367835,1.308731357577627,0.0,0.0,0.0,0.0,0.10969244265450478,-0.005371183503821331,-8.58154328865832,0.0,0.3990783085963554,0.9571985542221748,0.0,1.8678950677112414,0.0,0.3736938599603453,0.3456965011557032,0.8099630675211673,0.0,0.027875496071279232,Other Industrial Metals & Mining,Basic Materials,LGO
2011Q2,2011,Q2,2011-06-30,2011-06-30,-1499334.035436,0.0,-1480321.521497,-0.37924632427670263,0.0,0.0,179682913.104531,85263749.845125,105348683.558419,90695434.270846,94419163.259406,0.0,-27408554.289018,148323605.557365,135880845.469809,21.566884335690258,1.1615654570197398,0.022254938824114397,0.0468995586769708,-0.01658389760788983,21.566884335690258,-0.017584659813337133,0.0,-24.731581164005448,1.739585765659889,0.0,0.0,0.0,0.0,0.18689138300486238,-0.00834433285575551,-10.71135560193979,0.0,-0.30901987257206587,0.5856519721438901,0.0,0.9342072539767331,0.0,-0.6790350647890828,-0.6577438269335444,0.9175421695458847,0.0,-0.24592286348288817,Other Industrial Metals & Mining,Basic Materials,LGO
2011Q1,2011,Q1,2011-03-31,2011-03-31,-892973.629246,0.0,-892973.629246,-0.2897177745144002,0.0,0.0,74339274.212633,52977332.263275,16323311.829285,19318697.204474,21361941.949357,0.0,-25834385.899929,123341789.57789499,124155167.35978898,17.188049344733454,0.8449488936295715,0.10818730415173021,0.15181145078602376,-0.01463413836298815,17.188049344733454,-0.01685576813887679,0.0,-34.53119597776954,2.3281993318375926,0.0,0.0,0.0,0.0,0.39014126251890885,-0.012012138115470741,-12.932866443114495,0.0,0.365196926938802,0.02639959152176975,0.0,0.022558451224601515,0.0,0.3651991458821955,-0.8362959899838763,0.7507178500964903,0.0,-0.013663425871438935,Other Industrial Metals & Mining,Basic Materials,LGO
2010Q4,2010,Q4,2010-12-31,2010-12-31,-1406698.846502,0.0,-486290.681958,-0.45639,0.0,0.0,65112766.957287,46315338.545833,1850419.932811,1673462.246041,18797428.411454,0.0,-26700378.93937,109375006.99020001,108615309.54179202,15.026621581994336,1.1057434592197335,0.009316282672596703,0.013097366047939138,-0.029076735480407206,15.026621581994336,-0.030372202615121788,0.0,-19.438241394414288,2.3615288244511925,0.0,0.0,0.0,0.0,1.0212340102640889,-0.021604040378513992,-78.49827750826095,0.0,-0.19735310401035316,-0.2665775589500796,0.0,0.24831235508311372,0.0,-0.3936751828916655,0.5141058317942963,0.7519300853703857,0.0,0.0880193618623344,Other Industrial Metals & Mining,Basic Materials,LGO
2010Q3,2010,Q3,2010-09-30,2010-09-30,-1009344.83427,0.0,-1000816.049622,-0.3811657550904497,0.0,0.0,61860700.717193,44718867.028494,2470281.062221,2401044.776119,17141833.688699,0.0,-24579497.964722,63073481.950796016,61424414.30202702,16.887489923137316,1.0288358996011362,0.009841750792531691,0.01361433418968493,-0.022079575822543114,16.887489923137316,-0.02257089459862355,0.0,-15.622381917774753,1.4104445425821457,0.0,0.0,0.0,0.0,1.0016686862589363,-0.016316414501743138,-13.640810349987065,0.0,-1.8312380865524593,0.02926831301516065,0.0,0.2528265256645237,0.0,-2.0757033825780726,-2.2189132719067164,0.262481195660718,0.0,-0.09073644423932321,Other Industrial Metals & Mining,Basic Materials,LGO
2010Q2,2010,Q2,2010-06-30,2010-06-30,-328167.156816,0.0,-310917.370268,-0.13462864776398492,0.0,0.0,54833553.742529,39602851.721848,700459.159473,1019957.309553,15230702.020681,0.0,-23071515.036524,38161948.179694995,37583208.970891,16.246837211377056,0.6867534091009934,0.0,0.0,-0.007850883377079482,16.246837211377056,-0.008286452680753734,0.0,-29.072034927227662,0.9636161670307674,0.0,0.0,0.0,0.0,0.6071096055670977,-0.005984787313930247,-45.46928665387909,0.0,0.5570895948646639,0.721118223205557,0.0,0.265076401652492,0.0,0.5081220092801396,0.5339770961508042,0.9487038681844405,0.0,-0.1296380479696029,Other Industrial Metals & Mining,Basic Materials,LGO
2010Q1,2010,Q1,2010-03-31,2010-03-31,-667171.865803,0.0,-667171.865803,-0.3039636147695552,0.0,0.0,54687706.494016,40926950.166765,1353225.426722,329326.074161,13760756.327251,0.0,-23517523.052776,53459556.559980996,52196862.818564,18.646325410035594,4.1090746615478695,0.0,0.0,-0.016301529019007662,18.646325410035594,-0.016301529019007662,0.0,-20.03215337012065,1.3062189179049355,0.0,0.0,0.0,0.0,3.975607285947626,-0.012199668052928913,-7.466367366782103,0.0,-28.633055888141385,0.7467095098833368,0.0,0.22221216548931205,0.0,-27.92682894196909,-1.9011143638740318,0.6379565986401281,0.0,0.6648716273408029,Other Industrial Metals & Mining,Basic Materials,LGO
2009Q4,2009,Q4,2009-12-31,2009-12-31,24777.216331,0.0,-229970.894671,0.011,0.0,0.0,44780900.582561,32795665.170471,977383.248973,1273746.538057,11985235.412091,0.0,-22245867.634419,36951698.326400004,36084123.118683,14.941710592052877,0.7673294645133413,0.0,0.0,-0.00701223449732205,14.941710592052877,0.0007555027837431771,0.0,372.839485202459,1.1267250758393235,0.0,0.0,0.0,0.0,0.7102486241705616,0.0005532987503303802,-15.150431095252603,0.0,1.1443206632938316,1.047531505091683,0.0,0.21058661702833453,0.0,1.156497391368906,0.08508089954711077,-0.9933368157861994,0.0,0.576818329302656,Other Industrial Metals & Mining,Basic Materials,LGO
2009Q3,2009,Q3,2009-09-30,2009-09-30,-158323.510151,0.0,-251356.534755,-0.07621916189232308,0.0,0.0,42417000.654879,31214268.874544,601424.829264,1030588.455421,11202731.780335,0.0,-21833307.138179,31081772.679228,30582927.137082,15.026987529712393,0.5835741959852591,0.0,0.0,-0.008052616441706486,15.026987529712393,-0.005072151802988943,0.0,-49.07952812817245,0.9957552683406258,0.0,0.0,0.0,0.0,0.5360558680315515,-0.003732548452427857,-42.3220064068835,0.0,0.6175071424609788,0.8602982421035954,0.0,0.0715214319221996,0.0,0.5906952196333398,0.318447000817649,0.9856852638686696,0.0,1.1115631784571556,Other Industrial Metals & Mining,Basic Materials,LGO
2009Q2,2009,Q2,2009-06-30,2009-06-30,-386810.801499,0.0,-368799.689909,-0.19926950370451652,0.0,0.0,37629354.408028,27286808.217408,221294.629398,1260593.479478,10342546.19062,0.0,-19956406.391317,15542485.718135996,15374264.864524996,14.057075733386087,0.17554797244361128,0.0,0.0,-0.013515677134921154,14.057075733386087,-0.014175743766624511,0.0,-10.045276436118458,0.5695970592933053,0.0,0.0,0.0,0.0,0.1634214471475023,-0.01027949608979941,-146.9731351276866,0.0,-0.5860606834409513,0.911287855906063,0.0,-0.03936225169235081,0.0,-0.8379983256186029,-2.8942923849243924,0.7822868131172963,0.0,0.26069660457264515,Other Industrial Metals & Mining,Basic Materials,LGO
2009Q1,2009,Q1,2009-03-31,2009-03-31,-210452.205591,0.0,194689.950107,-0.12563800728746535,0.0,0.0,34842945.275996,25188578.443019,1032374.277342,1393580.422903,9654366.832977,0.0,-17992652.253108,8265489.040560001,7359047.288758,15.037346808021525,0.7408071040431503,0.0,0.0,0.007729294868601774,15.037346808021525,-0.008355064819044074,0.0,-9.818724656922145,0.3281443237957232,0.0,0.0,0.0,0.0,0.7060171372653415,-0.006040023422933328,-5.538556127012741,0.0,-1.1675173430499537,0.7692580361526402,0.0,-0.2456633398545923,0.0,-1.1671327573400017,1.7966767436955877,0.5777918168103723,0.0,-0.10539202243742744,Other Industrial Metals & Mining,Basic Materials,LGO
2008Q4,2008,Q4,2008-12-31,2008-12-31,1259191.848088,0.0,-244377.599381,0.75,0.0,0.0,36309464.256368,25106412.489729,730172.555464,2760159.408381,11203051.766639,0.0,-18449945.768283,9185585.467211999,8705770.348066999,14.988294498927207,0.2645399947723636,0.0031682366712647014,0.004581975868438451,,14.988294498927207,0.0501541926232246,0.0,1.8237065069075271,0.3658661097426727,0.0,0.0,0.0,0.0,0.25809722444648925,0.034679438925270326,7.6784837887912545,0.0,1.7939498901173352,1.4108248859250694,-1.0,5.943628381168723,0.0,1.736110875706351,0.7426585772758657,3.0861888133932296,0.0,0.24512839446589002,Other Industrial Metals & Mining,Basic Materials,LGO
2008Q3,2008,Q3,2008-09-30,2008-09-30,-1710600.793501,0.0,-949624.03174,-0.944644,0.0,0.0,38481248.819195,28322918.949556,2764458.719063,2703945.777442,10158329.869639,0.0,-21530515.775553,87392967.68131998,85820215.93372898,19.85594631984689,1.0223794952272478,0.0,0.0,,19.85594631984689,-0.060396345325410605,0.0,-12.772262238704046,3.0855918430218856,0.0,0.0,0.0,0.0,0.7696538949696599,-0.044452839915312924,-13.674780671890696,0.0,0.8077082480077581,-2.2265440768113307,0.0,5.724723795217579,0.0,0.6516348012693082,0.8002389336212805,-2.054123398854236,0.0,0.47304640031747547,Other Industrial Metals & Mining,Basic Materials,LGO
2008Q2,2008,Q2,2008-06-30,2008-06-30,-4910366.476714,0.0,-4753799.371193,-4.912556,0.0,0.0,37900378.26685,30534869.325997,8802332.481824,2003511.495382,7365508.940853,0.0,-20614425.23089,62704644.212174006,55358305.049274005,28.600368969283625,4.3934524469227965,0.0,0.0,,28.600368969283625,-0.16081177306802413,0.0,-3.1924625437598566,2.0535422484611083,0.0,0.0,0.0,0.0,4.160948011302784,-0.12955982766559637,-7.3841148618471895,0.0,-4.056494162839386,-11.429235049748659,-1.0,5194.343063377542,0.0,-3.32075343252745,-3.2030174721262026,-8.527350207550912,0.0,1.226996638844775,Other Industrial Metals & Mining,Basic Materials,LGO
2008Q1,2008,Q1,2008-03-31,2008-03-31,-1136460.701448,0.0,-1131044.399106,-0.971534,0.0,0.0,23353901.680754,17040091.324201,1806432.52696,6313810.356553,6313810.356553,0.0,-15528602.934033,57768976.72895601,57296051.43992501,17.426150256994454,0.28610813834234555,0.0,0.0,,17.426150256994454,-0.06669334570020494,0.0,-12.708089390013829,3.3901799955091945,0.0,0.0,0.0,0.0,0.2812083144515486,-0.048662562555213625,-25.078037887274174,0.0,0.4719263821021106,-2.6581169375791975,-1.0,50.7170623991858,0.0,0.36828612177500775,0.33123464327671964,0.03154099264323149,0.0,0.1422332482881766,Other Industrial Metals & Mining,Basic Materials,LGO
2007Q4,2007,Q4,2007-12-31,2007-12-31,-1799011.768811,0.0,-1691242.507907,-1.83977,0.0,0.0,21726563.667575,13505018.681208,2023709.986873,8221544.986368,8221544.986368,0.0,-14958933.656468,48999323.289008,47757862.115626,13.810987293712916,0.24614716458141117,0.0,0.0,,13.810987293712916,-0.13321060942435375,0.0,-6.809199936667529,3.62823069302301,0.0,0.0,0.0,0.0,0.24217838422880078,-0.08280240705969845,-10.258237494531336,0.0,-0.8265240476067557,-2.467876052314241,0.0,21.62764165776957,0.0,-2.8122514894725326,-2.2991100449961657,-6.74655695409426,0.0,0.11897471729976236,Other Industrial Metals & Mining,Basic Materials,LGO
2007Q3,2007,Q3,2007-09-30,2007-09-30,-471902.699436,0.0,-512635.979049,-1.007252,0.0,0.0,18821563.255439,16958483.078163,4272580.580177,1863080.177276,1863080.177276,0.0,-13135590.249799,52348882.19652,48485645.89515,18.572711746936218,2.2932886261631094,0.0,0.0,,18.572711746936218,-0.027826940491137257,0.0,-27.732879182024902,3.086884714584425,0.0,0.0,0.0,0.0,2.1531903597736144,-0.0250724497764356,-10.6064405670571,0.0,0.6425934763902811,-0.3934414209461408,0.0,0.0,0.0,0.7889722293545718,0.7726975096749799,0.052719756568957825,0.0,0.32435450860697207,Other Industrial Metals & Mining,Basic Materials,LGO
2007Q2,2007,Q2,2007-06-30,2007-06-30,-2236211.366839,0.0,-2255302.959136,-2.818225,0.0,0.0,16844132.456552,15904825.739784,7824958.196336,939306.716768,939306.716768,0.0,-11810717.707844,74373719.56,67427674.468408,18.66675947113281,8.33056770131528,0.0,0.0,,18.66675947113281,-0.14059955157165838,0.0,-8.31470144804906,4.6761731801916655,0.0,0.0,0.0,0.0,7.792869629922965,-0.13275907041262686,-21.35193120361159,0.0,-2.251102841084753,-9.64427863467793,0.0,0.0,0.0,-3.139371274779291,-3.2066315703963766,-0.1684095653268085,0.0,0.27565605582961633,Other Industrial Metals & Mining,Basic Materials,LGO
2007Q1,2007,Q1,2007-03-31,2007-03-31,-540229.715673,0.0,-536130.37448,-0.866852,0.0,0.0,7673876.560333,7206593.273232,1492866.678225,467283.287101,467283.287101,0.0,-8835005.20111,60904594.080400005,59770254.621315,11.199857757092193,3.1947786694590836,0.0,0.0,,11.199857757092193,-0.0749632586703091,0.0,-28.184581629560636,8.451232332844784,0.0,0.0,0.0,0.0,3.1219534818173,-0.07039854126211763,-43.38955798752443,0.0,-1.512930177514793,-3.4147582490547395,0.0,0.0,0.0,-1.4955715830199425,-2.0245425018364465,-0.5419365718152963,0.0,-0.4381679559267854,Other Industrial Metals & Mining,Basic Materials,LGO
