Quarters,Year,Quarter,FillingDate,Date,NetIncome,Revenue,OperatingIncome,EPSDiluted,GrossProfit,GrossProfitRatio,TotalAssets,CommonStockEquity,CurrentAssets,CurrentLiability,TotalLiability,Inventory,RetainedEarnings,MarketCap,EnterpriseValue,bookValuePerShare,currentRatio,debtToAssets,debtToEquity,roic,shareholdersEquityPerShare,roe,priceToSalesRatio,peRatio,pbRatio,payoutRatio,inventoryTurnover,dividendYield,assetTurnover,quickRatio,returnOnAssets,priceToFreeCashFlowsRatio,grossProfitMargin,epsdilutedGrowth,fiveYNetIncomeGrowthPerShare,fiveYRevenueGrowthPerShare,fiveYShareholdersEquityGrowthPerShare,grossProfitGrowth,netIncomeGrowth,operatingIncomeGrowth,threeYNetIncomeGrowthPerShare,threeYRevenueGrowthPerShare,threeYShareholdersEquityGrowthPerShare,Industry,Sector,Symbol
2023Q1,2023,Q1,2023-05-09,2023-03-31,-20189000.0,0.0,-21561000.0,-0.55,0.0,0.0,135582000.0,-355864000.0,107977000.0,12847000.0,37392000.0,0.0,-355864000.0,68954529.42,57266529.42,-9.754006961650294,8.404841597260061,0.2024826304376687,-0.07714463952521187,0.0692869319939723,-9.754006961650294,0.0567323471888137,0.0,-0.8538626160285304,-0.19376652153631724,0.0,0.0,0.0,0.0,8.045925118704757,-0.14890619698780075,-3.4423907653137635,0.0,-0.17021276595744697,-1.0167267887736848,0.0,0.0,0.0,-0.18410557184750734,0.013316858868753433,-0.07981905760050621,0.0,-1.6506768138035708,Biotechnology,Healthcare,BDTX
2022Q4,2022,Q4,2023-03-09,2022-12-31,-17050000.0,0.0,-21852000.0,-0.47,0.0,0.0,156255000.0,-334989000.0,127706000.0,15261000.0,40560000.0,0.0,-334989000.0,65501085.6,59326085.6,-9.205652005254704,8.36812790773868,0.1800902371124124,-0.08400275829952625,0.07100033412043004,-9.205652005254704,0.05089719363919412,0.0,-0.9604264750733138,-0.1955320491120604,0.0,0.0,0.0,0.0,8.047113557433983,-0.1091165082717353,-3.0130680160080963,0.0,0.17543859649122803,-1.1319716386561902,0.0,-7.263286906257133,0.0,0.17321307341673942,0.012294340987163262,-0.5485102784582268,0.0,-5.371052606011384,Biotechnology,Healthcare,BDTX
2022Q3,2022,Q3,2022-11-08,2022-09-30,-20622000.0,0.0,-22124000.0,-0.57,0.0,0.0,180416000.0,133231000.0,150978000.0,21143000.0,47185000.0,0.0,-313911000.0,61425045.89,36282045.89,3.6656120762728825,7.140803102681739,0.1597253015253636,0.21629350526529112,-0.11039006859998482,3.6656120762728825,-0.15478379656386276,0.0,-0.7446543241441178,0.4610416936748955,0.0,0.0,0.0,0.0,6.819325545097668,-0.11430250088683931,-3.729963923366529,0.0,0.06557377049180334,0.1459345460385864,0.0,-0.3278886570896132,0.0,0.07528810367248105,0.04526820006041514,0.1459345460385864,0.0,-0.3278886570896132,Biotechnology,Healthcare,BDTX
2022Q2,2022,Q2,2022-08-09,2022-06-30,-22301000.0,0.0,-23173000.0,-0.61,0.0,0.0,198834000.0,152371000.0,168558000.0,19706000.0,46463000.0,0.0,-292257000.0,89282885.76,62251885.760000005,4.19825879068898,8.553638485740384,0.14507579186658218,0.18931423958627297,-0.107288452469098,4.19825879068898,-0.1463598716291158,0.0,-1.0008843298506793,0.5859572081301561,0.0,0.0,0.0,0.0,8.164518420785548,-0.1121588863071708,-4.889533721796276,0.0,0.11594202898550719,0.302329193387672,0.0,0.0,0.0,0.10541939107064062,0.09758946999493749,0.302329193387672,0.0,0.0,Biotechnology,Healthcare,BDTX
2022Q1,2022,Q1,2022-05-11,2022-03-31,-24929000.0,0.0,-25679000.0,-0.69,0.0,0.0,219482000.0,172560000.0,188304000.0,19469000.0,46922000.0,0.0,-269327000.0,100471476.07000001,74636476.07000001,4.757481612661651,9.671991370897324,0.12869392478654287,0.16368799258229022,-0.10956945323883595,4.757481612661651,-0.14446569309225776,0.0,-1.0075762773276105,0.5822408209898006,0.0,0.0,0.0,0.0,9.232061225538034,-0.1135810681513746,-3.512129061768099,0.0,-1.1109324758842445,-1.504811784781227,0.0,0.0,0.0,-1.1106545040133908,0.015375766871165644,-1.504811784781227,0.0,0.0,Biotechnology,Healthcare,BDTX
2021Q4,2021,Q4,2022-03-17,2021-12-31,225286808.0,0.0,-26080000.0,6.22,0.0,0.0,247682.0,195900.0,215703.0,23642.0,51782.0,0.0,-243820.0,193104881.97,127305881.97,0.00540714967611339,9.123720497419846,0.11361342366421459,0.1436447166921899,-263.2956013908693,0.00540714967611339,1150.0092291985707,0.0,0.21428782679765254,985.7319140888209,0.0,0.0,0.0,0.0,8873.445562981135,909.5808657875824,1569.95839,0.0,7.412371134020618,29.294547298026764,0.0,1.0048536300409028,0.0,7.422636143341791,0.26252686347698223,29.294547298026764,0.0,1.0048536300409028,Biotechnology,Healthcare,BDTX
2021Q3,2021,Q3,2021-11-08,2021-09-30,-35077000.0,0.0,-35364000.0,-0.97,0.0,0.0,274126000.0,218948000.0,241546000.0,26361000.0,55178000.0,0.0,-217953000.0,306413899.02000004,288627899.02000004,6.045091576864462,9.163005955767991,0.10512319152506512,0.13161572610848238,-0.12786081523743412,6.045091576864462,-0.16020698978752945,0.0,-2.1838662016421018,1.399482521055228,0.0,0.0,0.0,0.0,8.91498805052919,-0.1279594055288444,-10.954699475170713,0.0,-0.02105263157894739,-0.4578186524212992,0.0,0.10840278054566785,0.0,-0.0211347559023027,-0.018695088578424314,-0.4578186524212992,0.0,0.10840278054566785,Biotechnology,Healthcare,BDTX
2021Q2,2021,Q2,2021-08-12,2021-06-30,-34351000.0,0.0,-34715000.0,-0.95,0.0,0.0,287882000.0,251020000.0,270947000.0,23486000.0,36862000.0,0.0,-182876000.0,441065174.78999996,417599174.78999996,6.937600098345774,11.53653240228221,0.048137778673206386,0.0552067564337503,-0.12454437173526205,6.937600098345774,-0.13684566966775555,0.0,-3.209987880920497,1.7570917647597801,0.0,0.0,0.0,0.0,11.21817252831474,-0.11932319492014089,-16.9555674005305,0.0,-0.13095238095238093,-0.07795255521237308,0.0,0.0,0.0,-0.13365895514999504,-0.13030312896818935,-0.07795255521237308,0.0,0.0,Biotechnology,Healthcare,BDTX
2021Q1,2021,Q1,2021-05-07,2021-03-31,-30301000.0,0.0,-30713000.0,-0.84,0.0,0.0,313259000.0,280753000.0,297347000.0,18704000.0,32506000.0,0.0,-148525000.0,876344319.6400001,876467319.6400001,7.77213662182231,15.897508554319932,0.0454192856390399,0.050677998097972236,-0.09932763923430431,7.77213662182231,-0.10792760896588817,0.0,-7.23032506880961,3.1214067868909683,0.0,0.0,0.0,0.0,15.507645423438836,-0.09672826638660023,-35.77645722147378,0.0,-0.33333333333333326,-2.0570760026037163,0.0,0.0,0.0,-0.33921152656236186,-0.32480697062502695,-2.0570760026037163,0.0,0.0,Biotechnology,Healthcare,BDTX
2020Q4,2020,Q4,2021-03-25,2020-12-31,-22626000.0,0.0,-23183000.0,-0.63,0.0,0.0,329670000.0,307758000.0,319554000.0,14218000.0,21912000.0,0.0,-118224000.0,1154553271.1499999,1128689271.1499999,8.543255773876295,22.47531298354199,0.02651439318105985,0.028402186133260548,-0.07127967039724512,8.543255773876295,-0.0735188037354025,0.0,-12.756930866591532,3.751497186588163,0.0,0.0,0.0,0.0,22.159727106484738,-0.06863226863226864,-72.69113335956682,0.0,-0.26,-1.8579516227276924,0.0,8.66869891809737,0.0,-0.2631755247878517,-0.254491341991342,-1.8579516227276924,0.0,8.66869891809737,Biotechnology,Healthcare,BDTX
2020Q3,2020,Q3,2020-11-10,2020-09-30,-17912000.0,0.0,-18480000.0,-0.5,0.0,0.0,346435000.0,327345000.0,336428000.0,11341000.0,19090000.0,0.0,-95598000.0,1086087871.55,1030835620.55,9.11126954753443,29.664756194339123,0.00272705991022847,0.002886095709419725,-0.054840741670107544,9.11126954753443,-0.054719027325909976,0.0,-15.158662789610318,3.3178691336357664,0.0,0.0,0.0,0.0,29.36883872674367,-0.051703782816401346,-94.49172364277014,0.0,-0.2195121951219513,0.24952466773038462,0.0,0.6706043857860752,0.0,-0.2292910575801249,-0.22970455150385946,0.24952466773038462,0.0,0.6706043857860752,Biotechnology,Healthcare,BDTX
2020Q2,2020,Q2,2020-08-11,2020-06-30,-14571000.0,0.0,-15028000.0,-0.41,0.0,0.0,349450000.0,343125000.0,208245000.0,6139000.0,6325000.0,0.0,-77686000.0,1513995870.8799999,1450411870.8799999,9.55494679889163,33.921648476950644,0.0006123908999856917,0.0006236794171220401,-0.04371921719676848,9.55494679889163,-0.0424655737704918,0.0,-25.976183358726235,4.412374122783242,0.0,0.0,0.0,0.0,33.30982244665255,-0.04169695235369867,-111.38874859329016,0.0,0.19607843137254907,0.5392932296843008,0.0,0.0,0.0,-0.19975298476739398,-0.16686078111654631,0.5392932296843008,0.0,0.0,Biotechnology,Healthcare,BDTX
2020Q1,2020,Q1,2020-05-12,2020-03-31,-12145000.0,0.0,-12879000.0,-0.51,0.0,0.0,362804000.0,355265000.0,362087000.0,7300000.0,7539000.0,0.0,-63115000.0,591296412.25,234540412.25,14.990555610292391,49.60095890410959,0.000540236601581019,0.0005517008430326657,-0.0361875379324297,14.990555610292391,-0.034185748666488394,0.0,-12.17160173425278,1.664381271023039,0.0,0.0,0.0,0.0,48.93027397260274,-0.033475375133681,-52.239280170509765,0.0,-0.6855269419914335,-0.8676525243545019,0.0,0.0,0.0,-0.22987341772151898,-0.24506960556844548,-0.8676525243545019,0.0,0.0,Biotechnology,Healthcare,BDTX
2019Q4,2019,Q4,2020-03-24,2019-12-31,-9875000.0,0.0,-10344000.0,-0.302576,0.0,0.0,158295000.0,-47157000.0,155714000.0,4863000.0,205452000.0,0.0,-50970000.0,1288486730.1599998,1133820730.1599998,-1.4449185361566068,32.02015216944273,0.0,0.0,0.21935237610535022,-1.4449185361566068,0.20940687490722482,0.0,-32.6199172192405,-27.3233396984541,0.0,0.0,0.0,0.0,31.80464733703475,-0.06238352443223096,-171.50096235325435,0.0,0.5445361833439958,-0.3767888197544846,0.0,-0.29700497190375386,0.0,-0.0654941735002158,-0.2695139911634757,-0.3767888197544846,0.0,-0.29700497190375386,Biotechnology,Healthcare,BDTX
2019Q3,2019,Q3,2019-09-30,2019-09-30,-9268000.0,0.0,-8148000.0,-0.664325,0.0,0.0,80734000.0,76087000.0,78953000.0,4647000.0,4647000.0,0.0,-41095000.0,550785282.5999999,472126282.5999999,5.453876228899802,16.990101140520768,0.0,0.0,-0.10708793880689212,5.453876228899802,-0.12180793039546835,0.0,-14.857177454682779,7.238888149092486,0.0,0.0,0.0,0.0,16.92683451689262,-0.1147967399113137,-104.00024218277944,0.0,0.24570751856990705,0.0,0.0,0.0,0.0,0.24570684463253845,-0.16416630947278182,0.0,0.0,0.0,Biotechnology,Healthcare,BDTX
2019Q2,2019,Q2,2019-06-30,2019-06-30,-12287000.0,0.0,-6999000.0,-0.880726,0.0,0.0,,,,,,,,550785282.5999999,,,0.0,0.0,0.0,0.0,,0.0,0.0,-11.206667262146984,0.0,0.0,0.0,0.0,0.0,0.0,0.0,-110.2011369747899,0.0,-2.2097715287420416,0.0,0.0,0.0,0.0,-2.2097701149425286,-0.8221817235095027,0.0,0.0,0.0,Biotechnology,Healthcare,BDTX
2019Q1,2019,Q1,2019-03-31,2019-03-31,-3828000.0,0.0,-3841000.0,-0.274389,0.0,0.0,,,,,,,,550785282.5999999,,,0.0,0.0,0.0,0.0,,0.0,0.0,-35.970825666144194,0.0,0.0,0.0,0.0,0.0,0.0,0.0,-79.9630201219512,0.0,-0.2485280065523047,0.0,0.0,0.0,0.0,-0.24853228962818003,-0.2609980302035456,0.0,0.0,0.0,Biotechnology,Healthcare,BDTX
2018Q4,2018,Q4,2018-12-31,2018-12-31,-3066000.0,0.0,-3046000.0,-0.21977,0.0,0.0,51826000.0,-15542000.0,51684000.0,2575000.0,67368000.0,0.0,-15712000.0,550785282.5999999,499125282.5999999,-1.114042403427139,20.07145631067961,0.0,0.0,0.19598507270621543,-1.114042403427139,0.19727190837730021,0.0,-44.91073732876712,-35.438507437910175,0.0,0.0,0.0,0.0,20.062135922330096,-0.05915949523405241,-230.5505578066136,0.0,0.0,0.0,0.0,0.0,0.0,0.0,0.0,0.0,0.0,0.0,Biotechnology,Healthcare,BDTX
