Quarters,Year,Quarter,FillingDate,Date,NetIncome,Revenue,OperatingIncome,EPSDiluted,GrossProfit,GrossProfitRatio,TotalAssets,CommonStockEquity,CurrentAssets,CurrentLiability,TotalLiability,Inventory,RetainedEarnings,MarketCap,EnterpriseValue,bookValuePerShare,currentRatio,debtToAssets,debtToEquity,roic,shareholdersEquityPerShare,roe,priceToSalesRatio,peRatio,pbRatio,payoutRatio,inventoryTurnover,dividendYield,assetTurnover,quickRatio,returnOnAssets,priceToFreeCashFlowsRatio,grossProfitMargin,epsdilutedGrowth,fiveYNetIncomeGrowthPerShare,fiveYRevenueGrowthPerShare,fiveYShareholdersEquityGrowthPerShare,grossProfitGrowth,netIncomeGrowth,operatingIncomeGrowth,threeYNetIncomeGrowthPerShare,threeYRevenueGrowthPerShare,threeYShareholdersEquityGrowthPerShare,Industry,Sector,Symbol
2023Q2,2023,Q2,2023-05-03,2023-03-31,357671000.0,1540973000.0,422638000.0,2.48,680046000.0,0.4413094843,21311861000.0,10205205000.0,1073106000.0,1112997000.0,11106656000.0,183467000.0,3629963000.0,16173210760.0,22632644760.0,70.89852786905746,0.9641589330429462,0.3075568576578085,0.6422809732876508,0.022399044269632077,70.89852786905746,0.0350478995767356,10.495453690622742,11.304530392455638,1.5848001838277623,0.2968454249855314,4.692544163255517,0.006564744723576458,0.07230588637942036,0.5560805644579455,0.016782720195106376,7.760184844781532,0.4413094843323017,0.2984293193717278,0.5507510840119691,-0.019296741048570196,0.6774434566204072,0.2127566233432725,0.3156440815125432,0.3158668186035506,0.2744929800836326,0.3459498074287142,0.3822953361339738,Utilities—Regulated Gas,Utilities,ATO
2023Q1,2023,Q1,2023-02-07,2022-12-31,271860000.0,1484009000.0,321186000.0,1.91,560744000.0,0.3778575467,23366161000.0,9836274000.0,3627763000.0,3531894000.0,13529887000.0,323678000.0,3378465000.0,15893767399.999998,24475449400.0,69.35745310957552,1.0271437931036436,0.3746134848595796,0.8898978413980742,0.015369348704712238,69.35745310957552,0.027638514339881137,10.710020896099685,14.615764915765467,1.615832112850862,0.38458029868314575,2.852418143957884,0.006578176046542622,0.063511032043304,0.2825716173814956,0.011634773893751739,-26.194487771112133,0.3778575466860376,2.745098039215686,-0.3375067029777283,0.2775836445730264,0.6499451179957921,0.05468032922553755,2.794648465307148,2.0472476803096717,0.299390430119202,0.4474461484087434,0.37082207138154055,Utilities—Regulated Gas,Utilities,ATO
2022Q4,2022,Q4,2022-11-14,2022-09-30,71643000.0,722628000.0,105402000.0,0.51,531672000.0,0.7357478537,22192989000.0,9419091000.0,3047693000.0,3602600000.0,12773898000.0,357941000.0,3211157000.0,14353109400.0,22448626400.0,66.83809003434476,0.8459704102592572,0.3671011146808571,0.8649529981183959,0.005031649342345665,66.83809003434476,0.007606147981795696,19.862376492469153,50.08552615049621,1.523831694587089,1.3491618162276844,0.5334845686859008,0.00673428992326917,0.032561093956294036,0.11526730694498417,0.0032281816568286497,-21.418938895380332,0.7357478536674471,-0.4456521739130435,0.5145774253886719,0.1781949044851808,0.8312016851221676,0.3811635428437829,-0.4426707741137483,-0.3181703506763182,0.038808671544789154,0.37930802713352824,0.38721434893027196,Utilities—Regulated Gas,Utilities,ATO
2022Q3,2022,Q3,2022-08-03,2022-06-30,128547000.0,816429000.0,154587000.0,0.92,384945000.0,0.4714984402,21655484000.0,9268171000.0,3281851000.0,3259117000.0,12387313000.0,223993000.0,3236172000.0,15680660100.0,23313179100.0,66.25754033785861,1.0069755090105694,0.3676017585199204,0.8589174714191182,0.008142045593661402,66.25754033785861,0.013869726831755694,19.20639773942376,30.495966650330228,1.6918829076416477,0.7414564322776883,1.9263280548945727,0.006078315542341231,0.03770079671274029,0.21580446482897053,0.005936002169242673,-63.438736861694814,0.4714984401582991,-0.6118143459915613,0.38043369313841713,0.1791122606243235,0.8062380393458236,-0.374163738906077,-0.6044695522140068,-0.598612943094835,0.3484931931801371,0.41878166770674297,0.38662967421328476,Utilities—Regulated Gas,Utilities,ATO
2022Q2,2022,Q2,2022-05-04,2022-03-31,324999000.0,1649819000.0,385132000.0,2.37,615089000.0,0.3728221096,21271143000.0,8983231000.0,3528996000.0,3208416000.0,12287912000.0,96295000.0,3202937000.0,16350294660.0,23726798660.0,65.65057661107619,1.0999184644385267,0.3741688446173297,0.8859840073131816,0.020441486752263753,65.65057661107619,0.03617840841452257,9.91035662699969,12.577188437502885,1.8200906399935615,0.2877947316760975,10.745417726777092,0.00572056968666276,0.07756137035043204,0.3577089130586557,0.015278868653179569,224.55802914394803,0.37282210957686873,0.27419354838709675,0.5274255372425136,0.2925372032417843,0.8135438005870237,0.2747615090163374,0.3041222427761437,0.3534155881122985,0.2996098300703394,0.29510842899605455,0.4014377093860388,Utilities—Regulated Gas,Utilities,ATO
2022Q1,2022,Q1,2022-02-08,2021-12-31,249209000.0,1012786000.0,284563000.0,1.86,482513000.0,0.476421475,20545784000.0,8289545000.0,3274205000.0,3426492000.0,12256239000.0,220279000.0,2971471000.0,14005863140.0,21698412140.0,62.00943283314133,0.9555560030491826,0.3872596927914749,0.9598300027323574,0.016489953407109296,62.00943283314133,0.030063049298845713,13.829044971000783,14.050318347250702,1.689581652551497,0.36279187348771513,2.4072789507851406,0.006455225150800667,0.04929410335473205,0.22715301830560236,0.012129447092405916,-22.504584417921574,0.4764214750203893,4.166666666666667,0.5697554027416719,0.022395662969230956,0.7649757369012906,-0.49951664464253487,4.115127257799672,2.1283035046831715,0.3457057077626735,-0.01779905827742646,0.31944954445593016,Utilities—Regulated Gas,Utilities,ATO
2021Q4,2021,Q4,2021-11-12,2021-09-30,48720000.0,568384000.0,90964000.0,0.36,964094000.0,1.6962018635288818,19608662000.0,7906889000.0,2838715000.0,3510355000.0,11701773000.0,193697000.0,2812673000.0,11790752400.0,19237119400.0,59.146998099968584,0.8086689237983054,0.38570148233469476,0.9565190557246978,0.0047346039900388525,59.146998099968584,0.006161715435742174,20.744342557144467,60.50262931034483,1.4911999396981543,1.696305418719212,-2.0429330345849444,0.007009221905126258,0.0289863734710711,0.1309525674753693,0.0024846162374566913,-21.941835329497323,1.6962018635288818,-0.5384615384615385,0.11427745534213078,-0.3440063267905005,0.787992000740216,1.884669357565385,-0.5242698538242963,-0.31805982457455584,0.05275483767045204,0.07012069639825742,0.3878731478241776,Utilities—Regulated Gas,Utilities,ATO
2021Q3,2021,Q3,2021-08-04,2021-06-30,102411000.0,605553000.0,133390000.0,0.78,334213000.0,0.551913705323894,19315435000.0,7773758000.0,1115366000.0,1062516000.0,11541677000.0,99469000.0,2846597000.0,12624817380.0,19429143380.0,59.17993574810822,1.0497404274382691,0.37943473703802166,0.9427804415830799,0.007644962015191438,59.17993574810822,0.013173937238591683,20.84841026301579,30.818997422151917,1.6240301511829929,0.7998359551220083,2.727885069720214,0.006488173059022894,0.03135073064624224,0.7677465562871524,0.00530202918029027,-47.02803611805418,0.551913705323894,-0.6608695652173913,0.13616365064587957,-0.24432046103735564,0.7711009973295329,-0.4324685976474344,-0.6548959744434785,-0.6506322615792396,0.22487749868329912,-0.08291434170346842,0.39074748912537405,Utilities—Regulated Gas,Utilities,ATO
2021Q2,2021,Q2,2021-05-05,2021-03-31,296754000.0,1319073000.0,381804000.0,2.3,588889000.0,0.44644155403074737,19408810000.0,7820925000.0,1620434000.0,871299000.0,11587885000.0,50043000.0,2826098000.0,12767564850.0,19218834850.0,60.55175323820658,1.8597909558027725,0.376972158519765,0.9355135102305674,0.020875779000914557,60.55175323820658,0.03794359362863088,9.679195048340766,10.756017484178814,1.6324878259285185,0.27067874401019026,14.591131626800951,0.006291332837835556,0.06796259018456052,1.5320871480398808,0.015289654543477936,-6.553404185534181,0.44644155403074737,0.3450292397660818,0.6678915269155021,-0.07148679120330417,0.8637882023104392,0.20778666754174213,0.36327051883975414,0.2776201311738723,0.4338643359972678,-0.06445531287349751,0.43264106194019764,Utilities—Regulated Gas,Utilities,ATO
2021Q1,2021,Q1,2021-02-02,2020-12-31,217678000.0,914480000.0,298840000.0,1.71,487577000.0,0.5331740442655936,16475879000.0,7213156000.0,1192288000.0,797839000.0,9262723000.0,99569000.0,2609669000.0,12122854620.0,16790288620.0,56.78130264338681,1.4943967391917417,0.3110627967102696,0.7105118758002739,0.018623570220114995,56.78130264338681,0.030177913800838358,13.25655522264019,13.922921264436463,1.6806588710960917,0.3630270399397275,4.28750916449899,0.00651851420123687,0.05550417067277564,1.1908730959504361,0.013211920286620216,-40.44456735837726,0.5331740442655936,2.2264150943396226,0.7110757536529282,-0.18408384775679792,0.7823910934538518,0.7614076030215562,2.3318231215465386,1.9633596112846448,-0.4078002464273666,-0.12108975231970733,0.3507709537990994,Utilities—Regulated Gas,Utilities,ATO
2020Q4,2020,Q4,2020-11-13,2020-09-30,65333000.0,474914000.0,100845000.0,0.53,276811000.0,0.5828655293379433,15359032000.0,6791203000.0,471258000.0,782401000.0,8567829000.0,118779000.0,2471014000.0,11862336640.0,16610259640.0,54.72539807890665,0.6023228497918587,0.31048382476187303,0.7021923803485185,0.006692667733131805,54.72539807890665,0.009620239595252858,24.97786260249224,45.39182587666264,1.746720962397973,1.098526012887821,1.6678284882007763,0.006050241379762427,0.030920828864735746,0.32132244207254335,0.004253718593723876,-30.613271671527006,0.5828655293379433,-0.44791666666666663,1.2888914032191934,-0.40440374480710034,0.7512212347760882,-0.1280527179545333,-0.4453481165793651,-0.2746790376523897,0.5684746199371749,-0.12068495126848569,0.49934328059914207,Utilities—Regulated Gas,Utilities,ATO
2020Q3,2020,Q3,2020-08-05,2020-06-30,117791000.0,492995000.0,139035000.0,0.96,317463000.0,0.6439477073803994,14870982000.0,6461471000.0,602159000.0,702686000.0,8409511000.0,84886000.0,2477451000.0,12250929080.0,16574363080.0,52.52118251426528,0.8569389457026325,0.3047208314824132,0.7013105839212155,0.011749999978449102,52.52118251426528,0.0182297498510788,24.8500067546324,26.00141156794662,1.895996914634454,0.5993412060344169,2.067855712367175,0.0057625833550250215,0.03315147580704489,0.632615421397324,0.00792086225375029,-82.09702851398895,0.6439477073803994,-0.5076923076923077,0.7352161111214586,-0.4045190465978568,0.6543356271989261,-0.5188365247915221,-0.5084791734475017,-0.580509778601126,0.43822733455905244,-0.190454856485464,0.43177300643751376,Utilities—Regulated Gas,Utilities,ATO
2020Q2,2020,Q2,2020-05-06,2020-03-31,239646000.0,977665000.0,331438000.0,1.95,659782000.0,0.6748548838303509,14716398000.0,6304415000.0,829561000.0,933390000.0,8411983000.0,68061000.0,2430257000.0,12196954680.0,16405775680.0,51.290434117608775,0.8887613966294904,0.3077465015556116,0.7183727594074946,0.023938366319289132,51.290434117608775,0.0380124087643342,12.475597142170376,12.723928920157233,1.9346687488054006,0.29426737771546363,4.670560232732401,0.005781771093700578,0.06643371564155849,0.7477217454654539,0.016284283694963944,-2889.5888841506753,0.6748548838303509,0.32653061224489793,0.4407732467388582,-0.47451648455814466,0.6621353895412172,0.1401204434114689,0.34125469432986516,0.3111665829314703,0.2538160099106547,-0.14732717264487777,0.41685653995784094,Utilities—Regulated Gas,Utilities,ATO
2020Q1,2020,Q1,2020-02-04,2019-12-31,178673000.0,875563000.0,252781000.0,1.47,578695000.0,0.6609404463185402,14388125000.0,6127775000.0,812129000.0,845172000.0,8260350000.0,115259000.0,2261131000.0,13547700180.0,17682763180.0,50.5955182350367,0.9609038160279801,0.3005488901437818,0.7056941548930893,0.018751819046443845,50.5955182350367,0.02915789173068528,15.473130066026089,18.955998080291927,2.2108677586889205,0.38929776742988587,2.575660035225015,0.0051342293581817374,0.06085316884583641,0.7393619286961707,0.012418087832848269,-37.976291427113786,0.6609404463185402,2.0,0.5355115342969121,-0.41660263421595833,0.6774377107250547,0.34576163976437924,2.0591548813478067,1.817600178342529,0.24225103128662528,-0.024402042678389253,0.4401012555796142,Utilities—Regulated Gas,Utilities,ATO
2019Q4,2019,Q4,2019-11-12,2019-09-30,58406000.0,443683000.0,89715000.0,0.49,430013000.0,0.9691897142779867,13367619000.0,5750223000.0,458031000.0,1209440000.0,7617396000.0,136054000.0,2152015000.0,13592202050.0,17562019050.0,48.18151577359755,0.37871328879481414,0.29880915965662996,0.6946455815713581,0.0076596595958156434,48.18151577359755,0.010157171295791485,30.634939923323635,58.17981906824641,2.363769552937338,1.091240625963086,0.10047481147191556,0.004689085680564909,0.03319087714872783,0.21094142743749172,0.004369214891597374,-40.64204035438662,0.9691897142779867,-0.2794117647058824,1.0964244585023069,-0.5150519098355026,0.5858582743610373,-0.0536935644305168,-0.27415305843461835,-0.26584671281975747,0.49627780460950605,-0.42641299825257506,0.4565095026653047,Utilities—Regulated Gas,Utilities,ATO
2019Q3,2019,Q3,2019-08-07,2019-06-30,80466000.0,485738000.0,122202000.0,0.68,454412000.0,0.9355084428230857,12881098000.0,5641996000.0,503534000.0,901374000.0,7239102000.0,106014000.0,2157344000.0,12429755250.0,16112669250.0,47.78315477450773,0.5586293813666691,0.28949993238154076,0.6609499545905385,0.010064785253634745,47.78315477450773,0.014261973953898584,25.589423207572807,38.61803510178211,2.2030776430894314,0.766211816170805,0.2954892750014149,0.004960194208168339,0.037709362975112834,0.3678783723515433,0.006246827716084452,-71.63546025104603,0.9355084428230857,-0.6263736263736264,0.49450288939373127,-0.5624573955548267,0.537233817269171,-0.27057044572041306,-0.6255444696772272,-0.5894812162175781,-0.006871900453378008,-0.3256487657241589,0.43002509223554475,Utilities—Regulated Gas,Utilities,ATO
2019Q2,2019,Q2,2019-05-07,2019-03-31,214888000.0,1094645000.0,297677000.0,1.82,622969000.0,0.5691059658610782,12674950000.0,5508101000.0,671181000.0,864139000.0,7166849000.0,78148000.0,2138532000.0,12001492670.0,15546852670.0,46.845162058495845,0.7767049051136449,0.28826251780085915,0.6633344232431467,0.0253925580683477,46.845162058495845,0.03901308273032757,10.963821759565887,13.962497521964929,2.1788802837856456,0.286688879788541,6.035675897015919,0.0051331948195073975,0.08636286533674689,0.6109723088530896,0.016953755241638033,343.2626682492921,0.5691059658610782,0.31884057971014507,0.3054355797171573,-0.548505690963798,0.42815963151759395,0.1630866832083373,0.36310467756872994,0.25886815752080655,0.32671498366267787,-0.15357827383670156,0.4418981401987741,Utilities—Regulated Gas,Utilities,ATO
2019Q1,2019,Q1,2019-02-05,2018-12-31,157646000.0,877782000.0,236464000.0,1.38,535617000.0,0.6101936471697984,12615789000.0,5348195000.0,912738000.0,1455498000.0,7267594000.0,146552000.0,1985250000.0,10551536000.0,13993118000.0,46.99644112478032,0.6270967050452835,0.29009513396268755,0.6843017130078466,0.02059957313932571,46.99644112478032,0.029476486926897767,12.020679394200382,16.732958654199916,1.9729153480753785,0.37249280032477833,2.3347685463180303,0.0055652560916249535,0.06957805017189174,0.478578465927126,0.012495928712821687,-41.91774988081996,0.6101936471697984,2.9428571428571426,0.44605641460924383,-0.44179576312002766,0.6040300906571606,0.33365785640476575,3.068598859266524,1.6393427984641487,0.38329677880684226,-0.12574987924369657,0.47523980932467746,Utilities—Regulated Gas,Utilities,ATO
2018Q4,2018,Q4,2018-11-13,2018-09-30,38747000.0,444700000.0,89592000.0,0.35,401615000.0,0.9031144591859681,11874437000.0,4769951000.0,478853000.0,1915131000.0,7104486000.0,173838000.0,1878116000.0,10381136500.0,14011810500.0,42.617005878884264,0.2500366815638199,0.30691518258928824,0.7640424398489628,0.006440674212008624,42.617005878884264,0.008123144241942947,23.34413424780751,66.98025976204609,2.1763612456396304,1.4168580793351744,0.24784569541757268,0.005288341984521637,0.03745019658616236,0.1394505127847651,0.003263059966548309,-35.82753759236315,0.9031144591859681,-0.45312500000000006,3.1637640057373364,-0.47439792636643774,0.49697408932540144,-0.06895416578766178,-0.4557470537833776,-0.2715683006349955,0.5050726701816888,-0.3816549117613895,0.3637508045180503,Utilities—Regulated Gas,Utilities,ATO
2018Q3,2018,Q3,2018-08-08,2018-06-30,71193000.0,562245000.0,122993000.0,0.64,431359000.0,0.767208245515745,11507624000.0,4759552000.0,452855000.0,1465961000.0,6748072000.0,126010000.0,1871334000.0,10082249140.0,13374411140.0,42.552610168885394,0.30891340219828495,0.2879040886285475,0.6960932457508606,0.011108864499404113,42.552610168885394,0.014957920409315834,17.93212770233617,35.40463648111472,2.118318938421095,0.7601309117469414,1.0386953416395523,0.005367453159365192,0.048858478518241474,0.18723281178694384,0.006186594209195573,-91.18843341021119,0.767208245515745,-0.6,0.4875329828640132,-0.4691474311678049,0.49350291508610045,-0.2719052610435666,-0.6022559667471172,-0.5427565541957262,0.1535483151278902,-0.2530216838989401,0.34034109025580456,Utilities—Regulated Gas,Utilities,ATO
2018Q2,2018,Q2,2018-05-02,2018-03-31,178992000.0,1219409000.0,268988000.0,1.6,592449000.0,0.48584929256713705,11356322000.0,4721346000.0,622736000.0,1349127000.0,6634976000.0,89265000.0,1854257000.0,9410113440.0,12536533440.0,42.265822784810126,0.46158441718237053,0.28156070248800624,0.6772420407231328,0.02518325860340398,42.265822784810126,0.03791122277418346,7.716946028772955,13.143203942075623,1.993099730458221,0.3019911504424779,7.023581470901249,0.005744245310607011,0.10737710677805719,0.3544573639101434,0.0157614410722063,35.19259745165284,0.48584929256713705,-0.4463667820069204,0.2459579736481259,-0.24503451685430716,0.5043719551277824,0.13436216552582453,-0.4302013166439586,0.11354067916592496,0.1841071128645463,-0.27880892618614483,0.3696807412006683,Utilities—Regulated Gas,Utilities,ATO
2018Q1,2018,Q1,2018-02-06,2017-12-31,314132000.0,889192000.0,241561000.0,2.89,522275000.0,0.5873590855518268,11264720000.0,4563620000.0,778910000.0,959410000.0,6701100000.0,163959000.0,1729319000.0,9324561960.0,12674096960.0,42.03621826756567,0.8118635411346556,0.30220768913918855,0.7459615393043242,0.04578213292852108,42.03621826756567,0.06883395199425017,10.486556289305346,7.420894687583564,2.043238034718053,0.16501661721823946,2.237858245049067,0.00555918875571502,0.07893600551101138,0.5669807485850679,0.027886356695949834,-44.402676,0.5873590855518268,7.5,0.0,0.0,0.0,0.3312508443384083,7.76166569045826,1.6316127767125674,2.0116968759851237,-0.3390364116800102,0.3936637116892837,Utilities—Regulated Gas,Utilities,ATO
2017Q4,2017,Q4,2017-11-13,2017-09-30,35853000.0,464880000.0,91792000.0,0.34,392319000.0,0.8439145585957667,10749596000.0,3898666000.0,539646000.0,1013443000.0,6850930000.0,189125000.0,1467024000.0,8955285760.0,12443666760.0,36.49957870691108,0.5324877669489059,0.3269694972722696,0.9015365768701397,0.008033097179773631,36.49957870691108,0.009196222502774026,19.263650318361726,62.44446601400162,2.297012814126678,1.3626753688673194,0.3836668869795109,0.005455548969550693,0.04324627641820213,0.2453734447817983,0.003335288135479696,-44.025356222838376,0.8439145585957667,-0.4925373134328358,0.0,0.0,0.3979337577255833,-0.048519978172558056,-0.4936589085978985,-0.3474378661206848,0.4378821909166652,-0.43227322494724096,0.20135612119462643,Utilities—Regulated Gas,Utilities,ATO
2017Q3,2017,Q3,2017-08-02,2017-06-30,70808000.0,526501000.0,140664000.0,0.67,412325000.0,0.7831419123610401,10498775000.0,3901710000.0,534382000.0,745659000.0,6597065000.0,151656000.0,1480027000.0,8822893800.0,12078423800.0,36.68261817908315,0.7166573460522839,0.3167328569285464,0.8522691332774603,0.012318714848147437,36.68261817908315,0.018147940262090212,16.757601220130635,31.150766156366515,2.261288973296324,0.6745141791887922,0.75286173972675,0.0054133032860488465,0.05014880307464442,0.42915193137882063,0.006744405894973461,-149.02278185964025,0.7831419123610401,-0.567741935483871,0.0,0.0,0.4037662282504178,-0.26461408402474085,-0.5701520081589043,-0.5067397921254541,0.4599230542929204,-0.4735213543630003,0.18011800260922425,Utilities—Regulated Gas,Utilities,ATO
2017Q2,2017,Q2,2017-05-04,2017-03-31,164728000.0,988186000.0,285172000.0,1.55,560692000.0,0.5673952069752051,10361466000.0,3834864000.0,563084000.0,1496072000.0,6526602000.0,120026000.0,1456980000.0,8367805649.999999,11557629650.0,36.20016047576344,0.3763749338267142,0.31223641519452944,0.8436353935889251,0.025224758875598757,36.20016047576344,0.04295536947333726,8.467844768090217,12.699428224102762,2.1820345258658453,0.28880336069156426,3.5616783030343426,0.005685361490201437,0.09537125345004269,0.25536204139907703,0.015898136422008238,48.196925704280105,0.5673952069752051,0.30252100840336144,0.0,0.0,0.0,0.19585465263840396,0.3174867233988099,0.3584923636848674,0.11072970207556689,-0.5476075397984863,0.10362747344937051,Utilities—Regulated Gas,Utilities,ATO
2017Q1,2017,Q1,2017-02-07,2016-12-31,125032000.0,780168000.0,209918000.0,1.19,468863000.0,0.6009769690630736,10579155000.0,3698975000.0,979432000.0,1949815000.0,6880180000.0,163763000.0,1339826000.0,7806808600.000001,11267130600.0,35.133306105391135,0.5023204765580325,0.33130680096850834,0.9475451983319704,0.018679662702794007,35.133306105391135,0.03380179644360938,10.006573712328628,15.609621136988933,2.110532944937449,0.3818222535031032,1.9009483216599599,0.006115174900022526,0.07374577648214815,0.2581973161556353,0.011818713309333307,-43.131777523632735,0.6009769690630736,2.6060606060606055,0.0,-0.3926533213049315,0.0,0.2469395842142916,2.651635514018692,1.4803327307315113,0.23966215850427378,-0.46374114543408473,0.19913080285565438,Utilities—Regulated Gas,Utilities,ATO
2016Q4,2016,Q4,2016-11-14,2016-09-30,34240000.0,678519000.0,84633000.0,0.33,376011000.0,0.5541642901672613,10010889000.0,3463059000.0,681686000.0,1788281000.0,6547830000.0,239141000.0,1262534000.0,7796040890.0,11017096890.0,33.08012456178895,0.38119624376705896,0.3265034703711129,0.9438447338032647,0.007987513599926666,33.08012456178895,0.009887212432707616,11.489790101677329,56.92202752628504,2.2512007130112424,1.3073306074766355,1.26497756553665,0.005741760546358551,0.0677780964307965,0.19739459290793784,0.0034202756618318315,-64.6706004977188,0.5541642901672613,-0.5217391304347826,0.0,-0.25883376796259755,0.0,-0.07684545715681629,-0.5190538395628784,-0.3829794989939051,2.9338700419207377,-0.1425867656417348,0.16197955063734099,Utilities—Regulated Gas,Utilities,ATO
2016Q3,2016,Q3,2016-08-03,2016-06-30,71193000.0,632916000.0,137164000.0,0.69,407311000.0,0.6435466949800606,9727368000.0,3466724000.0,648913000.0,1529800000.0,6260644000.0,244841000.0,1273057000.0,8436949999.999999,11496855000.0,33.414207228915664,0.424181592365015,0.32137274954540634,0.9017478749389914,0.013428690173175214,33.414207228915664,0.020536102672148115,13.330283955532803,29.62703496130237,2.4336953273465087,0.6117736294298597,0.9214347270269276,0.005162292060519501,0.06506549356413781,0.2245836057000915,0.007318834858514657,-94.8472789000933,0.6435466949800606,-0.5,0.0,0.0,0.0,-0.21339832487142993,-0.49796911360270785,-0.45137911173684886,0.6036824256994964,-0.3557622610581965,0.17276509486994338,Utilities—Regulated Gas,Utilities,ATO
2016Q2,2016,Q2,2016-05-04,2016-03-31,141810000.0,1132293000.0,250016000.0,1.38,517811000.0,0.45731184419580445,9543926000.0,3344565000.0,652912000.0,1227353000.0,6199361000.0,190961000.0,1245418000.0,7644769960.000001,10679339960.0,32.48853767994871,0.5319675757504158,0.3229790339950247,0.9216409308833884,0.024874709846796905,32.48853767994871,0.04240013275268981,6.751582814695491,13.477134828291376,2.285729223381815,0.3044425639940766,3.217840291996795,0.005647390336909496,0.11864016967440863,0.33364484382243736,0.014858665081854155,55.10776765375855,0.45731184419580445,0.3799999999999999,0.0,-0.38625182771009414,0.0,0.16686384398879583,0.3786566337095692,0.2742590657730435,0.07113362813790462,-0.23931728700318794,0.1563679996877325,Utilities—Regulated Gas,Utilities,ATO
2016Q1,2016,Q1,2016-02-02,2015-12-31,102861000.0,906221000.0,196205000.0,1.0,443763000.0,0.48968518716736864,9554653000.0,3272109000.0,863270000.0,1515056000.0,6282544000.0,236017000.0,1132254000.0,6475027520.0,9614834520.0,31.85681461937632,0.5697941198213136,0.33687356306921873,0.9836805558739027,0.018899969001282036,31.85681461937632,0.0314356887255284,7.145086595874516,15.737323961462556,1.9788544697013455,0.4242229805271191,1.9594266514700212,0.00673912193658136,0.09484603993467895,0.35365491440580415,0.01076554009863048,-29.274790872633726,0.48968518716736864,3.3478260869565215,0.0,0.0,0.0,0.25243211663999593,3.374271741441633,1.5866478583576127,0.0,0.0,0.0,Utilities—Regulated Gas,Utilities,ATO
2015Q4,2015,Q4,2015-11-06,2015-09-30,23515000.0,656902000.0,75853000.0,0.23,354321000.0,0.5393818255995567,9092945000.0,3194797000.0,630985000.0,1154823000.0,5898148000.0,249190000.0,1073029000.0,5947974120.0,8832636120.0,31.24984838703367,0.5463910919682063,0.32039289801049053,0.9118936195320079,0.006787503439125532,31.24984838703367,0.007360405058599967,9.054583666970112,63.23595704869233,1.861769032586421,1.8444822453752923,1.2142581965568442,0.0072920626628415796,0.07224304117092976,0.2842790626788694,0.0025860708494332696,-31.518791173852218,0.5393818255995567,-0.5818181818181819,0.0,0.0,0.0,-0.07166343964597967,-0.5821858175938593,-0.3550298876767539,0.0,0.0,0.19686910182799117,Utilities—Regulated Gas,Utilities,ATO
2015Q3,2015,Q3,2015-08-05,2015-06-30,56281000.0,686401000.0,117607000.0,0.55,381673000.0,0.55604959782984,8884489000.0,3238255000.0,616649000.0,916577000.0,5646234000.0,213151000.0,1092887000.0,5230560000.0,7894687000.0,31.747598039215685,0.6727738095108212,0.3047198325080936,0.8360305164355494,0.012330583387889697,31.747598039215685,0.01738003955834238,7.620268618489775,23.23412874682397,1.615240306893682,0.6853289742541888,1.429634390643253,0.007374162613563365,0.07725835441970832,0.37628698952733924,0.0063347481211356105,-106.51786987068526,0.55604959782984,-0.5925925925925926,0.0,0.0,0.0,-0.26705368150586284,-0.5912306440835536,-0.5299668278645937,0.0,0.0,0.214913443144915,Utilities—Regulated Gas,Utilities,ATO
2015Q2,2015,Q2,2015-05-06,2015-03-31,137684000.0,1540068000.0,250210000.0,1.35,520738000.0,0.33812662817485983,8926644000.0,3139694000.0,817637000.0,1018502000.0,5786950000.0,143154000.0,1075177000.0,5626553800.0,8211231800.0,30.858156586008295,0.8027838924224008,0.300247551039338,0.8536510245902945,0.026759857079671556,30.858156586008295,0.04385268118485432,3.653445042686427,10.21642638215043,1.79207075593991,0.2794950756805439,7.120513572795731,0.00683935520175778,0.1725248592864239,0.5963218530744171,0.015423937596256779,16.891384020510234,0.33812662817485983,0.40625000000000017,0.0,0.0,0.0,0.23023022313571234,0.41076899431323327,0.33285390864296177,0.0,0.0,0.0,Utilities—Regulated Gas,Utilities,ATO
2015Q1,2015,Q1,2015-02-03,2014-12-31,97595000.0,1258765000.0,187725000.0,0.96,423285000.0,0.3362700742394331,9115093000.0,3063925000.0,1118764000.0,1420611000.0,6051168000.0,277916000.0,975975000.0,5662124940.0,8544326940.0,30.16238272905366,0.7875231150540155,0.3297864322393639,0.9811056080028069,0.019316693104632153,30.16238272905366,0.03185293373695505,4.498158862059241,14.504136841026693,1.847997238835807,0.4056765203135407,3.0062320989075837,0.006992427828694292,0.13809678080081025,0.5147454158809132,0.010706967005163853,-24.20766718826155,0.3362700742394331,3.1739130434782608,0.0,0.0,0.23092574973019206,0.2535871989196201,3.1156749462320246,1.236312303440389,0.0,0.01564767664773965,0.0,Utilities—Regulated Gas,Utilities,ATO
2014Q4,2014,Q4,2014-11-06,2014-09-30,23713000.0,778728000.0,83944000.0,0.23,337659000.0,0.433603260702068,8594704000.0,3086232000.0,775840000.0,910650000.0,5508472000.0,284621000.0,917972000.0,4845413700.0,7455836700.0,30.381980882251604,0.8519628836545324,0.30864134471646726,0.8595209303772368,0.0070798058978254,30.381980882251604,0.007683479401418947,6.222215844299935,51.0839381352001,1.5700095456206793,1.57896512461519,1.5496713172956318,0.00772730716471124,0.09060556361219653,0.4295162795805194,0.002759024627258833,-28.028423427331887,0.433603260702068,-0.4888888888888889,0.0,0.0858905207423264,0.2862047336667873,-0.06084003415541828,-0.48135430108702787,-0.21256976689648704,0.0,-0.12336325175223285,0.0,Utilities—Regulated Gas,Utilities,ATO
2014Q3,2014,Q3,2014-08-06,2014-06-30,45721000.0,942718000.0,106605000.0,0.45,359533000.0,0.38137916110650266,8357189000.0,3116685000.0,774643000.0,1155697000.0,5240504000.0,207458000.0,932576000.0,5354257800.0,7758743800.0,31.083856104201782,0.6702820895096206,0.29386759112424043,0.7879869155849886,0.011757517971307523,31.083856104201782,0.014669753279526163,5.679596443475143,29.276797314144485,1.7179335736527752,0.8185735220139542,2.8110991140375403,0.00698995106287187,0.11280324041971529,0.38097788607221444,0.005470858682267447,-98.49265663514956,0.38137916110650266,-0.6739130434782609,0.0,0.099890313247223,0.0,-0.27553966837068816,-0.6571790622867726,-0.5737164107485605,0.0,0.0,0.0,Utilities—Regulated Gas,Utilities,ATO
2014Q2,2014,Q2,2014-05-07,2014-03-31,133367000.0,1964322000.0,250080000.0,1.38,496277000.0,0.25264544204056155,8487616000.0,3124761000.0,1059161000.0,1363392000.0,5362855000.0,124950000.0,924282000.0,4489792320.0,6808881320.0,32.80106860933826,0.7768572794911515,0.28934261399196193,0.7859253875736416,0.027546190648849517,32.80106860933826,0.04268070422025876,2.2856702312553643,8.416235500536114,1.4368434321856938,0.28039919920220147,11.74905962384954,0.00832911576631678,0.231433891448435,0.5924642362578041,0.015713128397891706,16.13645937485399,0.25264544204056155,0.4526315789473684,0.0,0.0,0.0,0.2759173893258124,0.5326721522478625,0.46485473289597,0.0,0.1506009644465697,0.0,Utilities—Regulated Gas,Utilities,ATO
2014Q1,2014,Q1,2014-02-04,2013-12-31,87016000.0,1255148000.0,170720000.0,0.95,388957000.0,0.3098893516939835,8616091000.0,2661314000.0,1299570000.0,2013501000.0,5954777000.0,286542000.0,828311000.0,4125634860.0,7076616860.0,29.29897724395319,0.6454280380292833,0.36507796865190956,1.18195184784659,0.018745433937532814,29.29897724395319,0.03269663031119214,3.2869708273446636,11.853092707088352,1.550224761151822,0.3905488645766296,3.022911126466626,0.00823727769257796,0.14567487738929405,0.4250189098490639,0.01009924338078602,-28.206190459912353,0.3098893516939835,10.875,0.0,0.0,0.0,0.2946245506590334,10.546709129511678,2.388444515014985,0.0,0.0,0.0,Utilities—Regulated Gas,Utilities,ATO
2013Q4,2013,Q4,2013-11-13,2013-09-30,7536000.0,685171000.0,50383000.0,0.08,300440000.0,0.4384890779090183,7940401000.0,2580409000.0,683266000.0,978486000.0,5359992000.0,250252000.0,775267000.0,3860357600.0000005,6617813600.0,28.468766548984995,0.6982889893161476,0.3556060959641711,1.0942664515586482,0.004270568858036666,28.468766548984995,0.002920467259260063,5.634152058391264,128.06388004246287,1.496025475031284,4.253582802547771,1.5373743266787079,0.008303634875691308,0.0862892188946125,0.3794964874305815,0.00094907045626537,-24.277757093982697,0.4384890779090183,-0.8095238095238095,0.0,-0.5252931905275834,0.0,-0.05073349826380661,-0.8056128765992571,-0.4168364276123895,0.0,0.0,0.0,Utilities—Regulated Gas,Utilities,ATO
2013Q3,2013,Q3,2013-08-07,2013-06-30,38768000.0,857935000.0,86396000.0,0.42,316497000.0,0.3689055697692716,7802798000.0,2581444000.0,682253000.0,720580000.0,5221354000.0,209101000.0,800643000.0,3693884310.0000005,6259496310.0,28.491815944284404,0.9468109023286797,0.3329050681563203,1.0062550262566223,0.01049877773354485,28.491815944284404,0.015017951193208142,4.305552646762284,23.82044669572844,1.4309372235074633,0.8267643417251341,2.589361122137149,0.008677044896406081,0.10995222483011863,0.5304282661189598,0.004968474129408451,-61.439810884534786,0.3689055697692716,-0.6692913385826772,0.0,-0.48211296446724483,0.0,-0.26863947165922203,-0.6670130985613055,-0.5889388994090723,0.0,0.0,0.0,Utilities—Regulated Gas,Utilities,ATO
2013Q2,2013,Q2,2013-05-02,2013-03-31,116425000.0,1308996000.0,210178000.0,1.27,432751000.0,0.33059764888509974,7953730000.0,2543470000.0,1002420000.0,926766000.0,5410260000.0,197356000.0,793927000.0,3827608400.0,6450573400.0,28.09532751574064,1.0816322566861538,0.3380190174924218,1.0570252450392574,0.02527398296295086,28.09532751574064,0.045774080291884706,2.924079523543235,8.219043160833154,1.5048765662657708,0.2749924844320378,4.439920752346015,0.008364492041557856,0.16457636857172672,0.5947002803296625,0.014637786296492337,25.968725787520437,0.33059764888509974,0.4431818181818182,0.0,-0.4801041267598722,0.0,0.0,0.0,0.0,0.0,0.0,0.0,Utilities—Regulated Gas,Utilities,ATO
2013Q1,2013,Q1,2013-02-07,2012-12-31,0.0,0.0,0.0,0.88,0.0,0.0,7964218000.0,0.0,0.0,0.0,5540213000.0,0.0,709438000.0,3173408080.0,3173408080.0,0.0,0.0,0.10434445666856432,0.0,,0.0,0.0,0.0,0.0,0.0,0.0,0.0,0.010081275144418237,0.0,0.0,0.0,0.0,0.0,9.114942528735634,0.0,-1.0,0.0,0.0,0.0,-1.0,0.0,0.0,-1.0,Utilities—Regulated Gas,Utilities,ATO
2012Q4,2012,Q4,2012-11-13,2012-09-30,0.0,0.0,8682000.0,0.087,0.0,0.0,7495675000.0,2359243000.0,0.0,0.0,0.0,262287000.0,660932000.0,3190576290.0,3190576290.0,26.10966256820018,0.0,0.0,0.0,,26.10966256820018,0.0,0.0,0.0,1.3523728967300106,0.0,0.0,0.009859660807546463,0.0,0.0,0.0,0.0,0.0,-0.7441176470588234,0.0,0.0,0.0,0.0,0.0,0.0,0.0,-1.0,0.10533844780606721,Utilities—Regulated Gas,Utilities,ATO
2012Q3,2012,Q3,2012-08-09,2012-06-30,0.0,0.0,0.0,0.34,0.0,0.0,0.0,2354925000.0,0.0,0.0,0.0,239329000.0,0.0,3160438260.0,5552643260.0,26.131571939013295,0.0,0.0,0.0,,26.131571939013295,0.0,0.0,0.0,1.3420547405968342,0.0,0.0,0.009945139697176048,0.0,0.0,0.0,0.0,0.0,0.0,0.0,0.0,0.0,0.0,0.0,0.0,0.0,-1.0,0.0,Utilities—Regulated Gas,Utilities,ATO
2012Q2,2012,Q2,2012-05-03,2012-03-31,0.0,0.0,0.0,0.0,0.0,0.0,7368727000.0,0.0,0.0,0.0,5008015000.0,221112000.0,685206000.0,2832029200.0,2832029200.0,0.0,0.0,0.057557702979089874,0.0,,0.0,0.0,0.0,0.0,0.0,0.0,0.0,0.011083925264612384,0.0,0.0,0.0,0.0,0.0,-1.0,0.0,0.0,-1.0,0.0,0.0,-1.0,0.0,0.0,0.0,Utilities—Regulated Gas,Utilities,ATO
2012Q1,2012,Q1,2012-02-08,2011-12-31,0.0,1101173000.0,144407000.0,0.75,0.0,0.0,0.0,0.0,0.0,0.0,0.0,325669000.0,0.0,3009970900.0,5606279900.0,0.0,0.0,0.0,0.0,,0.0,0.0,2.7334223596110694,0.0,0.0,0.0,0.0,0.010470865349562016,0.0,0.0,0.0,0.0,0.0,33.09090909090909,0.0,0.0,0.0,0.0,0.0,2.4937459173057848,0.0,0.0,0.0,Utilities—Regulated Gas,Utilities,ATO
2011Q4,2011,Q4,2011-11-22,2011-09-30,0.0,789260000.0,41333000.0,0.022,0.0,0.0,7282871000.0,0.0,0.0,0.0,0.0,289760000.0,570495000.0,2928742300.0000005,2797323300.0000005,0.0,0.0,0.0,0.0,0.0,0.0,0.0,3.710744621544232,0.0,0.0,0.0,0.0,0.01057518785452718,0.10837209666352733,0.0,0.0,0.0,0.0,0.0,0.0,0.0,0.0,0.0,0.0,0.2128939491754211,0.0,-0.4508385794064381,0.0,Utilities—Regulated Gas,Utilities,ATO
2011Q3,2011,Q3,2011-08-04,2011-06-30,0.0,0.0,34078000.0,0.0,0.0,0.0,6993470000.0,0.0,0.0,0.0,0.0,0.0,599506000.0,2996722750.0,5205262750.0,0.0,0.0,0.0,0.0,0.0,0.0,0.0,0.0,0.0,0.0,0.0,0.0,0.0,0.0,0.0,0.0,0.0,0.0,-1.0,0.0,0.0,-1.0,-1.0,0.0,-0.843622947660172,0.0,-1.0,0.0,Utilities—Regulated Gas,Utilities,ATO
2011Q2,2011,Q2,2011-05-05,2011-03-31,0.0,1617287000.0,217922000.0,1.45,464822000.0,0.2874084809931694,6995824000.0,0.0,0.0,0.0,4621845000.0,228051000.0,631044000.0,3077388600.0,5237145600.0,0.0,0.0,0.0,0.0,0.0,0.0,0.0,1.9028092107337782,0.0,0.0,0.0,5.0535406553797175,0.010094597737835255,0.2311789147354193,0.0,0.0,0.0,0.2874084809931694,0.7901234567901233,0.0,0.0,0.0,0.0,0.0,0.0,0.0,-0.35563832010021384,0.0,Utilities—Regulated Gas,Utilities,ATO
2011Q1,2011,Q1,2011-02-09,2010-12-31,0.0,0.0,0.0,0.81,0.0,0.0,0.0,0.0,0.0,0.0,0.0,339105000.0,0.0,2810558400.0,5218304400.0,0.0,0.0,0.0,0.0,0.0,0.0,0.0,0.0,0.0,0.0,0.0,0.0,0.011030548235539244,0.0,0.0,0.0,0.0,0.0,46.64705882352941,0.0,0.0,0.0,0.0,0.0,0.0,0.0,-1.0,0.0,Utilities—Regulated Gas,Utilities,ATO
2010Q4,2010,Q4,2010-11-12,2010-09-30,0.0,0.0,0.0,0.017,0.0,0.0,6763791000.0,0.0,0.0,0.0,4585443000.0,319038000.0,486905000.0,2634898500.0,2502946500.0,0.0,0.0,0.07188734838199465,0.0,,0.0,0.0,0.0,0.0,0.0,0.0,0.0,0.011527578766316804,0.0,0.0,0.0,0.0,0.0,1.5666666666666667,0.0,0.0,0.0,0.0,0.0,-1.0,0.0,0.0,0.0,Utilities—Regulated Gas,Utilities,ATO
2010Q3,2010,Q3,2010-08-05,2010-06-30,0.0,0.0,34109000.0,-0.03,0.0,0.0,6585650000.0,0.0,0.0,0.0,4271920000.0,263752000.0,0.0,2505201920.0,2505201920.0,0.0,0.0,0.0,0.0,0.0,0.0,0.0,0.0,0.0,0.0,0.0,0.0,0.0,0.0,0.0,0.0,0.0,0.0,0.0,0.0,-1.0,0.0,0.0,0.0,-0.848093880823016,0.0,0.0,0.0,Utilities—Regulated Gas,Utilities,ATO
2010Q2,2010,Q2,2010-05-06,2010-03-31,0.0,0.0,224540000.0,0.0,0.0,0.0,6753190000.0,0.0,0.0,0.0,0.0,208589000.0,550259000.0,2643239260.0,4812845260.0,0.0,0.0,0.0,0.0,0.0,0.0,0.0,0.0,0.0,0.0,0.0,0.0,0.011847584315920005,0.0,0.0,0.0,0.0,0.0,-1.0,0.0,-1.0,0.0,0.0,0.0,0.0,0.0,0.0,-1.0,Utilities—Regulated Gas,Utilities,ATO
2010Q1,2010,Q1,2010-02-03,2009-12-31,0.0,0.0,0.0,1.0,0.0,0.0,0.0,2258076000.0,0.0,0.0,4617348000.0,399582000.0,467449000.0,2709268800.0,5058581800.0,24.503819776022222,0.0,0.0,0.0,,24.503819776022222,0.0,0.0,0.0,1.1998129380942006,0.0,0.0,0.011528571841967102,0.0,0.0,0.0,0.0,0.0,6.799118533982834,0.0,0.0,0.0,-1.0,0.0,0.0,0.0,0.0,0.0,Utilities—Regulated Gas,Utilities,ATO
2009Q4,2009,Q4,2009-11-16,2009-09-30,0.0,650567000.0,0.0,-0.17244,231799000.0,0.3563030402710251,6343766000.0,2176761000.0,0.0,0.0,0.0,352728000.0,405353000.0,2596843360.0,4838924360.0,23.621418959979167,0.0,0.0,0.0,,23.621418959979167,0.0,3.9916616735862718,0.0,1.1929850635875963,0.0,1.1872264180898595,0.0,0.10255217484377577,0.0,0.0,0.0,0.3563030402710251,-9.622,0.0,0.0786422094517274,0.0,-0.10722924048682791,0.0,-1.0,0.0,0.0,0.0,Utilities—Regulated Gas,Utilities,ATO
2009Q3,2009,Q3,2009-08-05,2009-06-30,0.0,780775000.0,46987000.0,0.02,259640000.0,0.3325413851621786,6096030000.0,0.0,0.0,0.0,0.0,317275000.0,451856000.0,2287103520.0,2287103520.0,0.0,0.0,0.0,0.0,0.0,0.0,0.0,2.9292735038903652,0.0,0.0,0.0,1.642534079268773,0.013319467061114925,0.12807925814013382,0.0,0.0,0.0,0.3325413851621786,0.0,0.0,0.0,0.0,0.0,0.0,0.0,0.0,0.0,-1.0,Utilities—Regulated Gas,Utilities,ATO
2009Q2,2009,Q2,2009-05-01,2009-03-31,0.0,0.0,0.0,0.0,0.0,0.0,6685761000.0,0.0,0.0,0.0,0.0,327288000.0,480355000.0,2101492400.0,4188773400.0,0.0,0.0,0.05986229540661116,0.0,,0.0,0.0,0.0,0.0,0.0,0.0,0.0,0.014409283611970235,0.0,0.0,0.0,0.0,0.0,-1.0,0.0,-1.0,0.0,0.0,0.0,0.0,0.0,0.0,0.0,Utilities—Regulated Gas,Utilities,ATO
2009Q1,2009,Q1,2009-02-04,2008-12-31,0.0,0.0,0.0,0.83,0.0,0.0,6818899000.0,0.0,0.0,0.0,0.0,0.0,381633000.0,2144162700.0,4625422700.0,0.0,0.0,0.0,0.0,0.0,0.0,0.0,0.0,0.0,0.0,0.0,0.0,0.0,0.0,0.0,0.0,0.0,0.0,47.823529411764696,0.0,0.0,-1.0,0.0,0.0,-1.0,0.0,0.0,0.0,Utilities—Regulated Gas,Utilities,ATO
2008Q4,2008,Q4,2008-11-19,2008-09-30,0.0,1440665000.0,37534000.0,0.017,0.0,0.0,6386699000.0,0.0,0.0,0.0,4334207000.0,576617000.0,343601000.0,2408338020.0,2408338020.0,0.0,0.0,0.0,0.0,0.0,0.0,0.0,1.6716849649293903,0.0,0.0,0.0,0.0,0.012235408715592174,0.22557270978325422,0.0,0.0,0.0,0.0,0.0,0.0,-0.4346936420022698,0.0,-1.0,0.0,0.0,0.0,0.0,0.0,Utilities—Regulated Gas,Utilities,ATO
2008Q3,2008,Q3,2008-08-06,2008-06-30,0.0,1639145000.0,0.0,0.0,246222000.0,0.15021367847261835,6384790000.0,0.0,0.0,0.0,4279383000.0,571532000.0,371486000.0,2471595360.0,4705640360.0,0.0,0.0,0.0,0.0,0.0,0.0,0.0,1.507856449551443,0.0,0.0,0.0,2.4371741214840115,0.011891105022951654,0.2567265329008472,0.0,0.0,0.0,0.15021367847261835,-1.0,0.0,0.0,-1.0,0.0,0.0,-1.0,0.0,0.6011202890489432,0.0,Utilities—Regulated Gas,Utilities,ATO
2008Q2,2008,Q2,2008-05-06,2008-03-31,0.0,2483985000.0,211143000.0,1.24,0.0,0.0,0.0,0.0,0.0,0.0,0.0,421980000.0,407464000.0,2277507000.0,2277507000.0,0.0,0.0,0.0,0.0,0.0,0.0,0.0,0.9168763096395509,0.0,0.0,0.0,0.0,0.0,0.0,0.0,0.0,0.0,0.0,0.5121951219512196,0.0,0.0,0.0,-1.0,0.0,0.0,0.0,0.3083275132804265,0.0,Utilities—Regulated Gas,Utilities,ATO
2008Q1,2008,Q1,2008-02-06,2007-12-31,0.0,1657510000.0,0.0,0.82,369638000.0,0.22300800598488094,6399763000.0,0.0,0.0,0.0,4367280000.0,564426000.0,0.0,2495728240.0,2495728240.0,0.0,0.0,0.0,0.0,0.0,0.0,0.0,1.5057093109543833,0.0,0.0,0.0,0.0,0.011691176760495366,0.2589955284281621,0.0,0.0,0.0,0.22300800598488094,13.424242424242422,0.0,0.0,0.0,0.0,0.0,0.0,0.0,0.0,0.0,Utilities—Regulated Gas,Utilities,ATO
2007Q4,2007,Q4,2007-11-29,2007-09-30,0.0,0.0,0.0,-0.066,0.0,0.0,5896917000.0,0.0,0.0,0.0,3931163000.0,0.0,281127000.0,2574053520.0,4854798520.0,0.0,0.0,0.0,0.0,0.0,0.0,0.0,0.0,0.0,0.0,0.0,0.0,0.011089901502902707,0.0,0.0,0.0,0.0,0.0,0.5599999999999999,0.0,0.0,-1.0,-1.0,0.0,0.0,0.0,-1.0,0.0,Utilities—Regulated Gas,Utilities,ATO
2007Q3,2007,Q3,2007-08-08,2007-06-30,0.0,0.0,0.0,-0.15,228016000.0,0.0,6055809000.0,0.0,0.0,0.0,4067667000.0,0.0,315587000.0,2656281960.0,2292322960.0,0.0,0.0,0.0,0.0,0.0,0.0,0.0,0.0,0.0,0.0,0.0,0.0,0.010721000416687693,0.0,0.0,0.0,0.0,0.0,0.0,0.0,0.0,-1.0,0.0,0.0,-1.0,0.0,0.0,0.0,Utilities—Regulated Gas,Utilities,ATO
2007Q2,2007,Q2,2007-05-03,2007-03-31,0.0,0.0,209012000.0,0.0,0.0,0.0,6109098000.0,2021953000.0,0.0,0.0,0.0,0.0,0.0,2755079840.0,4936642840.0,22.956390926224483,0.0,0.04963613286282197,0.14996985587696648,,22.956390926224483,0.0,0.0,0.0,1.3625835219710845,0.0,0.0,0.010300608928995683,0.0,0.0,0.0,10.549717559122657,0.0,0.0,0.0,-1.0,0.49336130004684375,0.0,0.0,0.0,0.0,-1.0,0.0,Utilities—Regulated Gas,Utilities,ATO
2007Q1,2007,Q1,2007-02-07,2006-12-31,0.0,0.0,0.0,0.0,0.0,0.0,6216395000.0,0.0,0.0,0.0,4295938000.0,0.0,279299000.0,,,,,,,,,,,,,,,,,,,,,,,,,,,,,,,Utilities—Regulated Gas,Utilities,ATO
