Quarters,Year,Quarter,FillingDate,Date,NetIncome,Revenue,OperatingIncome,EPSDiluted,GrossProfit,GrossProfitRatio,TotalAssets,CommonStockEquity,CurrentAssets,CurrentLiability,TotalLiability,Inventory,RetainedEarnings,MarketCap,EnterpriseValue,bookValuePerShare,currentRatio,debtToAssets,debtToEquity,roic,shareholdersEquityPerShare,roe,priceToSalesRatio,peRatio,pbRatio,payoutRatio,inventoryTurnover,dividendYield,assetTurnover,quickRatio,returnOnAssets,priceToFreeCashFlowsRatio,grossProfitMargin,epsdilutedGrowth,fiveYNetIncomeGrowthPerShare,fiveYRevenueGrowthPerShare,fiveYShareholdersEquityGrowthPerShare,grossProfitGrowth,netIncomeGrowth,operatingIncomeGrowth,threeYNetIncomeGrowthPerShare,threeYRevenueGrowthPerShare,threeYShareholdersEquityGrowthPerShare,Industry,Sector,Symbol
2023Q2,2023,Q2,2023-04-27,2023-03-31,34707000.0,543908000.0,38792000.0,1.13,102896000.0,0.1891790523,2268096000.0,998985000.0,2049874000.0,201652000.0,1269111000.0,1741956000.0,138437000.0,482656720.0,1243721720.0,32.867835757057314,10.16540376490191,0.44173350687096136,1.0029119556349695,0.016767261387200482,32.867835757057314,0.03474226339734831,0.8873866903961699,3.4766525484772526,0.48314711432103585,0.0,0.2531705737687978,0.0,0.23980819154039335,1.3369418602344634,0.01530226233810209,3.941052184634479,0.18917905233973392,0.4124999999999998,2.175355827177983,0.26357840970717433,0.8632020989474184,0.19970152038056152,0.42645185154740867,0.3610272963300821,2.2133370094429323,0.09211464030263165,0.7931119532546966,Residential Construction,Consumer Cyclical,BZH
2023Q1,2023,Q1,2023-02-02,2022-12-31,24331000.0,444928000.0,28502000.0,0.8,85768000.0,0.1927682681,2186385000.0,962600000.0,1970331000.0,173492000.0,1223785000.0,1779223000.0,103730000.0,385594440.0,1259365440.0,31.85413150666799,11.356898300786204,0.4548681956745953,1.033157074589653,0.012380330412938262,31.85413150666799,0.02527633492624143,0.8666445806962025,3.9619666269368294,0.4005759817161853,0.0,0.20186339767415326,0.0,0.20349938368585588,0.8946176192562193,0.011128415169332025,-4.283192890863649,0.19276826812428077,-0.7163120567375886,1.1970970381851256,0.26704482042625416,0.8471767036968391,-0.5435250037255445,-0.7197631963880539,-0.740187052195949,7.721835890545751,0.04825182894659347,0.7570334442170041,Residential Construction,Consumer Cyclical,BZH
2022Q4,2022,Q4,2022-11-10,2022-09-30,86823000.0,827667000.0,109702000.0,2.82,187892000.0,0.2270140044,2251963000.0,939286000.0,2035189000.0,143641000.0,1312677000.0,1737865000.0,79399000.0,292913970.0,1072967970.0,31.00874847314384,14.168580001531597,0.441680436135052,1.058940514390718,0.04435108308653731,31.00874847314384,0.09243510496270571,0.35390316395361904,0.843422739366297,0.31184747776502575,0.0,0.3681384917700742,0.0,0.36753134931612996,1.8106947180818846,0.038554363459790415,1.2117803509817062,0.22701400442448472,0.6022727272727272,1.7232120317392676,0.29818383279235017,0.4528364745330008,0.41842750915336124,0.5982438701126573,0.6315233718526451,33.864035610445285,0.03272658152592577,0.7005042628714305,Residential Construction,Consumer Cyclical,BZH
2022Q3,2022,Q3,2022-07-28,2022-06-30,54324000.0,526666000.0,67239000.0,1.76,132465000.0,0.2515161412,2218400000.0,856127000.0,1975718000.0,226789000.0,1362273000.0,1858851000.0,-7424000.0,368279840.0,1387473840.0,28.058698217094914,8.711701184801733,0.4783776595744681,1.2395742687708715,0.028054961052220953,28.058698217094914,0.06345320262063922,0.6992664041346888,1.694830277593697,0.4301696360469884,0.0,0.21206702419935755,0.0,0.23740804183195097,0.34394084369171346,0.024487919221060223,-3.3067839922421456,0.25151614115967236,0.2137931034482759,6.99124307315291,0.15307889241319117,0.38448720668386194,0.10617954070981211,0.2159004431711357,0.23123546538243211,3.6420902829711204,0.08162943877141222,0.5899557562006332,Residential Construction,Consumer Cyclical,BZH
2022Q2,2022,Q2,2022-04-28,2022-03-31,44678000.0,508506000.0,54611000.0,1.45,119750000.0,0.2354937798,2160004000.0,802357000.0,1908375000.0,229529000.0,1357647000.0,1676972000.0,-61748000.0,465640680.0,1364542680.0,26.22595933843237,8.314308867289101,0.49203936659376557,1.3246061291918685,0.02372884320036805,26.22595933843237,0.055683442657071605,0.9157034135290439,2.6055367294865484,0.5803410202690324,0.0,0.23182020928196773,0.0,0.23541900848331762,0.8628974987910024,0.02068422095514638,28.416982790186744,0.23549377981774058,0.2719298245614036,7.195883688328322,0.24888361872863277,0.31408900334211737,0.22946611909650924,0.2803553517695945,0.32076521234400696,1.4446991156664928,0.21184193196892104,0.5222374321480765,Residential Construction,Consumer Cyclical,BZH
2022Q1,2022,Q1,2022-01-27,2021-12-31,34895000.0,454149000.0,41348000.0,1.14,97400000.0,0.2144670582,2060191000.0,755259000.0,1799104000.0,182710000.0,1304932000.0,1581801000.0,-106420000.0,704401920.0,1615490920.0,24.896459651898734,9.846773575611625,0.5187819964265449,1.4151304386971886,0.018981742050554053,24.896459651898734,0.04620269338068133,1.551037038504984,5.046582031809715,0.9326627289446401,0.0,0.22553342677112986,0.0,0.220440240734961,1.029538613102731,0.016937749946485545,-8.727458710708577,0.21446705816813424,-0.27388535031847144,26.6724922297836,0.4074309098370155,0.23445169946473343,-0.15680486179044784,-0.27844750935671303,-0.11781523362492,4.003442116692263,0.1841631962493656,0.24660855599594964,Residential Construction,Consumer Cyclical,BZH
2021Q4,2021,Q4,2021-11-10,2021-09-30,48361000.0,590943000.0,46870000.0,1.57,115513000.0,0.19547232135755901,2078810000.0,724884000.0,1811359000.0,206008000.0,1353926000.0,1501602000.0,-141305000.0,518690250.0,1340159250.0,24.107353087897835,8.792663391712944,0.5138439780451316,1.4735930162619122,0.026531193277316296,24.107353087897835,0.06671550206653755,0.8777331316218315,2.6813457641487974,0.7155493154766832,0.0,0.3166151883122159,0.0,0.2842698466911358,1.3704759038483942,0.02326379034158966,-10.12829512614231,0.19547232135755901,0.28688524590163944,60.91327258001366,-0.010920923851282585,0.1930055919242716,-8.656284895648485e-05,0.3023024101252188,-0.03743864621198119,-0.1449198065745159,-0.1754148575556753,0.20610319729631862,Residential Construction,Consumer Cyclical,BZH
2021Q3,2021,Q3,2021-07-29,2021-06-30,37135000.0,570932000.0,48693000.0,1.22,115523000.0,0.20234108440234563,2092629000.0,673605000.0,1823625000.0,216689000.0,1419024000.0,1408071000.0,-189666000.0,579124380.0,1345656380.0,22.437046166144828,8.415863287938013,0.5375372318743552,1.6699193147319276,0.02080240788677084,22.437046166144828,0.05512874755977168,1.0143491343977917,3.898777299044028,0.8597388380430667,0.0,0.3234275828420584,0.0,0.272830014302583,1.8038017619722275,0.017745620461151978,23.543555573623873,0.20234108440234563,0.5061728395061728,5.805661522147681,0.31537941786281615,0.11290374083776983,0.1796969139962829,0.5139840182648402,0.44842048902373727,1.9654312991215397,0.1951481594176078,0.23790041842606122,Residential Construction,Consumer Cyclical,BZH
2021Q2,2021,Q2,2021-04-29,2021-03-31,24528000.0,549889000.0,33618000.0,0.81,97926000.0,0.17808321315756453,2055571000.0,633767000.0,1783672000.0,206373000.0,1421804000.0,1383616000.0,-226801000.0,626616760.0,1408687760.0,21.15871532066905,8.642952324189695,0.5534248148081482,1.7949877478631737,0.01434023634693676,21.15871532066905,0.03870192042185851,1.1395331785142093,6.386749429223745,0.9887178726566703,0.0,0.3266534934548314,0.0,0.2675115576158644,1.8505036996118678,0.01193245088590956,5.171982898081811,0.17808321315756453,2030.3128282070518,22.10780211526421,0.5143496419629534,0.062290730547517985,0.3005989932663063,2043.5111277819456,0.9006105834464043,1.2771151530141065,0.2962814755286214,0.19943896178307557,Residential Construction,Consumer Cyclical,BZH
2021Q1,2021,Q1,2021-01-28,2020-12-31,11997.0,428539000.0,17688000.0,0.00039875689689556606,75293000.0,0.1756969610700543,1710704000.0,606062000.0,1677217000.0,1252588000.0,1378412000.0,1413990000.0,0.0,451030650.0,1338127650.0,20.357461959625137,1.3390013316429663,0.0,0.0,0.021191724633074078,20.357461959625137,1.9795004471489716e-05,1.0524844879929247,9398.821580395099,0.7441988608426201,0.0,0.2498221345271183,0.0,0.2505044706740617,0.21014651266018836,7.012902290518991e-06,-6.047770790313497,0.1756969610700543,-0.9995015622992897,-0.9871898794431125,0.32712389850017626,0.021351359451947636,-0.35426243567753,-0.9994933271391164,-0.5029505985499916,1.0000986459964671,0.23873742344822008,0.18050085497834364,Residential Construction,Consumer Cyclical,BZH
2020Q4,2020,Q4,2020-11-12,2020-09-30,23678000.0,686748000.0,35586000.0,0.8000135148832652,116600000.0,0.16978571470175377,2007480000.0,593171000.0,1722335000.0,193616000.0,1414309000.0,1350738000.0,-263326000.0,390680400.0,2324589400.0,20.04159205324864,8.895623295595405,0.5632937812580947,1.9063659551798722,0.014969277097848737,20.04159205324864,0.03991766286618867,0.5688846563805063,4.124930315060393,0.6586303106524088,0.0,0.42210110324874256,0.0,0.3420945663219559,1.8426266424262459,0.01179488712216311,1.7210059601686292,0.16978571470175377,0.5686539507515004,-0.9302622567972385,0.1386207327254262,-0.012739634794992518,0.3092591344966202,0.5589939425862523,0.5371258260982247,-0.23992297721288633,0.10241186373778037,-0.061001898612959446,Residential Construction,Consumer Cyclical,BZH
2020Q3,2020,Q3,2020-07-30,2020-06-30,15188000.0,533112000.0,23151000.0,0.51,89058000.0,0.1670530770269662,2002163000.0,564316000.0,1703982000.0,217795000.0,1437847000.0,1511560000.0,-287004000.0,298041790.0,1341792790.0,19.06666216170558,7.82378842489497,0.5892252528890005,2.0905396976162294,0.00991670713966754,19.06666216170558,0.026913998539825203,0.5590603663020154,4.905876185146168,0.5281469779343488,0.0,0.29377199714202545,0.0,0.266268031124339,0.8234165155306595,0.007585795961667457,2.898196077287358,0.1670530770269662,0.45714285714285724,0.11618121016344199,0.11076215784780435,0.8521820452891941,0.12953262730674106,0.43094026757113246,0.4095835362883585,1.3032770067575035,0.20327579706256207,-0.05920261756969923,Residential Construction,Consumer Cyclical,BZH
2020Q2,2020,Q2,2020-04-30,2020-03-31,10614000.0,489413000.0,16424000.0,0.35,78845000.0,0.16110115587448637,2238995000.0,547482000.0,1937645000.0,220786000.0,1691513000.0,1595300000.0,-302192000.0,192349920.0,1344023920.0,18.33005222981117,8.776122580236066,0.638139879722822,2.6097515534757307,0.005915324540563162,18.33005222981117,0.01938693874867119,0.39302168107508384,4.530570944036179,0.3513356055541552,0.0,0.25736099793142353,0.0,0.21858601738726527,1.4677696955422899,0.004740519742116441,5.377258673226915,0.16110115587448637,2.8888888888888893,5.714442947767774,0.44942257013986914,0.8754869863656376,0.2487923087888243,2.8652585579024037,3.1621895590471363,2.507713194858972,0.23120822541807184,-0.08154665554662185,Residential Construction,Consumer Cyclical,BZH
2020Q1,2020,Q1,2020-01-30,2019-12-31,2746000.0,417804000.0,3946000.0,0.09,63137000.0,0.15111631291227465,1968104000.0,539280000.0,1658367000.0,180578000.0,1428824000.0,1574280000.0,-312806000.0,420310980.0,1602253980.0,18.1294964028777,9.183660246541661,0.6138202046233329,2.2401387034564606,0.002421048266883289,18.1294964028777,0.005091974484497849,1.0060003733808198,38.26574836125273,0.7793928571428571,0.0,0.22528838580176336,0.0,0.2122875620394044,0.36177164438635934,0.0013952514704507486,-4.822181455221312,0.15111631291227465,0.12499999999999993,1.1093274926156347,0.3982617115029311,0.8579643877089217,-0.4571055143296904,0.13050638122684233,-0.8904041105402027,3.0603220163514586,0.32047765974528347,-0.101077504276182,Residential Construction,Consumer Cyclical,BZH
2019Q4,2019,Q4,2019-11-13,2019-09-30,2429000.0,781701000.0,36005000.0,0.08,116297000.0,0.1487742755861896,1957644000.0,538754000.0,1658372000.0,209151000.0,1418890000.0,1504248000.0,-315552000.0,440220500.0,1511788500.0,18.235031308173973,7.9290656033200895,0.6019015714808208,2.187100234986654,0.005434677715552287,18.235031308173973,0.004508551212612806,0.563157140645848,45.308820502264304,0.817108550470159,0.0,0.442349931660205,0.0,0.3993070241576099,0.6601498438926899,0.0012407771790989577,2.170188169525115,0.1487742755861896,-0.7894736842105263,-0.9636992054113236,0.2807211958435827,0.7263691425078184,0.6205479070285937,-0.7906395449060507,2.7729225610395054,4.06259997947005,0.3315610415945724,-0.09759921629526724,Residential Construction,Consumer Cyclical,BZH
2019Q3,2019,Q3,2019-08-01,2019-06-30,11602000.0,482738000.0,9543000.0,0.38,71764000.0,0.1486603499206609,2120279000.0,533836000.0,1807795000.0,239182000.0,1586443000.0,1702724000.0,-317981000.0,294635000.0,1542511000.0,17.647471074380164,7.558240168574558,0.6208461244958801,2.465864048134633,0.006348286850324458,17.647471074380164,0.021733266396421373,0.6103414274409721,6.34879762109981,0.5519204399853139,0.0,0.24136266359081096,0.0,0.22767664066851578,0.3711734160597369,0.005471921383931077,-18.38251809333666,0.1486603499206609,1.1158536585365852,1.820189081276694,0.18880241712078122,1.1290294345565968,1.8679729075955491,1.1150284547203109,1.068679381072328,1.1102505410064292,0.10380507154258649,-0.12466478744253576,Residential Construction,Consumer Cyclical,BZH
2019Q2,2019,Q2,2019-05-02,2019-03-31,-100862000.0,421260000.0,-138950000.0,-3.28,-82680000.0,-0.19626833784361203,2055341000.0,529158000.0,1751523000.0,192700000.0,1526183000.0,1634399000.0,-329583000.0,360889500.0,1576208500.0,17.22856026567689,9.089377270368448,0.6333547571911425,2.460059188370959,-0.05505597820845123,17.22856026567689,-0.19060847610732523,0.8566906423586383,-0.8945130475302889,0.682007075391471,0.0,0.3083335219857575,0.0,0.20495869055305177,0.5445096004151531,-0.049073122172914374,-10.773464087408204,-0.19626833784361203,-15.260869565217389,-9.431387720710275,0.28611559249847834,0.8900820021271367,-2.3631192811804467,-14.795923950212009,-40.63205932686822,-83.64716136291223,0.1313716633131413,-0.1350259411529748,Residential Construction,Consumer Cyclical,BZH
2019Q1,2019,Q1,2019-02-04,2018-12-31,7311000.0,402040000.0,3506000.0,0.23,60655000.0,0.15086807282857428,2103390000.0,635109000.0,1838505000.0,175415000.0,1468281000.0,1722120000.0,-228721000.0,301473480.0,1472858480.0,19.97135310210371,10.480888179460138,0.5970286062023685,1.9772731924756224,0.00399296740621868,19.97135310210371,0.011511409852482016,0.7498594169734355,10.308900287238409,0.4746799053390835,0.0,0.19823531461222216,0.0,0.19113906598395922,0.5914431491035544,0.0034758176087173564,-4.938625909180264,0.15086807282857428,-0.875,2.119020992127608,0.07846309222515757,1.1198922351130338,-0.5180947840940691,-0.879366388911806,-0.9193318301044591,6.308192661703559,0.16558252667762352,0.001979946291109258,Residential Construction,Consumer Cyclical,BZH
2018Q4,2018,Q4,2018-11-13,2018-09-30,60605000.0,767945000.0,43462000.0,1.84,125865000.0,0.16389845626965474,2128102000.0,644027000.0,1870179000.0,216941000.0,1484075000.0,1692284000.0,-236032000.0,342509230.0,1433958230.0,19.987802985630488,8.62068027712604,0.5785690723470961,1.911804939855006,0.03371153164596987,19.987802985630488,0.09410319753674924,0.4460075005371478,1.4128752990677338,0.5318243334518584,0.0,0.3794162209180019,0.0,0.36085911295605194,0.7580494235759954,0.028478428195641,2.132180617288562,0.16389845626965474,3.487804878048781,2.917998134057572,0.3532434748535983,1.0679960120821934,0.512000864927202,3.5197255574614066,1.472241183162685,-0.8360392085931362,0.16955453919509655,-0.015389315239522118,Residential Construction,Consumer Cyclical,BZH
2018Q3,2018,Q3,2018-07-26,2018-06-30,13409000.0,511521000.0,17580000.0,0.41,83244000.0,0.16273818670201223,2177027000.0,582667000.0,1944572000.0,236663000.0,1594360000.0,1767983000.0,-296637000.0,474168250.0,1664373250.0,18.125081656142097,8.2166287083321,0.6093185798798085,2.276605676999041,0.006987443227124781,18.125081656142097,0.023013144729322237,0.9269770938045554,8.840484935491087,0.8137894371913975,0.0,0.24224045140705538,0.0,0.23496309416465666,0.6947516088277425,0.006159317270755025,-20.62228721784891,0.16273818670201223,0.17142857142857143,2.785062492275625,0.2534661719465873,0.9692361488101888,0.10878165083847251,0.160148814673819,0.27160940325497285,-0.09272749048279179,-0.018764329841202604,0.7607146194855473,Residential Construction,Consumer Cyclical,BZH
2018Q2,2018,Q2,2018-05-02,2018-03-31,11558000.0,455178000.0,13825000.0,0.35,75077000.0,0.164939869677357,2107503000.0,566966000.0,1879226000.0,189280000.0,1540537000.0,1677361000.0,-310046000.0,512633000.0,1679303000.0,17.64051026757934,9.928286136939983,0.6289229481523869,2.337806852615501,0.006719995038493881,17.64051026757934,0.020385702140869117,1.1262253448101622,11.088272192420833,0.9041688566862915,0.0,0.22660655637039373,0.0,0.21597976372987368,0.9989539306847,0.005484215206336599,-27.783480570158797,0.164939869677357,1.0857843137254901,1.4514220055586746,0.21276903725152235,0.8646901401035056,0.23423038353416956,1.0882647177865854,1.0693010028438856,5.7708335151946715,0.25274031011787673,0.804934706399104,Residential Construction,Consumer Cyclical,BZH
2018Q1,2018,Q1,2018-02-06,2017-12-31,-130947000.0,372489000.0,6681000.0,-4.08,60829000.0,0.16330415126352724,2077982000.0,552781000.0,1848507000.0,173482000.0,1525201000.0,1626721000.0,-321604000.0,615776550.0,1762473550.0,17.244766807050382,10.655324471703116,0.6374015751820757,2.396082716301754,0.02068170767324613,17.244766807050382,-0.23688766437341371,1.6531402269597224,-1.1756217210016267,1.1139611346989133,0.0,0.19158786294638108,0.0,0.17925516197926641,1.208793995918885,-0.0630164265138004,-5.8132710571531065,0.16330415126352724,-4.961165048543689,-3.8677041437295685,0.1433839461015504,0.7267725048553151,-0.46339978828510936,-4.890978784096987,-0.8231744435328058,-3.8379034900707114,0.156810219180602,0.7672946831969784,Residential Construction,Consumer Cyclical,BZH
2017Q4,2017,Q4,2017-11-14,2017-09-30,33654000.0,672981000.0,37783000.0,1.03,113360000.0,0.1684445771871717,2220995000.0,682440000.0,1883827000.0,185766000.0,1538555000.0,1542807000.0,-190657000.0,599192760.0,1634457760.0,21.343591668230438,10.140860006675064,0.5976654607506996,1.9450970048648966,0.016822693270536124,21.343591668230438,0.04931422542641111,0.89035613189674,4.451125869138884,0.8780152980481799,0.0,0.3627291035106789,0.0,0.30300878660240116,1.7686659560953026,0.015152668060936653,4.5380326875596415,0.1684445771871717,3.681818181818182,1.3148109055523653,0.12407988851070477,0.6122836522348968,0.44512576010606425,3.7246946511301418,1.426809685914317,-0.5352575633198993,0.01883476674208415,1.0206665633638436,Residential Construction,Consumer Cyclical,BZH
2017Q3,2017,Q3,2017-08-01,2017-06-30,7123000.0,478588000.0,15569000.0,0.22,78443000.0,0.16390507074978897,2221625000.0,647940000.0,1877165000.0,213587000.0,1573685000.0,1655853000.0,-224311000.0,438642120.0,1604884120.0,20.26649150792906,8.788760551906249,0.6007417993585776,2.059794116739204,0.004345519658318398,20.26649150792906,0.01099330184893663,0.916533887184802,15.395273059104312,0.6769795351421428,0.0,0.24165490535693687,0.0,0.2154224947954763,0.9765435162252384,0.0032062116693861477,15.037439835447378,0.16390507074978897,1.9565217391304348,1.1106604652538372,0.16495306443993396,1.2419611714202135,0.16387726638772665,1.9453218314532184,1.072826521102383,1.4764454953428618,0.11513938872769092,1.4449937769391001,Residential Construction,Consumer Cyclical,BZH
2017Q2,2017,Q2,2017-05-04,2017-03-31,-7535000.0,425468000.0,7511000.0,-0.23,67398000.0,0.15840909304577547,2175201000.0,638022000.0,1828646000.0,175305000.0,1537179000.0,1631072000.0,-231435000.0,387783970.0,1583336970.0,19.957521348806658,10.431225578277859,0.6134430795131116,2.091404371636088,0.002386618827790436,19.957521348806658,-0.011809937588359022,0.9114292261697707,-12.866090577305908,0.6077909068966274,0.0,0.21953046830550704,0.0,0.19559939518233027,1.043198996035481,-0.003464047690305402,-32.23206466627878,0.15840909304577547,-4.75,0.9073059334794215,0.09103243259975943,0.43586746518488173,0.2559491642286119,-4.272918124562631,4.890980392156862,0.2513047164986809,0.24796961140008966,1.189466288927047,Residential Construction,Consumer Cyclical,BZH
2017Q1,2017,Q1,2017-02-09,2016-12-31,-1429000.0,339241000.0,1275000.0,-0.04,53663000.0,0.15818547875993763,2188143000.0,643219000.0,1845215000.0,182824000.0,1544924000.0,1618544000.0,-223899000.0,424176900.0,1602036900.0,20.168030602326528,10.092848860105894,0.6107841215130821,2.0778039827803596,0.00022447944734843084,20.168030602326528,-0.002221638353344662,1.2503703856550359,-74.20869489153255,0.6594595308907232,0.0,0.1764412953864708,0.0,0.15503602826689114,1.1525182689362448,-0.0006530651790125234,-6.45548335058136,0.15818547875993763,-0.4900702576112412,-1.8993348318317587,-0.1632031656828931,0.4929030802229202,-0.47597797004081793,-0.6733021077283372,-0.9586549062844543,0.7819083277400517,-0.09261883237010476,1.1407688929645179,Residential Construction,Consumer Cyclical,BZH
2016Q4,2016,Q4,2016-11-15,2016-09-30,-854000.0,632121000.0,30838000.0,-0.02684437179769277,102406000.0,0.16200379357749545,2213158000.0,642853000.0,1866073000.0,209337000.0,1570305000.0,1569279000.0,-222470000.0,370939580.0,1473946580.0,20.207242322321065,8.91420532442903,0.6017997811272399,2.0718235739741435,-0.0009031860438451897,20.207242322321065,-0.001328453005586036,0.5868173656625868,-108.5888700234192,0.5770208430232106,0.0,0.337553105598176,0.0,0.28561946322856296,1.3489684097890005,-0.0003858739412188375,1.938104214887692,0.16200379357749545,-1.149135398876071,0.9906738563793452,-0.11005876444498128,0.5279193206715191,0.3187642460690508,-1.1476997578692494,0.8908578085719542,-1.0559175364329576,0.12818528910647636,1.090699841687494,Residential Construction,Consumer Cyclical,BZH
2016Q3,2016,Q3,2016-07-28,2016-06-30,5782000.0,459937000.0,16309000.0,0.18,77653000.0,0.168833992481579,2318627000.0,641376000.0,1944031000.0,214969000.0,1677251000.0,1731850000.0,-221616000.0,246550750.0,1548824750.0,20.16081476126112,9.043308570072893,0.6165213292176792,2.228775320560794,0.004198283073358048,20.16081476126112,0.009014992765554059,0.5360533073007825,10.66027109996541,0.38440906738013275,0.0,0.22073736178075468,0.0,0.19836610200778304,0.8993622336243831,0.0024937171869386494,9.739314635591546,0.168833992481579,5.5,1.045487817488251,0.23775066667496014,0.23774928439522344,0.3036463754490817,5.685575364667748,4.382508250825082,1.7778053857447147,0.13889404680531225,1.1904124886459602,Residential Construction,Consumer Cyclical,BZH
2016Q2,2016,Q2,2016-04-28,2016-03-31,-1234000.0,385607000.0,3030000.0,-0.04,59566000.0,0.1544733368429515,2333741000.0,633552000.0,1958688000.0,207605000.0,1700189000.0,1750652000.0,-227398000.0,277365760.0,1602037760.0,19.91800804828974,9.43468606247441,0.6254357274436195,2.3038440412152434,0.0003645330722995718,19.91800804828974,-0.001947748566810617,0.7192964858003097,-56.192414910859,0.4377947824330126,0.0,0.18623975524547426,0.0,0.16523127459302467,0.9188458852147107,-0.0005287647600997711,18.984651608487336,0.1544733368429515,-2.3333333333333335,0.9893288645462207,0.40584954585674254,-0.004678507691954952,0.0344552116981001,-2.235235235235235,-0.6687800612155662,0.9513004772525171,0.03812883994612399,1.105433043306444,Residential Construction,Consumer Cyclical,BZH
2016Q1,2016,Q1,2016-02-04,2015-12-31,999000.0,344449000.0,9148000.0,0.03,57582000.0,0.1671713374113439,2338696000.0,632977000.0,1964993000.0,169402000.0,1705719000.0,1729937000.0,-226164000.0,364887930.0,1722062930.0,19.931889032339328,11.599585601114509,0.642262183712633,2.3730024945614137,0.002830506246237994,19.931889032339328,0.0015782563979417894,1.0593380442387696,91.31329579579581,0.5764631732274632,0.0,0.16582511386252793,0.0,0.14728250272801596,1.155269713462651,0.0004271611188457157,-4.532093725158982,0.1671713374113439,-0.9973238180196254,1.0095231392054946,0.4529779034644286,-0.15770826778293323,-0.46287952987267383,-0.9971958288304725,-0.7523886858844228,1.0374843877255593,0.06723455512070632,0.9958424683828899,Residential Construction,Consumer Cyclical,BZH
2015Q4,2015,Q4,2015-11-10,2015-09-30,356255000.0,632852000.0,36945000.0,11.21,107205000.0,0.1693997964769014,2421203000.0,630423000.0,2040872000.0,226290000.0,1790780000.0,1697590000.0,-227163000.0,413963150.0,1690655150.0,20.300209306069878,9.01883423925052,0.6312048184311683,2.4242056523952966,0.19776066407374585,20.300209306069878,0.5651046995430052,0.6541231599173266,0.2904963789981895,0.6566434758884114,0.0,0.3096430822518983,0.0,0.2613791573858119,1.345092580317292,0.14713966569511105,2.7077121066436427,0.1693997964769014,28.5,3.6327391594809804,0.10073952265123337,-0.3015845854341171,0.40859042413412516,28.261190965092403,1.087759945750452,4.431148254073152,0.08833342768761114,0.5334670991593584,Residential Construction,Consumer Cyclical,BZH
2015Q3,2015,Q3,2015-08-04,2015-06-30,12175000.0,429438000.0,17696000.0,0.38,76108000.0,0.17722698037900697,2090172000.0,272610000.0,2033797000.0,229358000.0,1817562000.0,1822090000.0,-583418000.0,528315900.0,1953770900.0,10.29416207235103,8.867347116734537,0.7435785188970094,5.7012105205238255,0.009794995017132246,10.29416207235103,0.04466087084112835,1.2302495354393417,10.848375770020533,1.9379916364036536,0.0,0.19391468039449203,0.0,0.20545581894695747,0.7581858927964144,0.0058248794836023065,-13.374408890689079,0.17722698037900697,5.75,1.2258072033430296,-0.34828285529586,-0.6907207948601266,0.4116817836143416,7.099699398797595,1.7495338719701679,1.2283515461964538,0.26198017933061746,0.1387817989851957,Residential Construction,Consumer Cyclical,BZH
2015Q2,2015,Q2,2015-04-30,2015-03-31,-1996000.0,299359000.0,6436000.0,-0.08,53913000.0,0.180094802561473,2032253000.0,258802000.0,1982392000.0,203206000.0,1773451000.0,1757036000.0,-595593000.0,469225599.99999994,1858136600.0,9.773489425981873,9.75557808332431,0.7554039777527699,5.931839784854831,0.003780248498128504,9.773489425981873,-0.007712459718240199,1.567434418206902,-58.77074148296593,1.8130679051939318,0.0,0.1396932106115071,0.0,0.14730400201156058,0.8965630936094406,-0.0009821611777667445,-13.434081539166284,0.180094802561473,0.9047619047619048,-1.1659332541835885,-0.3347170616395144,-0.6772326655094495,0.5308365040604236,0.9106535362578335,1.6781875658587988,0.9703557623399846,-0.07322534305155416,-0.2968347500259618,Residential Construction,Consumer Cyclical,BZH
2015Q1,2015,Q1,2015-01-30,2014-12-31,-22340000.0,265764000.0,-9490000.0,-0.84,35218000.0,0.1325160668864105,1989386000.0,258160000.0,1912745000.0,193387000.0,1731226000.0,1677611000.0,-593597000.0,512207520.0,1910118520.0,9.757720074082474,9.890763081282609,0.7723945981322881,5.952087852494577,-0.005091698726513914,9.757720074082474,-0.08653548187170747,1.9273021176683072,-5.731955237242614,1.9840700340873874,0.0,0.1374251837881368,0.0,0.13359096726326616,0.8844544876336051,-0.011229595463122792,-2.9191268963787858,0.1325160668864105,-1.4468085106382977,-1.1366073961379783,-0.6434636389881349,-0.6936364135896719,-0.5989432088642912,-1.3732852106204154,-1.4046563192904655,-17.948338517275435,-0.20975342715089515,-0.2777018915832912,Residential Construction,Consumer Cyclical,BZH
2014Q4,2014,Q4,2014-11-13,2014-09-30,59847000.0,545905000.0,23452000.0,1.88,87813000.0,0.1608576583837847,2066220000.0,279118000.0,1979066000.0,198789000.0,1787102000.0,1557496000.0,-571257000.0,443411500.00000006,1654690500.0,10.562649006622516,9.955611225973268,0.7431120597032261,5.501017490810338,0.03843281019374641,10.562649006622516,0.214414691994067,0.8122502999606159,1.8522712082476982,1.5886166424236345,0.0,0.29412081957192826,0.0,0.2642046829476048,1.8040686355884883,0.028964485872753142,3.588778276880742,0.1608576583837847,4.999999999999999,-0.4796974781286055,-0.5543605754452209,-0.5828249383713943,0.2762775420033719,5.843949817887495,0.5543478260869565,1.7868215443984174,-0.0747314228737654,-0.2013321146318291,Residential Construction,Consumer Cyclical,BZH
2014Q3,2014,Q3,2014-07-31,2014-06-30,-12355000.0,354671000.0,15088000.0,-0.47,68804000.0,0.19399387037564392,1977394000.0,219003000.0,1886152000.0,177528000.0,1758391000.0,1587954000.0,-631104000.0,554312580.0,1885072580.0,8.288974679232428,10.624532468117705,0.7774080431112869,7.019273708579335,0.007575311337582275,8.288974679232428,-0.056414752309329096,1.5628923142856337,-11.216361392148928,2.531072999000014,0.0,0.1800222172682584,0.0,0.17936283815971932,1.3532231535307107,-0.0062481225289446616,-5.335880212544762,0.19399387037564392,-0.5161290322580644,0.8702410072935609,-0.5361326639847855,-0.5972806046057669,0.3187916890285977,-0.5499937272613223,1.686131386861314,0.8829651678435353,0.14925360472431665,-0.49110824145341775,Residential Construction,Consumer Cyclical,BZH
2014Q2,2014,Q2,2014-05-01,2014-03-31,-7971000.0,270021000.0,5617000.0,-0.31,52172000.0,0.1932146018272653,1951384000.0,230798000.0,1862469000.0,166666000.0,1720586000.0,1480360000.0,-618749000.0,508425599.99999994,1720678600.0,9.115244865718799,11.174858699434798,0.7747695994227687,6.550633021083372,0.0032014135932825665,9.115244865718799,-0.034536694425428296,1.8829113291188462,-15.946104629281143,2.2029029714295616,0.0,0.14715947472236482,0.0,0.13837409756357538,1.9880719522878092,-0.0040847931519372915,-6.55061006248792,0.1932146018272653,-0.4761904761904762,0.9788185120282268,-0.5621304062826615,-0.6201846225989834,-0.04569233583318091,-0.5513818606461658,-0.5129205688518904,0.9134073673737393,0.2366993669473368,-0.5445026881952937,Residential Construction,Consumer Cyclical,BZH
2014Q1,2014,Q1,2014-01-31,2013-12-31,-5138000.0,293170000.0,11532000.0,-0.21,54670000.0,0.18647883480574412,1932833000.0,235608000.0,1830589000.0,134857000.0,1697225000.0,1374987000.0,-610778000.0,610719780.0,1744414780.0,9.42092846575233,13.57429721853519,0.7844728437480113,6.435498794607993,0.006653488315010934,9.42092846575233,-0.021807408916505382,2.083159190913122,-29.7158320358116,2.592101201996537,0.0,0.17345618540393473,0.0,0.15167890862790526,3.013911031685415,-0.002658274149913624,-5.21634961307846,0.18647883480574412,-1.5526315789473684,0.9802459570238302,-0.6106027396920259,-0.756101527273058,-0.31701771481398194,-1.430030130565785,-0.4776937361293537,0.9378055134375523,0.5703510561799072,-0.6018856946455575,Residential Construction,Consumer Cyclical,BZH
2013Q4,2013,Q4,2013-11-08,2013-09-30,11948000.0,438334000.0,22079000.0,0.38,80046000.0,0.1826141709290176,1986789000.0,240550000.0,1883286000.0,185992000.0,1746239000.0,1304694000.0,-605640000.0,447984000.0,1455708000.0,9.665300546448087,10.12562905931438,0.7611190720302962,6.286356266888381,0.01609311696807938,9.665300546448087,0.049669507378923304,1.0220151756423184,9.373619015734851,1.8623321554770318,0.0,0.27461458395608473,0.0,0.22062433403849124,2.847509570304099,0.006013723651580515,23.136084284460054,0.1826141709290176,2.652173913043478,1.008103468014986,-0.802289621533607,-0.7937249617272337,0.4791832209184145,3.0642709053213544,1.6061142587346553,1.1101751408210345,-0.048674588785680685,-0.6674716606969668,Residential Construction,Consumer Cyclical,BZH
2013Q3,2013,Q3,2013-08-01,2013-06-30,-5788000.0,314439000.0,8472000.0,-0.23,54115000.0,0.1721001529708465,1942917000.0,227986000.0,1838617000.0,206371000.0,1714931000.0,1265112000.0,-617588000.0,438676700.0,1645986700.0,9.204117884537748,8.90927988913171,0.7749461248215955,6.604159904555543,0.0045274235181307345,9.204117884537748,-0.025387523795320766,1.3951090672594684,-18.94768054595715,1.924138762906494,0.0,0.20577150481538392,0.0,0.16183861688378864,1.5869090133788177,-0.0029790258667766046,-3.521782098730742,0.1721001529708465,0.7125,0.9835978897188964,-0.7851609121554358,-0.9159360736693537,0.23310926284607497,0.7052953156822811,26.241157556270096,0.885231654952918,-0.4898241982512835,-0.7234702306670213,Residential Construction,Consumer Cyclical,BZH
2013Q2,2013,Q2,2013-05-02,2013-03-31,-19640000.0,287902000.0,311000.0,-0.8,43885000.0,0.15243034087988275,1946710000.0,233234000.0,1843722000.0,203037000.0,1713476000.0,1143737000.0,-611800000.0,385588560.0,1467081560.0,9.46029041940456,9.080719277767107,0.7742051974870422,6.461978099247966,0.00017554524061174953,9.46029041940456,-0.0842072768121286,1.3393049023626096,-4.908204684317719,1.6532262020117134,0.0,0.2133506216901263,0.0,0.14789157090681201,2.232317262370898,-0.010088816516070704,42.748177383592015,0.15243034087988275,0.04761904761904753,0.9732846917167487,-0.7779313867470987,-0.9232598619789215,0.21619000110852454,0.03668824798901314,1.0863648986392669,-2.7536582634350233,-0.31279021073408364,-0.687575993681403,Residential Construction,Consumer Cyclical,BZH
2013Q1,2013,Q1,2013-01-28,2012-12-31,-20388000.0,246902000.0,-3601000.0,-0.84,36084000.0,0.14614705429684652,1921524000.0,242617000.0,1815839000.0,132179000.0,1678907000.0,1141691000.0,-592160000.0,410325660.0,1510580660.0,9.986704536099449,13.737726870380317,0.7790436132986109,6.17001694028036,-0.0020427655277401153,9.986704536099449,-0.08403368271802883,1.6618968659630136,-5.031460417892879,1.6912485934621233,0.0,0.18465416649513747,0.0,0.12849280050626483,3.1978831735752276,-0.010610328052108639,-4.598774558699916,0.14614705429684652,0.7487596817296515,0.9532065704480912,-0.8443101618396466,-0.934596958366352,-0.12836368906710469,0.6921776153880996,0.4468509984639017,-1.1357710696934489,-0.639276983611454,-0.6864469778933054,Residential Construction,Consumer Cyclical,BZH
2012Q4,2012,Q4,2012-11-13,2012-09-30,-66233000.0,370931000.0,-6510000.0,-3.343412417970722,41398000.0,0.11160566250866064,1982218000.0,262247000.0,1883578000.0,216986000.0,1719971000.0,1111552000.0,-571772000.0,349646500.0,1360049500.0,13.238112064613832,8.680642990792032,0.7558189866099491,5.712927125953777,-0.0034731478580298037,13.238112064613832,-0.2525596098334776,0.9426187080616072,-1.3197594099618015,1.3332716866160528,0.0,0.2964620638530631,0.0,0.18712926630673316,2.390780972044279,-0.03341358014103393,4.196379064101487,0.11160566250866064,-0.6606405308083197,0.8343327430133787,-0.8691643053354413,-0.9230768164474137,0.9498846027035938,-0.66064085848962,0.6922713306546916,-1.7681012873459416,-0.5960848122913275,-0.47715670444609815,Residential Construction,Consumer Cyclical,BZH
2012Q3,2012,Q3,2012-08-03,2012-06-30,-39884000.0,254555000.0,-21155000.0,-2.013327,21231000.0,0.0834043723360374,1826748000.0,179075000.0,1731701000.0,199237000.0,1647673000.0,1200895000.0,-505539000.0,321912500.0,1532703500.0,9.039626451287228,8.69166369700407,0.7896037110756382,8.054764763367304,-0.013096607012586511,9.039626451287228,-0.2227223230490018,1.2646088271689813,-2.0178047588005215,1.7976406533575318,0.0,0.19429175739760762,0.0,0.1393487224291473,1.300079804453992,-0.021833334428175095,-11.09469240048251,0.0834043723360374,0.21046,0.869587395362855,-0.8696316131395075,-0.9529586005516537,0.05156017830609212,0.0016020827075197757,-0.1956030292754606,0.4413263362538915,-0.5559677438305756,-0.560810228052329,Residential Construction,Consumer Cyclical,BZH
2012Q2,2012,Q2,2012-05-02,2012-03-31,-39948000.0,191643000.0,-17694000.0,-2.55,20190000.0,0.10535213913370173,1857944000.0,218366000.0,1764500000.0,199736000.0,1639578000.0,1205977000.0,-465655000.0,255297250.0,1431851250.0,13.899278194340127,8.834161092642288,0.7715959146239069,6.565042176895671,-0.01047962331475758,13.899278194340127,-0.18294056767079125,1.3321501437568812,-1.5976848027435666,1.169125459091617,0.0,0.14216937802296395,0.0,0.1031478882033043,1.4074978972243362,-0.021501186257497536,-19.95913142053006,0.10535213913370173,-51.99999999999999,0.5464738527034847,-0.886542936077534,-0.9333671134154131,-0.09335848039876062,-55.05683355886333,-0.05958440625187137,0.8289159086737674,-0.4991460103406439,-0.42084281105390603,Residential Construction,Consumer Cyclical,BZH
2012Q1,2012,Q1,2012-02-02,2011-12-31,739000.0,188548000.0,-16699000.0,0.05,22269000.0,0.11810785582451153,1873857000.0,200383000.0,1773675000.0,177815000.0,1673474000.0,1192862000.0,-425707000.0,183929200.0,1400190200.0,13.50926987123306,9.974833394258077,0.794502995692841,7.4296971299960575,0.0001960801602593211,13.50926987123306,0.0036879375994969634,0.9755033201094682,62.22232746955345,0.9178882440127157,0.0,0.1393950012658631,0.0,0.10062027145080975,1.7072350476618958,0.000394373743567412,-2.3071033453332164,0.11810785582451153,1.0173707615341856,1.006464295359113,-0.8788086171199128,-0.9372211454128088,-0.08516144934680799,1.0171159903650175,0.3089020403095642,1.0047904207799812,-0.5777568386495169,-0.6502584324647332,Residential Construction,Consumer Cyclical,BZH
2011Q4,2011,Q4,2011-11-15,2011-09-30,-43176000.0,334908000.0,-24163000.0,-2.8784,24342000.0,0.0726826471747465,1977477000.0,198380000.0,1884720000.0,72695000.0,1779097000.0,1204133000.0,-426446000.0,113250000.0,1231673000.0,13.225333333333333,25.926404842148703,0.7528916897642804,7.504919850791411,-0.015332915455489966,13.225333333333333,-0.21764290755116444,0.3381525672722061,-0.6557462479155086,0.5708740800483919,0.0,0.2579166919268885,0.0,0.16936126185032746,5.550987000481464,-0.021833882265128748,1.2541250470642953,0.0726826471747465,0.2804,-1.247101333362359,-0.906519507070441,-0.9387115609813135,0.7594506685941452,0.26968876860622465,0.3143108487755044,0.9514133615787619,-0.7493610459005765,-0.7177474071920132,Residential Construction,Consumer Cyclical,BZH
2011Q3,2011,Q3,2011-08-09,2011-06-30,-59120000.0,172829000.0,-35239000.0,-4.0,13835000.0,0.08005022305284414,2005069000.0,241008000.0,1907346000.0,260736000.0,1764061000.0,1313357000.0,-383270000.0,250798980.0,1465118980.0,16.28828633992052,7.315238402061856,0.7426003793385664,6.178072927039766,-0.021771108074666083,16.28828633992052,-0.24530306047932018,1.4511394499765664,-1.06055049052774,1.0406251244771958,0.0,0.121059239795425,0.0,0.08619603614638698,1.1876572471772213,-0.029485269584238746,-2.5581552239414926,0.08005022305284414,-0.08108108108108103,-1.3070727402936404,-0.9234557472791709,-0.9212380909866486,12.148267526188558,-0.0998046693330853,0.2165454990106494,0.7195370009230206,-0.8023196716794727,-0.8512342714306383,Residential Construction,Consumer Cyclical,BZH
2011Q2,2011,Q2,2011-05-10,2011-03-31,-53755000.0,127503000.0,-44979000.0,-3.7,-1241000.0,-0.00973310431911406,1853358000.0,295892000.0,1759159000.0,251077000.0,1557466000.0,1268886000.0,-324150000.0,337860100.0,1242360100.0,20.011632625456514,7.0064522039055745,0.6942511916208309,4.348532572695443,-0.027200278511646688,20.011632625456514,-0.18167101510010408,2.649820788530466,-1.571296158496884,1.141835872548092,0.0,0.10146222749719044,0.0,0.0687956671080277,1.7068867319587218,-0.02900411037694822,-6.464366210657228,-0.00973310431911406,-0.12121212121212133,-1.2817955752642016,-0.9450409068877648,-0.8973570450373016,-1.108974358974359,-0.10135633502704475,-0.5880732973201991,0.8780801940823041,-0.8360167113585492,-0.8376693122914391,Residential Construction,Consumer Cyclical,BZH
2011Q1,2011,Q1,2011-02-08,2010-12-31,-48808000.0,110299000.0,-28323000.0,-3.3,11388000.0,0.10324662961586234,1901418000.0,349648000.0,1801728000.0,32310000.0,1551770000.0,1245849000.0,-270395000.0,398202420.0,1252792420.0,23.663878285822573,55.76378830083566,0.6870314680938121,3.736140346863131,-0.01689668380718433,23.663878285822573,-0.13959181805701734,3.6102087960906264,-2.039637047205376,1.1388665743833797,0.0,0.07939244643612509,0.0,0.05800881237055713,15.018724852986692,-0.02566926367584613,-2.8555620733176523,0.10324662961586234,0.24265748362170333,-1.3009484669866282,-0.9446916284297853,-0.8739635779747933,106.43396226415095,0.18011086846967916,0.3603947427848787,0.8158146154872584,-0.8856434259807398,-0.8450249918632599,Residential Construction,Consumer Cyclical,BZH
2010Q4,2010,Q4,2010-11-05,2010-09-30,-59530000.0,252930000.0,-44282000.0,-4.3573415312545745,106000.0,0.00041908828529632706,1902902000.0,397101000.0,1820313000.0,53418000.0,1505801000.0,1153703000.0,-221587000.0,282120300.0,987212300.0,29.066095740008784,34.076771874649,0.6366838649599401,3.050979473735901,-0.030283652710305923,29.066095740008784,-0.1499114834764959,1.115408611078164,-1.1847820426675626,0.7104497344504295,0.0,0.21914132146661663,0.0,0.1329180378180274,10.810064023362912,-0.031283797063642795,4.3592919943755115,0.00041908828529632706,-1.1255324542705243,-1.2146392983885763,-0.9173411387073326,-0.8435436875706943,-0.9973591768604101,-1.1401351740005752,-1.4527528525534508,0.7840922001255931,-0.8706389140137328,-0.8311045708895073,Residential Construction,Consumer Cyclical,BZH
2010Q3,2010,Q3,2010-08-05,2010-06-30,-27816000.0,339942000.0,-18054000.0,-2.05,40139000.0,0.11807602473363103,1956085000.0,454731000.0,1867770000.0,67034000.0,1501354000.0,1196426000.0,-162057000.0,247965299.99999997,1012002300.0,33.284365393061044,27.863024733717218,0.6194188902833977,2.664511546386765,-0.0052637716989139246,33.284365393061044,-0.061170230311986644,0.7294341387648481,-2.2286211173425365,0.5453010681039999,0.0,0.2505821505049205,0.0,0.17378692643724583,8.157114300205865,-0.01422024094044993,-10.005055681084569,0.11807602473363103,-5.555555555555555,-1.146269984010688,-0.8441636998489503,-0.7978951696034208,0.5413178711312495,-6.250283125707814,0.16315935848706778,0.8681179365781375,-0.7475556358058741,-0.8267911692726264,Residential Construction,Consumer Cyclical,BZH
2010Q2,2010,Q2,2010-05-03,2010-03-31,5298000.0,198185000.0,-21574000.0,0.45,26042000.0,0.13140247748315967,2024970000.0,353153000.0,1928419000.0,71499000.0,1671817000.0,1228158000.0,-134241000.0,264745560.0,1065659560.0,30.28029289707446,26.97127232548707,0.6395926853237331,3.6674076108655456,-0.01761487039030359,30.28029289707446,0.015001996301886152,1.3358506445997427,12.49271234428086,0.7496624975577157,0.0,0.14016356201726488,0.0,0.09787058573707265,7.928432565490427,0.0026163350568156564,3.3287092312721605,0.13140247748315967,-0.923076923076923,1.043527430529453,-0.8593253334340726,-0.7993543513920068,0.3478598416231044,-0.8896227004729265,0.2787510029419631,1.0810231617624646,-0.8419482517404557,-0.8548368271972253,Residential Construction,Consumer Cyclical,BZH
2010Q1,2010,Q1,2010-02-05,2009-12-31,47999000.0,218784000.0,-29912000.0,5.85,19321000.0,0.08831084540002926,2024318000.0,247329000.0,1910123000.0,44595000.0,1776989000.0,1291242000.0,-139539000.0,187922680.0,1268620680.0,31.85013006413063,42.832671824195536,0.7305611074939807,5.979436297401437,0.015288552454244674,31.85013006413063,0.19406943787424846,0.8589416045048998,0.9787843496739514,0.7598085141653425,0.0,0.15447375472606995,0.0,0.10807788104438136,12.807377508689315,0.023711195573027557,-3.0994487968201083,0.08831084540002926,0.3439540114231598,-0.28533487313588746,-0.7509817295309107,-0.8033246024812573,-0.409270186810163,0.4204669882513095,-0.13161578330117657,1.8019995192005598,-0.7313848306859073,-0.8519894337045562,Residential Construction,Consumer Cyclical,BZH
2009Q4,2009,Q4,2009-11-10,2009-09-30,33791000.0,359872000.0,-26433000.0,4.3528275151359015,32707000.0,0.09088509247732528,2029410000.0,196555000.0,1913583000.0,70285000.0,1832855000.0,1265441000.0,-187538000.0,216975850.0,1218535850.0,25.31946412469406,27.226051077754857,0.7435160958110978,7.676726615959909,-0.015692236148815864,25.31946412469406,0.1719162575360586,0.6029250678018852,1.6052784025332187,1.1038938210678946,0.0,0.25853832774503116,0.0,0.17732838608265455,7.763619548979157,0.016650652159987386,2.3902599834756266,0.09088509247732528,2.209118754204417,-0.565624914143792,-0.6941001667331522,-0.835768437284524,4.818715531044298,2.207856734343723,0.4785670605409031,-0.6263238316820301,-0.8059090872213441,-0.8826653065083073,Residential Construction,Consumer Cyclical,BZH
2009Q3,2009,Q3,2009-08-07,2009-06-30,-27976000.0,224653000.0,-50693000.0,-3.6,5621000.0,0.02502080987122362,2108589000.0,159782000.0,1972716000.0,76461000.0,1948807000.0,1397181000.0,-221329000.0,71031450.0,1182547450.0,20.582506762849412,25.80029034409699,0.7325756702704984,9.667553291359477,-0.037186344893582884,20.582506762849412,-0.17508855816049368,0.31618295771701244,-0.6347534493851874,0.4445522649610094,0.0,0.1567670903054078,0.0,0.10654186282864987,6.605864427616694,-0.01326764011383916,-4.148064120532585,0.02502080987122362,0.7575757575757576,-1.4825948620648095,-0.7708462996663952,-0.8554119257748489,1.1794127034790935,0.7565674408081933,0.506392467307374,-1.2769612022297128,-0.8103579374309371,-0.900473414385583,Residential Construction,Consumer Cyclical,BZH
2009Q2,2009,Q2,2009-05-08,2009-03-31,-114923000.0,188323000.0,-102699000.0,-14.85,-31330000.0,-0.16636311018834662,2246569000.0,185571000.0,2096391000.0,316977000.0,2060998000.0,1484168000.0,-193353000.0,39048620.0,1171010620.0,23.999146448709325,6.613700678598132,0.7388373114736293,8.944549525518534,-0.04953035833237014,23.999146448709325,-0.6192939629575742,0.2073491819905163,-0.0849451806861986,0.21042415032521247,0.0,0.14799739652114854,0.0,0.08382693787726973,1.8950680964234,-0.05115489441900071,0.3081707191956499,-0.16636311018834662,-0.4278846153846153,-3.433161499804466,-0.7777657572982138,-0.8245393436529769,-3.268810196248823,-0.4316163189037683,-0.6477713955652536,-2.152016362451803,-0.8447759866519141,-0.8769044308286726,Residential Construction,Consumer Cyclical,BZH
2009Q1,2009,Q1,2009-02-09,2008-12-31,-80275000.0,232364000.0,-62326000.0,-10.4,13809000.0,0.059428310753817284,2407825000.0,298142000.0,2247438000.0,54184000.0,2109683000.0,1586898000.0,-78430000.0,60976940.0,1360409940.0,38.6264348456974,41.477890152074416,0.6965003685899099,5.625007546739473,-0.0299023676946323,38.6264348456974,-0.26925089386936424,0.2624199101409857,-0.18990015571473062,0.20452314668849075,0.0,0.13772466787405366,0.0,0.096503691090507,11.840266499335597,-0.03333921692814054,-0.5369059002738376,0.059428310753817284,0.8244507227692899,-2.7563482924447444,-0.7038788584108828,-0.704962924933502,2.471547314578005,0.830622377046932,0.4713879818497943,-1.9475192196639781,-0.776953850054864,-0.7942713538017913,Residential Construction,Consumer Cyclical,BZH
2008Q4,2008,Q4,2008-12-02,2008-09-30,-473941000.0,712649000.0,-117905000.0,-59.242625,-9384000.0,-0.013167772634214038,2641799000.0,374851000.0,2456347000.0,1766517000.0,2266948000.0,1651661000.0,1845000.0,239200000.0,1331012000.0,46.856375,1.3905028935470194,0.6344714340492975,4.471499342405383,-0.19480650499375818,46.856375,-1.264345033093149,0.3356491063623186,-0.1261760430095729,0.6381202130980043,0.0,0.43715568751699047,0.0,0.269758978635392,0.45535310444224425,-0.17940085525053193,0.8292569621876853,-0.013167772634214038,-3.157377192982456,-8.99470746929886,-0.33919183009222803,-0.6362470898766724,0.8020921208031044,-3.3147520984687096,0.16582946570070184,-3.9182462227229595,-0.6022693607704523,-0.7477825810566708,Residential Construction,Consumer Cyclical,BZH
2008Q3,2008,Q3,2008-08-08,2008-06-30,-109842000.0,455578000.0,-141344000.0,-14.25,-47416000.0,-0.10407877465549259,3146371000.0,844186000.0,2541377000.0,90111000.0,2302185000.0,2028543000.0,475786000.0,214729070.0,1576326070.0,109.48950740577416,28.202738844314236,0.5326132868628651,1.9851063628157775,-0.03548221290939263,109.48950740577416,-0.13011587493751378,0.47133327333628927,-0.48872259700296794,0.25436227324310046,0.0,0.24795826364045526,0.0,0.1447947492523927,5.680083452630645,-0.034910695528276865,4.284555540036315,-0.10407877465549259,0.5218120805369127,-3.7009507555410637,-0.4093817611116172,-0.08784560337029328,0.707068148541704,0.5222038078584385,0.5129679720207433,-2.0234758642191237,-0.6299374095805308,-0.3351725934044038,Residential Construction,Consumer Cyclical,BZH
2008Q2,2008,Q2,2008-05-12,2008-03-31,-229893000.0,405417000.0,-290215000.0,-29.8,-161867000.0,-0.3992605144826191,3367025000.0,950416000.0,2765788000.0,85047000.0,2416609000.0,2268175000.0,585628000.0,364278600.0,1862831600.0,123.27695340873716,32.520700318647336,0.5263468492214938,1.8646813605831551,-0.07274562650475513,123.27695340873716,-0.2418867106614367,0.8985281820939921,-0.39613929088749983,0.3832833201461255,0.0,0.25010592216209065,0.0,0.1204080753781157,5.8077063270897265,-0.06827778231524863,-20.255705071174376,-0.3992605144826191,-0.6601671309192202,-7.038099848065304,-0.3924973316459454,0.08831481513434629,-0.6180227908836465,-0.663047252524668,-0.4564127527387877,-1.857247141779164,-0.5646705468650418,-0.18313259521002845,Residential Construction,Consumer Cyclical,BZH
2008Q1,2008,Q1,2008-05-15,2007-12-31,-138236000.0,503148000.0,-199267000.0,-17.95,-100040000.0,-0.1988281777926177,3657893000.0,1176941000.0,2966262000.0,98716000.0,2480952000.0,2483386000.0,815521000.0,286344770.0,1831792770.0,152.6948026674278,30.048441995218607,0.48716241836488927,1.514084393355317,-0.04265967029196632,152.6948026674278,-0.11745363616358,0.5691064458171353,-0.5178549184004166,0.24329577268529176,0.0,0.2428893454340163,0.0,0.13755131711069735,3.9182705944325136,-0.037791154634648966,-18.37545851248155,-0.1988281777926177,0.11057120954442384,-4.733905399033389,-0.2833579306673982,0.4013939509740004,-1.3030526267323541,0.10948773448773448,0.030203481722659426,-3.0735998552811115,-0.42304120345380947,-0.057105545465782497,Residential Construction,Consumer Cyclical,BZH
2007Q4,2007,Q4,2008-05-12,2007-09-30,-155232000.0,1100805000.0,-205473000.0,-20.18149197847058,-43438000.0,-0.03946021320760716,3930021000.0,1323722000.0,3344944000.0,118030000.0,2606299000.0,2775173000.0,963869000.0,323055600.0,1725967600.0,172.09521828440677,28.339778022536642,0.47257991751189116,1.4030506405423495,-0.04287018593168591,172.09521828440677,-0.11726933600861812,0.29347214084238354,-0.5202786796536797,0.2440509412097102,-0.025136569779426923,0.41231411519209793,0.01207841622308977,0.280101556709239,4.776912649326443,-0.03949902557772592,0.8461471571205565,-0.03946021320760716,-0.3062454354997139,-4.7361918963536835,0.19117866915610088,0.0,-0.08454009787276541,-0.30724986736507026,-0.13012127712234964,-3.013940887933583,-0.05562783236782708,0.11627428193252028,Residential Construction,Consumer Cyclical,BZH
2007Q3,2007,Q3,2008-05-12,2007-06-30,-118747000.0,758146000.0,-181815000.0,-15.45,-40052000.0,-0.05282887464947385,4191242000.0,1478081000.0,3588127000.0,92061000.0,2713161000.0,3319222000.0,1123003000.0,948783530.0,2708484530.0,192.16321277204295,38.9755379585275,0.44941571018805404,1.2743618245549466,-0.03567521265843376,192.16321277204295,-0.08033862826191528,1.2514522664499979,-1.9974894734182758,0.6419022570481591,-0.03285977751016868,0.2404774371825687,0.004112634628048402,0.18088814723654706,2.5967456360456653,-0.028332174567825004,-11.40035963183697,-0.05282887464947385,-1.7589285714285714,-4.3537128446581255,-0.0025686455884352706,0.0,-1.8819695234739717,-1.755854162315208,-1.8268575959699613,-3.0673848240739923,-0.21950683736244017,0.34990889067883335,Residential Construction,Consumer Cyclical,BZH
2007Q2,2007,Q2,2007-04-26,2007-03-31,-43089000.0,826295000.0,-64317000.0,-5.6,45412000.0,0.05495858016809977,4191024000.0,1603135000.0,3672493000.0,834766000.0,2587889000.0,3371581000.0,1253057000.0,1115535810.0,2659167810.0,208.5948681916361,4.39942810320497,0.4205351723111106,1.0993915047703406,-0.011879589540056015,208.5948681916361,-0.026877960995175077,1.3500454559207062,-6.472277205319224,0.6958464570981233,-0.09055675462415001,0.2316073675821521,0.0034978706779480256,0.19715826012926674,0.3413339786239497,-0.010281258231878414,9.897486536124001,0.05495858016809977,0.27272727272727276,-2.186020566508432,0.09251159572640599,0.0,1.1513098678288882,0.2697522285869234,0.3176566693896604,-1.917863780788497,-0.018951282115146736,0.5250622584326788,Residential Construction,Consumer Cyclical,BZH
2007Q1,2007,Q1,2007-01-26,2006-12-31,-59006000.0,803014000.0,-94259000.0,-7.7,21109000.0,0.026287212925303918,4313348000.0,1647481000.0,3922245000.0,2665867000.0,2665867000.0,3574361000.0,1300048000.0,,,,,,,,,,,,,,,,,,,,,,,,,,,,,,,Residential Construction,Consumer Cyclical,BZH
