Year,Date,FillingDate,NetIncome,Revenue,OperatingIncome,EPSDiluted,GrossProfit,GrossProfitRatio,TotalAssets,CommonStockEquity,CurrentAssets,CurrentLiability,TotalLiability,Inventory,RetainedEarnings,EnterpriseValue,bookValuePerShare,currentRatio,debtToAssets,debtToEquity,roic,shareholdersEquityPerShare,roe,priceToSalesRatio,peRatio,pbRatio,payoutRatio,inventoryTurnover,dividendYield,assetTurnover,quickRatio,returnOnAssets,priceToFreeCashFlowsRatio,grossProfitMargin,epsdilutedGrowth,fiveYNetIncomeGrowthPerShare,fiveYRevenueGrowthPerShare,fiveYShareholdersEquityGrowthPerShare,grossProfitGrowth,netIncomeGrowth,operatingIncomeGrowth,threeYNetIncomeGrowthPerShare,threeYRevenueGrowthPerShare,threeYShareholdersEquityGrowthPerShare,Industry,Sector,Price,MarketCap,AvgVolume,Symbol
2022,2022-06-30,2022-08-18,805000000.0,14544000000.0,1239000000.0,0.53,2820000000.0,0.1938943894,17426000000.0,4141000000.0,5149000000.0,6945000000.0,13285000000.0,2439000000.0,534000000.0,24471870000.0,2.744201457919152,0.7413966882649388,0.3724319981636635,1.5672542864042502,0.08141287048727512,2.744201457919152,0.19439748852934075,1.2896637788778877,23.30045962732919,4.5295508331320935,0.9093167701863354,4.8068880688806885,0.03902570098315977,0.8346149431883393,0.3902087832973362,0.046195340296109264,18.775645645645646,0.19389438943894388,-0.11666666666666659,0.03505663706408684,0.22669703847813985,2.867486579493451,0.032210834553440704,-0.14270500532481364,-0.06207418622255867,0.46324901975101196,0.20245308298650727,-0.42240936495681713,Packaging & Containers,Consumer Cyclical,9.71,14287682400,7803468,AMCR
2021,2021-06-30,2021-08-24,939000000.0,12861000000.0,1321000000.0,0.6,2732000000.0,0.2124251613,17188000000.0,4821000000.0,4705000000.0,6181000000.0,12367000000.0,1991000000.0,452000000.0,23213460000.0,3.1083172147001936,0.7612036887235075,0.3658948103327903,1.304501140842149,0.08918049145421109,3.1083172147001936,0.19477286869943994,1.3820433869839048,18.929137380191694,3.6868823895457377,0.7902023429179978,5.087393269713711,0.04174529071487966,0.7482545962299278,0.4390875262902443,0.054631138003258084,17.8997583081571,0.21242516134048675,0.5789473684210525,1.8663442921418059,0.017172117540711532,3.582547853959362,0.07728706624605679,0.5343137254901961,0.3289738430583501,-0.02648383193572651,0.03589779533960528,2.5418476848719203,Packaging & Containers,Consumer Cyclical,9.71,14287682400,7803468,AMCR
2020,2020-06-30,2020-08-27,612000000.0,12468000000.0,994000000.0,0.38,2536000000.0,0.2034007058,16503200000.0,4687000000.0,4191000000.0,5727000000.0,11755000000.0,1832000000.0,246500000.0,21827000000.0,2.929375,0.7317967522262965,0.37774492219690725,1.3300618732664817,0.0675079990983633,2.929375,0.13057392788564112,1.3102341995508504,26.69281045751634,3.485385107744827,1.2434640522875817,5.421397379912664,0.04658423114593536,0.7554898443938145,0.4119085035795355,0.03708371709729022,16.601626016260166,0.2034007058068656,0.05555555555555561,-0.32295473874281594,-0.023755006629149103,1.4058496868103547,0.40959368573175475,0.4225941422594142,0.25552608311229,-0.2578547478402324,-0.008210510274860751,3.1284572843986176,Packaging & Containers,Consumer Cyclical,9.71,14287682400,7803468,AMCR
2019,2019-06-30,2019-09-03,430200000.0,9458200000.0,791700000.0,0.36,1799100000.0,0.1902158973,17165000000.0,5606319638.652905,4835800000.0,6181300000.0,11490300000.0,1953800000.0,323700000.0,18989000000.0,4.751118337841445,0.7823273421448562,0.3555607340518497,1.0886286179477425,0.04841715258767213,4.751118337841445,0.07673483278298579,1.4260007189528663,31.35146443514644,2.405749380932688,1.5799628079962809,3.920104411915242,0.05039518365289085,0.551016603553743,0.3989290278743954,0.02506262743955724,30.38387024104528,0.19021589731661415,-0.4176952702298325,-0.1732260765694774,-0.054081462589931246,1.823588010083003,-0.025128839480299973,-0.4021546073674146,-0.17744885552356224,0.7260881019815141,-0.01676349951610136,6.0045061810341265,Packaging & Containers,Consumer Cyclical,9.71,14287682400,7803468,AMCR
2018,2018-06-30,2018-06-30,719584035.105855,9262259090.54536,962493341.984133,0.618233,1845474635.8902512,0.19924670837312863,8991520566.839785,1015468244.016161,3265758594.683317,4668152342.658856,7907671961.47653,1350512136.604716,524878907.374862,15998131907.095057,0.8775976527665379,0.6995826946005852,0.4966451855372639,4.397572672995572,0.14645929209014788,0.8775976527665379,0.7086228834295314,1.311726424539549,16.88412945155562,11.964480496158817,0.7276243093923024,5.491831027377092,0.04309516291497414,1.0301104270065338,0.38888179185829486,0.08002918191163794,21.63559242995965,0.19924670837312863,0.21107698214628537,0.3684471251766022,-0.1485838731483257,-0.6784830482995464,-0.03375112014670941,0.2065090068291454,0.1427257787809342,0.10077077084132993,0.0028316689579488204,-0.27924282891269375,Packaging & Containers,Consumer Cyclical,9.71,14287682400,7803468,AMCR
2017,2017-06-30,2017-06-30,596418287.002275,9092132043.564074,842278488.729751,0.510482,1909937154.256217,0.21006482804087506,9074449290.33128,821099145.874727,3283297655.331586,4008490342.994959,8183817962.253481,1304227929.114668,286420641.346018,18429650095.5519,0.7095568146169435,0.8190858339148342,0.5076458996179962,5.610293223019535,0.1115487807859249,0.7095568146169435,0.7263657379242592,1.5820267381820314,24.11729538391088,17.517977058271754,0.8192629815745893,5.5068556108771975,0.033969936036904694,1.0019486310041574,0.47091516299470654,0.0657250118349057,22.212319259788337,0.21006482804087506,1.4518474757808484,0.481431060996294,-0.2357799261933976,-0.7443097071071384,-0.047903023149405144,1.4296551679680642,0.7965731654951569,0.16880187005699634,-0.07277622274695476,-0.5783106267280791,Packaging & Containers,Consumer Cyclical,9.71,14287682400,7803468,AMCR
2016,2016-06-30,2016-06-30,245474458.624951,9474348697.431894,468825041.421349,0.208203,2006032159.2176723,0.21173298801651927,8730986469.592556,788313920.99994,3211079450.369881,3665725098.646459,7880725696.272665,1251406867.32025,139782670.007617,16844358277.174551,0.6782945456891585,0.8759738834632056,0.5004664770044067,5.542926393672631,0.037334857694228854,0.6782945456891585,0.3113917591529754,1.3714289409172764,52.931763543888714,16.48251496500084,1.967636214665946,5.967936354869779,0.03717307119447226,1.0851406917681352,0.5088884011851236,0.028115317722672686,17.216047276568275,0.21173298801651927,-0.6243931655695087,-0.3211913276967998,-0.24709309272670502,-0.7891831289925623,0.03956427873018912,-0.6386971605710595,-0.4827152185086918,-0.5352249186698228,-0.1329096880332698,-0.7514997972048615,Packaging & Containers,Consumer Cyclical,9.71,14287682400,7803468,AMCR
2015,2015-06-30,2015-06-30,679414695.475234,9599291738.892529,906319030.051006,0.554311,1929685542.5505848,0.20102374165088277,8535977280.164905,1464291968.992698,3408558511.916734,3669618340.517572,6951042513.563101,1212320298.158738,451511662.24363,15636237607.88883,1.2176051629741376,0.9288591334639947,0.4194756116109533,2.445300777520163,0.1417966778236805,1.2176051629741376,0.4639885418087833,1.3292216079133432,18.78026201814045,8.713826388583866,0.705718065559247,6.326386028502928,0.03757764747252043,1.1245685671163224,0.5689636403222365,0.07959424834154533,18.807908510145616,0.20102374165088277,0.27990385325846023,3.218827496171263,0.10747244058783605,-0.5909604202225469,-9.942327803751825e-05,0.27767975327915156,-0.06403724396852185,0.6238752284875262,-0.22361144775629693,-0.5612334145267984,Packaging & Containers,Consumer Cyclical,9.71,14287682400,7803468,AMCR
2014,2014-06-30,2014-06-30,531756642.250551,10218426949.366373,968328092.341876,0.433088,1929877417.2896223,0.18886247627471572,9129964034.872992,2029111039.975898,3325079556.367334,3294575103.093754,6991733669.761048,1328450110.15497,588811267.817802,14890335611.218859,1.6826528235972287,1.0092589946560742,0.38572592371072373,1.735569784706756,0.15973014910525998,1.6826528235972287,0.2620638455827766,1.1624210907273298,22.337501887570813,5.853851645369338,0.878718130311614,6.239262934089299,0.039338245374723683,1.1192187516112733,0.5783156631326267,0.05824301609726421,15.216766452900742,0.18886247627471572,-0.031500042489053574,1.4672435976542995,0.05260418854802394,-0.33841704540388357,-0.03675786756698108,-0.029831874993530186,0.31956830462064073,0.4171752876805433,-0.21738973979254442,-0.47702424335111715,Packaging & Containers,Consumer Cyclical,9.71,14287682400,7803468,AMCR
2013,2013-06-30,2013-06-30,548107723.336102,11339332159.120983,733821878.67892,0.447174,2003522637.0497456,0.176687886811586,11335590498.005968,3292114221.050038,3830639641.530613,4289951358.405505,7958148151.528149,1656004453.489327,513155132.92023,14765105578.98099,2.729553288326041,0.8929331177671884,0.3512060026406466,1.209292010866552,0.07240633020516526,2.729553288326041,0.16649110162443878,0.9828060280460029,20.332433799999983,3.3851693020679714,0.7962037962037953,5.637550975421581,0.039159296129310205,1.0003300808295494,0.47319605173587487,0.048352816153028735,21.393937877154876,0.176687886811586,0.3043341296301158,0.8022831961545084,0.044904654804386476,-0.04994015932303869,-0.051720944748467716,0.2980561822119207,0.19927531448790833,2.3935998765079955,0.30442494673713427,-0.0830399180388793,Packaging & Containers,Consumer Cyclical,9.71,14287682400,7803468,AMCR
2012,2012-06-30,2012-06-30,422252696.645312,12478150520.907955,611887754.05776,0.342837,2112798575.434431,0.169319850076684,11599770759.563623,3368094643.551589,3815318173.444952,4296416071.392022,8141105675.74759,1702519598.01052,512413778.987658,12620674266.9423,2.7750635606423244,0.88802343861655,0.3452878795899282,1.189176870955,0.044319744662422486,2.7750635606423244,0.12536841785421293,0.7197685253877257,21.27015427338826,2.6666055887697127,1.075133301017935,6.088242365953356,0.05054656807840209,1.0757238896829178,0.4626744795388501,0.03640181391491541,26.181580110978523,0.169319850076684,0.11769768692845624,-0.2122079369188913,0.24744927042687473,-0.04970882952702913,-0.06905527897764076,0.10761132083866741,0.21812531055677314,0.9465765277562995,0.2771185488446971,0.09109539644479277,Packaging & Containers,Consumer Cyclical,9.71,14287682400,7803468,AMCR
2011,2011-06-30,2011-06-30,381228223.927495,13265823055.383366,502319218.519548,0.306735,2269520979.8431053,0.17108029938045324,11675501784.836372,3942030224.654255,3911997947.972554,3580894769.467542,7669131949.639826,1692602013.551931,676741551.41825,12849169427.35609,3.217458557504289,1.0924638113714369,0.3130452294426188,0.9271770957596791,0.04006319139357025,3.217458557504289,0.09670859993493112,0.7111537641210735,24.746436407064763,2.3931932183060405,1.2139052425007002,6.496684978215573,0.04905373939635797,1.1362101004183334,0.5862707058647962,0.032651977701088394,54.38726966358605,0.17108029938045324,1.313584251018253,0.19895985341186453,0.3273581958287698,0.23715946669527985,0.5328809258552255,1.4512141512802585,0.517858008400172,0.23400945399025694,0.20337148504994207,0.11988220841875838,Packaging & Containers,Consumer Cyclical,9.71,14287682400,7803468,AMCR
2010,2010-06-30,2010-06-30,155526282.241958,8370798453.235882,330939531.721412,0.13258,1480559214.7197561,0.1768719224326109,9612204138.868822,3457187778.863723,3013385458.717546,3582118726.894149,6107423617.898271,1248459609.909489,590829898.440488,11529870468.703522,2.9767416728635463,0.8412299224180882,0.29276228537072735,0.8139826446077831,0.04270861617604139,2.9767416728635463,0.044986356596769805,1.068330583989035,57.50012069398912,2.586720933897097,1.5639344262295074,5.518992511912865,0.027198802495609308,0.8708510901663985,0.4701890910816391,0.0161800852327987,37.23468537508847,0.1768719224326109,-0.25267886836483344,0.01771768661789728,-0.14526600703958403,-0.0853924363037916,0.22571745291304499,-0.08970474350323396,0.3244849966581654,-0.6967697736877169,-0.12548132344484225,0.019353707288208205,Packaging & Containers,Consumer Cyclical,9.71,14287682400,7803468,AMCR
2009,2009-06-30,2009-06-30,170852568.034348,7695548310.036479,249862801.433321,0.177407,1207912322.0453892,0.1569624766658977,6816347612.74494,2431320011.621526,1870662104.141783,2382654872.970268,4334183426.413145,790586564.22507,713271136.649772,9493955272.233059,2.5433739063371963,0.7851166886833997,0.33528297418896513,0.9399853946756953,0.021881034965665565,2.5433739063371963,0.0702715262563898,0.9564958049707972,43.08252290372481,3.0274746394206136,1.3627775153519162,8.20610453246223,0.03163179460026687,1.1289841345015392,0.43356027503979955,0.02506511958323466,83.36901369943828,0.1569624766658977,-0.2895051963395342,-0.2678631387403187,0.09554459988389669,-0.21989620295307546,-0.1483256623549236,-0.30998140403716684,-0.23771424785136822,-0.3113220450579694,-0.013110384389603815,-0.02203585552581843,Packaging & Containers,Consumer Cyclical,9.71,14287682400,7803468,AMCR
2008,2008-06-30,2008-06-30,247605744.300188,8835449335.540226,327781020.082089,0.249695,1418279580.1800594,0.1605214999621003,7720840787.975622,2821251231.809876,2505046832.693908,2623396255.297978,4847446924.54148,1069545832.894825,943733795.122511,9732553918.0986,2.8730330148268437,0.9548869438366158,0.31111909689091566,0.8514310906131307,0.02358001098297647,2.8730330148268437,0.08776451437873015,0.8557821612292325,30.537336478886605,2.680094506489364,1.181607418856263,6.934877896055103,0.03869385988110724,1.1443636228453884,0.5196207148067106,0.03206979020805704,67.31739932483656,0.1605214999621003,-0.4244099334496677,-0.01223460674064222,0.189061389709291,-0.08411824637598421,0.026741756743393418,-0.4530126053402257,-0.07723538042792895,0.9163062847146548,0.06702208485283537,-0.11725704985956112,Packaging & Containers,Consumer Cyclical,9.71,14287682400,7803468,AMCR
TTM,,,,,,,,,,,,,,,,20736682400.0,2.9306122448979592,0.8138177100227052,0.40589188563491146,1.6279015784586814,0.09852285474581224,2.9306122448979592,0.2321216440959848,0.9569780576021434,14.609723643807575,3.3133008356545965,0.744114636642784,5.013636363636364,0.05036045314109165,0.8641046417409423,0.421342847875446,0.05654589651580044,19.572167671232876,0.18734092431346283,,,,,,,,,,,Packaging & Containers,Consumer Cyclical,9.71,14287682400,7803468,AMCR
