Quarters,Year,Quarter,FillingDate,Date,NetIncome,Revenue,OperatingIncome,EPSDiluted,GrossProfit,GrossProfitRatio,TotalAssets,CommonStockEquity,CurrentAssets,CurrentLiability,TotalLiability,Inventory,RetainedEarnings,MarketCap,EnterpriseValue,bookValuePerShare,currentRatio,debtToAssets,debtToEquity,roic,shareholdersEquityPerShare,roe,priceToSalesRatio,peRatio,pbRatio,payoutRatio,inventoryTurnover,dividendYield,assetTurnover,quickRatio,returnOnAssets,priceToFreeCashFlowsRatio,grossProfitMargin,epsdilutedGrowth,fiveYNetIncomeGrowthPerShare,fiveYRevenueGrowthPerShare,fiveYShareholdersEquityGrowthPerShare,grossProfitGrowth,netIncomeGrowth,operatingIncomeGrowth,threeYNetIncomeGrowthPerShare,threeYRevenueGrowthPerShare,threeYShareholdersEquityGrowthPerShare,Industry,Sector,Symbol
2023Q3,2023,Q3,2023-05-03,2023-03-31,177000000.0,3667000000.0,282000000.0,0.12,673000000.0,0.1835287701,17278000000.0,4308000000.0,5018000000.0,6166000000.0,12970000000.0,2420000000.0,863000000.0,16728600000.000002,23177600000.0,2.9306122448979592,0.8138177100227052,0.40589188563491146,1.6279015784586814,0.02010570251064374,2.9306122448979592,0.04108635097493036,4.561930733569676,23.627966101694916,3.883147632311978,1.0169491525423728,1.237190082644628,0.010760015781356479,0.2122352124088436,0.421342847875446,0.01024424123162403,321.7038461538462,0.18352877011180802,-0.6129032258064516,0.23466487838474645,0.24690093189533488,0.0,0.01661631419939577,-0.6143790849673203,-0.19197707736389685,0.05726991623095523,0.2657041715126038,-0.014575758567415458,Packaging & Containers,Consumer Cyclical,AMCR
2023Q2,2023,Q2,2023-02-08,2022-12-31,459000000.0,3642000000.0,349000000.0,0.31,662000000.0,0.1817682592,17475000000.0,4411000000.0,5318000000.0,6224000000.0,13064000000.0,2509000000.0,866000000.0,17567250000.0,23632250000.0,2.9905084745762713,0.8544344473007712,0.394964234620887,1.5647245522557243,0.027626281687828803,2.9905084745762713,0.1040580367263659,4.8235172981878085,9.568218954248367,3.9826003173883473,0.4008714596949891,1.18772419290554,0.010474035492180052,0.20841201716738197,0.45131748071979433,0.02626609442060086,57.222312703583064,0.18176825919824272,0.9375,1.5911996478098172,0.246892863022903,2.4822378953024975,-0.008982035928143712,0.978448275862069,0.02046783625730994,1.7051088544710693,0.30910279381696526,-0.09641246270738879,Packaging & Containers,Consumer Cyclical,AMCR
2023Q1,2023,Q1,2022-11-02,2022-09-30,232000000.0,3712000000.0,342000000.0,0.16,668000000.0,0.1799568966,17292000000.0,3976000000.0,5136000000.0,6437000000.0,13316000000.0,2590000000.0,588000000.0,15816020000.0,22209020000.0,2.6974219810040707,0.7978872145409353,0.4022091140411751,1.7492454728370221,0.024038987207322598,2.6974219810040707,0.05835010060362173,4.26078125,17.043125,3.977872233400402,0.7801724137931034,1.1752895752895753,0.011444092761642941,0.21466574138329864,0.39552586608668633,0.013416608836456165,-38.38839805825243,0.17995689655172414,1.1917808219178083,0.0,0.0,0.0,-0.15869017632241814,1.128440366972477,-0.25327510917030566,2.870959253320176,0.30153563584745635,-0.19279241923863286,Packaging & Containers,Consumer Cyclical,AMCR
2022Q4,2022,Q4,2022-08-18,2022-06-30,109000000.0,3909000000.0,458000000.0,0.073,794000000.0,0.2031210028,17426000000.0,4141000000.0,5149000000.0,6945000000.0,13285000000.0,2439000000.0,534000000.0,18483410000.0,24198410000.0,2.784801613987895,0.7413966882649388,0.3724319981636635,1.5672542864042502,0.021348568993301106,2.784801613987895,0.026322144409562907,4.7284241493988235,42.393142201834856,4.463513644047332,1.6697247706422018,1.2771627716277163,0.00984666790381212,0.2243199816366349,0.3902087832973362,0.006255021232640882,23.60588761174968,0.20312100281401893,-0.5944444444444444,0.0,0.0,0.0,0.08618331053351573,-0.5977859778597786,0.24119241192411925,0.4762248836483603,0.6393408180100604,-0.19410055628005865,Packaging & Containers,Consumer Cyclical,AMCR
2022Q3,2022,Q3,2022-05-04,2022-03-31,271000000.0,3708000000.0,369000000.0,0.18,731000000.0,0.1971413161,17987000000.0,4577000000.0,5587000000.0,6233000000.0,13410000000.0,2420000000.0,604000000.0,17028990000.0,23200990000.0,3.045242847638057,0.8963580940157228,0.4030132873742147,1.5837885077561722,0.023710334584619238,3.045242847638057,0.05920908892287525,4.5925,15.70940036900369,3.7205571334935548,0.6715867158671587,1.2301652892561983,0.010687656754745877,0.20614888530605438,0.5081020375421146,0.015066436871073553,115.06074324324324,0.19714131607335492,0.2,0.8488576429142898,0.23315912009048262,0.0,0.13333333333333333,0.18340611353711792,0.13538461538461538,0.8488576429142898,0.23315912009048262,0.0,Packaging & Containers,Consumer Cyclical,AMCR
2022Q2,2022,Q2,2022-02-03,2021-12-31,229000000.0,3507000000.0,325000000.0,0.15,645000000.0,0.1839178785,17138000000.0,4462000000.0,5391000000.0,4293000000.0,12619000000.0,2273000000.0,515000000.0,18255200000.0,24765200000.0,2.9355263157894735,1.2557651991614256,0.4163846423153227,1.599282832810399,0.021271274847449877,2.9355263157894735,0.051322277005826984,5.205360707157114,19.929257641921396,4.091259524876737,0.8078602620087336,1.2591289045314562,0.010134098777334677,0.2046329793441475,0.5858374097367808,0.013362119267125685,56.16984615384615,0.18391787852865696,0.1450381679389312,0.2545041581225792,0.16512734727998793,2.4182150180825777,-0.007692307692307693,0.13366336633663367,0.06907894736842106,0.2545041581225792,0.16512734727998793,2.4182150180825777,Packaging & Containers,Consumer Cyclical,AMCR
2022Q1,2022,Q1,2021-11-04,2021-09-30,202000000.0,3420000000.0,304000000.0,0.131,650000000.0,0.19005847953216373,17044000000.0,4650000000.0,5279000000.0,4017000000.0,12339000000.0,2113000000.0,473000000.0,17732700000.0,24142700000.0,3.0392156862745097,1.3141647996016927,0.4132245951654541,1.5146236559139785,0.019104084321475624,3.0392156862745097,0.043440860215053764,5.185,21.94641089108911,3.813483870967742,0.905940594059406,1.3109323237103645,0.010319917440660475,0.2006571227411406,0.6400298730395818,0.011851678009856842,-68.9988326848249,0.19005847953216373,-0.22941176470588237,0.0,0.0,0.0,-0.12751677852348994,-0.20784313725490197,-0.30434782608695654,0.0,0.0,0.0,Packaging & Containers,Consumer Cyclical,AMCR
2021Q4,2021,Q4,2021-08-24,2021-06-30,255000000.0,3454000000.0,437000000.0,0.17,745000000.0,0.21569195136074118,17188000000.0,4764000000.0,5266000000.0,4345000000.0,12367000000.0,1991000000.0,452000000.0,17533800000.0,23434800000.0,3.1137254901960785,1.2119677790563868,0.39277402839190134,1.417086481947943,0.028378466134164556,3.1137254901960785,0.0535264483627204,5.076375217139549,17.19,3.6804785894206553,0.7294117647058823,1.3606228026117528,0.010608082674605617,0.20095415406097278,0.6246260069044879,0.01483593204561322,24.660759493670888,0.21569195136074118,-0.0173410404624276,0.0,0.0,0.0,0.09237536656891496,-0.0449438202247191,0.2521489971346705,0.0,0.0,0.0,Packaging & Containers,Consumer Cyclical,AMCR
2021Q3,2021,Q3,2021-05-06,2021-03-31,267000000.0,3207000000.0,349000000.0,0.173,682000000.0,0.21265980667290302,16592000000.0,4647000000.0,4770000000.0,3670000000.0,11887000000.0,1876000000.0,378000000.0,18092320000.0,24456320000.0,3.0,1.2997275204359673,0.42514464802314367,1.5179685818807833,0.02274169293477408,3.0,0.057456423499031635,5.641509198628001,16.940374531835204,3.893333333333333,0.6816479400749064,1.345948827292111,0.010059516966314989,0.19328592092574734,0.6716621253405994,0.01609209257473481,311.9365517241379,0.21265980667290302,0.24460431654676237,0.7674738873529822,0.03487028397233998,0.0,0.047619047619047616,0.2191780821917808,0.05757575757575758,0.7674738873529822,0.03487028397233998,0.0,Packaging & Containers,Consumer Cyclical,AMCR
2021Q2,2021,Q2,2021-02-04,2020-12-31,219000000.0,3103000000.0,330000000.0,0.139,651000000.0,0.20979697067354172,16718000000.0,4792000000.0,4713000000.0,3678000000.0,11870000000.0,1843000000.0,293000000.0,18361200000.0,24543200000.0,3.071794871794872,1.2814029363784665,0.4149419787055868,1.4476210350584306,0.021712218561368436,3.071794871794872,0.04570116861435726,5.917241379310345,20.96027397260274,3.8316360601001667,0.8493150684931506,1.3304395008138903,0.010130056859028822,0.18560832635482713,0.6623164763458401,0.013099653068548869,40.98482142857143,0.20979697067354172,0.10317460317460327,0.1689602064602065,0.004473295366574445,2.576890217866917,-0.0045871559633027525,0.10606060606060606,0.10367892976588629,0.1689602064602065,0.004473295366574445,2.576890217866917,Packaging & Containers,Consumer Cyclical,AMCR
2021Q1,2021,Q1,2020-11-06,2020-09-30,198000000.0,3097000000.0,299000000.0,0.126,654000000.0,0.21117210203422668,16465000000.0,4687000000.0,4612000000.0,3626000000.0,11721000000.0,1784000000.0,258000000.0,17249050000.0,23536050000.0,3.0025624599615632,1.2719249862107005,0.4278165806255694,1.5028803072327714,0.018366641869658237,3.0025624599615632,0.0422445060806486,5.569599612528253,21.779103535353535,3.6801898869212715,0.9494949494949495,1.3693946188340806,0.010899150967734453,0.188095961129669,0.6701599558742416,0.012025508654722138,-77.0046875,0.21117210203422668,0.14545454545454545,0.0,0.0,0.0,-0.09103544127866574,0.10552763819095477,-0.17676211453744495,0.0,0.0,0.0,Packaging & Containers,Consumer Cyclical,AMCR
2020Q4,2020,Q4,2020-08-27,2020-06-30,179100000.0,3142700000.0,363200000.0,0.11,719500000.0,0.22894326534508544,16442100000.0,4625900000.0,4534700000.0,3973600000.0,11755000000.0,1831900000.0,246500000.0,15937810000.000002,21895610000.0,2.963420884048687,1.1412069659754378,0.40751485515840435,1.4484532739575002,0.023322751399124854,2.963420884048687,0.038716790246222356,5.071374932382984,22.24708263539922,3.445342527940509,1.045784477945282,1.322779627708936,0.011751928276218626,0.19113738512720393,0.5935423797060599,0.010892769171821118,19.26950791923589,0.22894326534508544,-0.03508771929824565,0.0,0.0,0.0,0.10352760736196319,-0.013223140495867768,0.2468245794713354,0.0,0.0,0.0,Packaging & Containers,Consumer Cyclical,AMCR
2020Q3,2020,Q3,2020-05-11,2020-03-31,181500000.0,3141000000.0,291300000.0,0.114,652000000.0,0.2075772047118752,16421000000.0,4739600000.0,4502200000.0,3651900000.0,11618200000.0,1819800000.0,254700000.0,12940843999.999998,19390244000.0,2.9739599673715253,1.2328377009228073,0.4255039278972048,1.4742172335218162,0.01821494232226737,2.9739599673715253,0.038294370832981685,4.119975803884112,17.824853994490358,2.7303662756350744,1.009366391184573,1.3677327178810859,0.01415672733555864,0.191279459229036,0.6211287275117062,0.01105292004141039,582.9209009009008,0.2075772047118752,-0.00869565217391305,0.16778587892312657,-0.014855951367212234,0.0,0.05621253847399968,-0.02209051724137931,-0.01720647773279352,0.16778587892312657,-0.014855951367212234,0.0,Packaging & Containers,Consumer Cyclical,AMCR
2020Q2,2020,Q2,2020-02-11,2019-12-31,185600000.0,3043100000.0,296400000.0,0.115,617300000.0,0.2028523545069173,16832600000.0,5339700000.0,4687600000.0,3767400000.0,11429700000.0,1891800000.0,254400000.0,17489256000.0,23517456000.0,3.3095946448493865,1.244253331209853,0.39815595926951275,1.2551266925108153,0.01902626480914832,3.3095946448493865,0.034758507032230275,5.747184121455095,23.557726293103446,3.275325580088769,0.0,1.2822708531557248,0.0,0.1807860936516046,0.6218877740616872,0.01102622292456305,51.40874779541446,0.2028523545069173,1.8750000000000002,-0.04210891789917442,-0.047521043487101636,2.8537914165308313,0.12913846716663618,1.812121212121212,0.8735777496839444,-0.04210891789917442,-0.047521043487101636,2.8537914165308313,Packaging & Containers,Consumer Cyclical,AMCR
2020Q1,2020,Q1,2019-11-07,2019-09-30,66000000.0,3140700000.0,158200000.0,0.04,546700000.0,0.17406947495781194,16730700000.0,5424200000.0,4562200000.0,3839600000.0,11239300000.0,1874400000.0,252300000.0,15826200000.0,21625400000.0,3.341670773780187,1.188196687154912,0.37532201282671973,1.157663802957118,0.00998931479818554,3.341670773780187,0.012167692931676561,5.039067723755851,59.94772727272727,2.917702149625751,0.0,1.3839095177123346,0.0,0.18772077677562804,0.591129284300448,0.003944843909698937,-77.2763671875,0.17406947495781194,-0.20000000000000004,0.0,0.0,0.0,0.022060198167881847,-0.18114143920595532,-0.43801065719360566,0.0,0.0,0.0,Packaging & Containers,Consumer Cyclical,AMCR
2019Q4,2019,Q4,2019-09-03,2019-06-30,80600000.0,2602900000.0,281500000.0,0.05,534900000.0,0.2055015559568174,17165000000.0,5609000000.0,5210100000.0,4541800000.0,11490300000.0,1953800000.0,323700000.0,18553176000.0,24054776000.0,3.4555199605717104,1.1471443040204323,0.3555607340518497,1.0881083972187555,0.011020120109481451,3.4555199605717104,0.014369762881083973,7.127886588036421,57.547071960297764,3.30775111428062,4.816377171215881,1.0584501996110145,0.020923641321572112,0.15163996504515,0.5429345193535603,0.004695601514710166,32.3564283222881,0.2055015559568174,-0.4845360824742268,0.0,0.0,0.0,0.2741781800857551,-0.2841918294849023,0.48314014752370915,0.0,0.0,0.0,Packaging & Containers,Consumer Cyclical,AMCR
2019Q3,2019,Q3,2019-05-09,2019-03-31,112600000.0,2309900000.0,189800000.0,0.097,419800000.0,0.1817394692410927,,,,,,,,12792968000.0,,,0.0,0.0,0.0,0.0,,0.0,5.538321139443266,28.403570159857903,0.0,0.013115873445026644,0.0,0.0001154421202265182,0.0,0.0,0.0,-69.15505375838997,0.1817394692410927,-0.19166666666666662,0.0,0.0,0.0,-0.07328918322295806,-0.18759018759018758,-0.2739097169089518,0.0,0.0,0.0,Packaging & Containers,Consumer Cyclical,AMCR
2019Q2,2019,Q2,2018-12-31,2018-12-31,138600000.0,2285400000.0,261400000.0,0.12,453000000.0,0.1982147545287477,8850396826.224632,991128674.799704,3211412596.687634,4184177795.889409,7794995986.832177,1384246774.692565,475254732.594513,10733130000.0,14748144257.093086,0.858789251191148,0.7675134168157404,0.5089760938204752,4.544960225556264,0.039359557143818905,0.858789251191148,0.13984057118316096,4.696390128642689,19.3599025974026,10.829199349084565,,1.3237524070857727,,0.2582257095216483,0.432605843768629,0.015660314754397678,0.0,0.1982147545287477,0.4999999999999999,0.0,0.0,0.0,0.0,0.0,0.0,0.0,0.0,0.0,Packaging & Containers,Consumer Cyclical,AMCR
2019Q1,2019,Q1,2018-09-30,2018-09-30,0.0,0.0,0.0,0.08,0.0,0.0,,,,,,,,11424600000.0,,,0.0,0.0,0.0,0.0,,0.0,0.0,0.0,0.0,0.0,0.0,,0.0,0.0,0.0,0.0,0.0,0.0,0.0,0.0,0.0,0.0,0.0,0.0,0.0,0.0,0.0,Packaging & Containers,Consumer Cyclical,AMCR
2018Q4,2018,Q4,2018-06-30,2018-06-30,,,,,,,8991520566.839785,1015468244.016161,3265758594.683317,4668152342.658856,7907671961.47653,1350512136.604716,524878907.374862,0.0,3848581907.0950565,0.0,0.6995826946005852,0.4966451855372639,4.397572672995572,,0.0,,0.0,0.0,0.0,0.0,,,,0.38888179185829486,,0.0,0.0,0.0,0.0,0.0,0.0,0.0,0.0,0.0,0.0,0.0,0.0,Packaging & Containers,Consumer Cyclical,AMCR
2017Q4,2017,Q4,2017-06-30,2017-06-30,,,,,,,9074449290.33128,821099145.874727,3283297655.331586,4008490342.994959,8183817962.253481,1304227929.114668,286420641.346018,0.0,4045654095.5519004,0.0,0.8190858339148342,0.5076458996179962,5.610293223019535,,0.0,,0.0,0.0,0.0,0.0,,,,0.47091516299470654,,0.0,0.0,0.0,0.0,0.0,0.0,0.0,0.0,0.0,0.0,0.0,0.0,Packaging & Containers,Consumer Cyclical,AMCR
2016Q4,2016,Q4,2016-06-30,2016-06-30,,,,,,,8730986469.592556,788313920.99994,3211079450.369881,3665725098.646459,7880725696.272665,1251406867.32025,139782670.007617,0.0,3850962277.174552,0.0,0.8759738834632056,0.5004664770044067,5.542926393672631,,0.0,,0.0,0.0,0.0,0.0,,,,0.5088884011851236,,0.0,0.0,0.0,0.0,0.0,0.0,0.0,0.0,0.0,0.0,0.0,0.0,Packaging & Containers,Consumer Cyclical,AMCR
2015Q4,2015,Q4,2015-06-30,2015-06-30,,,,,,,8535977280.164905,1464291968.992698,3408558511.916734,3669618340.517572,6951042513.563101,1212320298.158738,451511662.24363,0.0,2876651607.888831,0.0,0.9288591334639947,0.4194756116109533,2.445300777520163,,0.0,,0.0,0.0,0.0,0.0,,,,0.5689636403222365,,0.0,0.0,0.0,0.0,0.0,0.0,0.0,0.0,0.0,0.0,0.0,0.0,Packaging & Containers,Consumer Cyclical,AMCR
2014Q4,2014,Q4,2014-06-30,2014-06-30,,,,,,,9129964034.872992,2029111039.975898,3325079556.367334,3294575103.093754,6991733669.761048,1328450110.15497,588811267.817802,0.0,3012220611.218861,0.0,1.0092589946560742,0.38572592371072373,1.735569784706756,,0.0,,0.0,0.0,0.0,0.0,,,,0.5783156631326267,,0.0,0.0,0.0,0.0,0.0,0.0,0.0,0.0,0.0,0.0,0.0,0.0,Packaging & Containers,Consumer Cyclical,AMCR
2013Q4,2013,Q4,2013-06-30,2013-06-30,,,,,,,11335590498.005968,3292114221.050038,3830639641.530613,4289951358.405505,7958148151.528149,1656004453.489327,513155132.92023,0.0,3620741578.98099,0.0,0.8929331177671884,0.3512060026406466,1.209292010866552,,0.0,,0.0,0.0,0.0,0.0,,,,0.47319605173587487,,0.0,0.0,0.0,0.0,0.0,0.0,0.0,0.0,0.0,0.0,0.0,0.0,Packaging & Containers,Consumer Cyclical,AMCR
2012Q4,2012,Q4,2012-06-30,2012-06-30,,,,,,,11599770759.563623,3368094643.551589,3815318173.444952,4296416071.392022,8141105675.74759,1702519598.01052,512413778.987658,0.0,3639294266.9423,0.0,0.88802343861655,0.3452878795899282,1.189176870955,,0.0,,0.0,0.0,0.0,0.0,,,,0.4626744795388501,,0.0,0.0,0.0,0.0,0.0,0.0,0.0,0.0,0.0,0.0,0.0,0.0,Packaging & Containers,Consumer Cyclical,AMCR
2011Q4,2011,Q4,2011-06-30,2011-06-30,,,,,,,11675501784.836372,3942030224.654255,3911997947.972554,3580894769.467542,7669131949.639826,1692602013.551931,676741551.41825,0.0,3415129427.3560915,0.0,1.0924638113714369,0.3130452294426188,0.9271770957596791,,0.0,,0.0,0.0,0.0,0.0,,,,0.5862707058647962,,0.0,0.0,0.0,0.0,0.0,0.0,0.0,0.0,0.0,0.0,0.0,0.0,Packaging & Containers,Consumer Cyclical,AMCR
2010Q4,2010,Q4,2010-06-30,2010-06-30,,,,,,,9612204138.868822,3457187778.863723,3013385458.717546,3582118726.894149,6107423617.898271,1248459609.909489,590829898.440488,0.0,2587090468.7035227,0.0,0.8412299224180882,0.29276228537072735,0.8139826446077831,,0.0,,0.0,0.0,0.0,0.0,,,,0.4701890910816391,,0.0,0.0,0.0,0.0,0.0,0.0,0.0,0.0,0.0,0.0,0.0,0.0,Packaging & Containers,Consumer Cyclical,AMCR
2009Q4,2009,Q4,2009-06-30,2009-06-30,,,,,,,6816347612.74494,2431320011.621526,1870662104.141783,2382654872.970268,4334183426.413145,790586564.22507,713271136.649772,0.0,2133195596.73306,0.0,0.7851166886833997,0.33528297418896513,0.9399853946756953,,0.0,,0.0,0.0,0.0,0.0,,,,0.43356027503979955,,0.0,0.0,0.0,0.0,0.0,0.0,0.0,0.0,0.0,0.0,0.0,0.0,Packaging & Containers,Consumer Cyclical,AMCR
2008Q4,2008,Q4,2008-06-30,2008-06-30,,,,,,,7720840787.975622,2821251231.809876,2505046832.693908,2623396255.297978,4847446924.54148,1069545832.894825,943733795.122511,0.0,2171333990.2986,0.0,0.9548869438366158,0.31111909689091566,0.8514310906131307,,0.0,,0.0,0.0,0.0,0.0,,,,0.5196207148067106,,0.0,0.0,0.0,0.0,0.0,0.0,0.0,0.0,0.0,0.0,0.0,0.0,Packaging & Containers,Consumer Cyclical,AMCR
2007Q4,2007,Q4,2007-06-30,2007-06-30,,,,,,,7754283290.924512,2993299406.276506,2879134860.050891,2986938083.121289,4716709075.487701,1008566581.849025,932824427.480916,0.0,2446480067.854114,0.0,0.9639084507042256,0.3280465528368135,0.8498200674392904,,0.0,,0.0,0.0,0.0,0.0,,,,0.6056905951840071,,0.0,0.0,0.0,0.0,0.0,0.0,0.0,0.0,0.0,0.0,0.0,0.0,Packaging & Containers,Consumer Cyclical,AMCR
