Quarters,Year,Quarter,FillingDate,Date,NetIncome,Revenue,OperatingIncome,EPSDiluted,GrossProfit,GrossProfitRatio,TotalAssets,CommonStockEquity,CurrentAssets,CurrentLiability,TotalLiability,Inventory,RetainedEarnings,MarketCap,EnterpriseValue,bookValuePerShare,currentRatio,debtToAssets,debtToEquity,roic,shareholdersEquityPerShare,roe,priceToSalesRatio,peRatio,pbRatio,payoutRatio,inventoryTurnover,dividendYield,assetTurnover,quickRatio,returnOnAssets,priceToFreeCashFlowsRatio,grossProfitMargin,epsdilutedGrowth,fiveYNetIncomeGrowthPerShare,fiveYRevenueGrowthPerShare,fiveYShareholdersEquityGrowthPerShare,grossProfitGrowth,netIncomeGrowth,operatingIncomeGrowth,threeYNetIncomeGrowthPerShare,threeYRevenueGrowthPerShare,threeYShareholdersEquityGrowthPerShare,Industry,Sector,Symbol
2023Q1,2023,Q1,2023-05-09,2023-03-31,-67848000.0,22902000.0,-54341000.0,-0.21,-36510000.0,-1.5941839141,412854000.0,-58536000.0,205689000.0,190898000.0,465963000.0,11143000.0,-1778161000.0,482005680.0,404937680.0,-0.18459267948875624,1.0774811679535667,0.21254729274755724,-1.4990945742790762,-0.5033725563669231,-0.18459267948875624,1.1590815908159082,21.04644485197799,-1.7760496993279096,-8.234346043460434,0.0,5.331777797720542,0.0,0.055472394599543666,0.9987008769080871,-0.16433896728625616,-7.984456665783196,-1.5941839140686402,0.39999999999999997,0.5946284278992287,3.528119011466074,0.8330063088764672,-0.12041981218928374,0.303394320211914,0.05914434613986184,0.3052567927022858,-0.30747733215742673,0.8633272492148995,Biotechnology,Healthcare,AGEN
2022Q4,2022,Q4,2023-03-16,2022-12-31,-97398000.0,28386000.0,-57757000.0,-0.35,-32586000.0,-1.1479602621,413556000.0,-61278000.0,213122000.0,188952000.0,468458000.0,13829000.0,-1709907000.0,676183200.0,575937200.0,-0.21749608685930086,1.127916084508235,0.1896429987716295,-1.2798720584875485,-0.9210800919019205,-0.21749608685930086,1.5894448252227553,23.82101035721835,-1.735618801207417,-11.034681288553804,0.0,4.40899558897968,0.0,0.06863883004961843,1.0378244210169778,-0.23551344920639528,-10.962051747616886,-1.1479602621010356,-0.34615384615384603,0.0037832700565260794,0.21757619422765354,0.7103687523912976,-0.38387055675882276,-0.311263092705781,-0.38688918237483494,-0.6685177805922233,-0.5763739720241496,0.8599984031670023,Biotechnology,Healthcare,AGEN
2022Q3,2022,Q3,2022-11-08,2022-09-30,-74278000.0,22772000.0,-41645000.0,-0.26,-23547000.0,-1.034033023,429019000.0,-20385000.0,251432000.0,173073000.0,440855000.0,21989000.0,-1638814000.0,588050700.0,458869700.0,-0.07106402560187412,1.452751151248317,0.18454427426291142,-3.883885209713024,-0.4380718181580062,-0.07106402560187412,3.643757664949718,25.823410328473564,-1.9792223134710138,-28.847225901398083,0.0,2.106462322070126,0.0,0.05307923425302842,1.3118915139854281,-0.17313452317962608,-12.273813946692826,-1.0340330230107149,-0.44444444444444453,0.2979142337081012,1.360528769445866,0.8624124810755712,0.09636196177757311,-0.45346743894802755,0.06552227084034556,0.2163637250085802,-0.4521098298765861,0.9510245527284985,Biotechnology,Healthcare,AGEN
2022Q2,2022,Q2,2022-08-09,2022-06-30,-51104000.0,20926000.0,-44565000.0,-0.18,-26058000.0,-1.2452451496,456174000.0,3416000.0,288934000.0,159723000.0,442536000.0,28622000.0,-1584592000.0,537444020.0,389246020.0,0.012330660968187905,1.8089692780626458,0.17578160964894973,23.473946135831383,-0.30819118443385535,0.012330660968187905,-14.960187353629976,25.683074643983563,-2.629168069035692,157.331387587822,0.0,1.6415344839633847,0.0,0.04587284676461175,1.6110641548180287,-0.11202742813049407,-8.681754624020677,-1.2452451495746917,0.28,0.42296000594353717,0.7809161996188464,1.0699753386478161,-0.5288664632715325,0.19480683178924812,-0.25673274865345025,0.509496226800539,-0.3528551029352703,1.010558875455472,Biotechnology,Healthcare,AGEN
2022Q1,2022,Q1,2022-05-10,2022-03-31,-63468000.0,25941000.0,-35461000.0,-0.25,-17044000.0,-0.6570294129,441305000.0,15718000.0,290483000.0,163062000.0,413655000.0,21730000.0,-1538158000.0,635442600.0,452046600.0,0.06084936703960358,1.7814266965939336,0.14573367625565084,4.091678330576409,-0.34169088596345276,0.06084936703960358,-4.037918310217585,24.49568636521337,-2.503003875968992,40.42770072528311,0.0,1.9781408191440406,0.0,0.05878247470570241,1.618850498583361,-0.14381890076024517,-11.160843066654957,-0.6570294128985005,0.26470588235294124,-0.34334040645441805,-0.6516290750982817,-0.3610242286757218,0.5002638831877089,0.2460352344408938,0.2754040744600421,-2.722031184559993,-0.8369624602836528,1.067957384616362,Biotechnology,Healthcare,AGEN
2021Q4,2021,Q4,2022-03-01,2021-12-31,-84179000.0,20261000.0,-48939000.0,-0.34,-34106000.0,-1.6833325107,465958000.0,34440000.0,331974000.0,156943000.0,418049000.0,0.0,-1489833000.0,758010540.0,524366540.0,0.14629981266487402,2.1152520341780137,0.12509067340833294,1.6924216027874563,-0.4432833002500774,0.14629981266487402,-2.4442218350754934,37.412296530279846,-2.2511865786003633,22.009597560975614,0.0,0.0,0.0,0.043482459792513486,1.965305875381508,-0.18065791337416678,-23.77028254256954,-1.6833325107349095,-1.4722222222222223,-0.1965965064367787,0.3493105855313119,1.326863402296366,-1.1630305927342257,-1.4714536941619247,-1.2609523301695638,0.028804579988514847,0.7305770022693727,1.1100212592735494,Biotechnology,Healthcare,AGEN
2021Q3,2021,Q3,2021-11-09,2021-09-30,178552000.0,252954000.0,187540000.0,0.72,209200000.0,0.827027839053741,437639000.0,41854000.0,308401000.0,150131000.0,402086000.0,0.0,-1424322000.0,1235886750.0,1033953750.0,0.17779420323099993,2.054212654281927,0.1247512218975,1.304439241171692,1.361768251063768,0.17779420323099993,4.266067759353945,4.885816195830071,1.730429720753618,29.528521766139438,0.0,0.0,0.0,0.5779969335456849,1.8870253312107426,0.4079892331350725,11.339762999256791,0.827027839053741,2.9459459459459456,2.622252630682808,20.075959897610176,1.736945036193282,6.902101847933418,3.1437387441469564,3.824610286919196,3.632650570789316,8.650335553735557,1.1567566547254686,Biotechnology,Healthcare,AGEN
2021Q2,2021,Q2,2021-08-09,2021-06-30,-83290000.0,10730000.0,-66395000.0,-0.37,-35445000.0,-3.303355079217148,192299000.0,-247118000.0,92854000.0,168754000.0,448051000.0,0.0,-1602874000.0,1223753940.0,1207061940.0,-1.1086197769463362,0.5502328833686905,0.2956385628630414,-0.23005608656593207,0.43338489957637355,-1.1086197769463362,0.33704546006361336,114.049761416589,-3.673171869372074,-4.952103610420933,0.0,0.0,0.0,0.05579852209319861,0.44430946822001255,-0.433127577366497,-21.162327978280043,-3.303355079217148,-0.37037037037037024,-0.14742474449198287,-0.36498133595410165,-6.71252570352769,-0.35997390937344126,-0.5516888052610988,-0.604868144352324,-0.5919877227138237,-0.6816652794457662,-0.0339216020702932,Biotechnology,Healthcare,AGEN
2021Q1,2021,Q1,2021-05-07,2021-03-31,-53677000.0,11719000.0,-41371000.0,-0.27,-26063000.0,-2.223995221435276,234915000.0,-189660000.0,135663000.0,138374000.0,432864000.0,0.0,-1519584000.0,544900320.0,483155320.0,-0.9467331566257843,0.9804081691647275,0.2452844645935764,-0.3038120847832964,0.43643057577483807,-0.9467331566257843,0.2830169777496573,46.497168700401055,-2.5378668703541556,-2.873037646314458,0.0,0.0,0.0,0.04988612902539216,0.8783369708182173,-0.2284954132345742,-12.689807172799254,-2.223995221435276,-0.4383123801406351,0.2690955351892864,-0.14899517850381275,-2.8462181892144187,-4.1013897044431395,-0.42731406387108783,-0.9057950985811682,0.4923494238969948,2.6677133485951274,0.14352798403577335,Biotechnology,Healthcare,AGEN
2020Q4,2020,Q4,2021-03-16,2020-12-31,-37607000.0,31264000.0,-21708000.0,-0.18772,-5109000.0,-0.16341479017400204,214514000.0,-203672000.0,113783000.0,129884000.0,426012000.0,0.0,-1465907000.0,637052580.0,592908580.0,-1.0166773989048126,0.8760355394043916,0.25978257829325824,-0.27361149298872695,0.19394264272313053,-1.0166773989048126,0.1846449192819828,20.37655386386899,-4.234933523014333,-3.127835834086178,0.0,0.0,0.0,0.1457434013630812,0.7778325274860645,-0.17531256701194328,-17.48991269492642,-0.16341479017400204,0.3295714285714286,-0.021987617693513917,0.7358591532992258,-2.221348850276113,0.7194860813704497,0.2648134029284695,0.3760096582253011,0.4590246736456569,0.8859990412754387,-0.35387053492534626,Biotechnology,Healthcare,AGEN
2020Q3,2020,Q3,2020-11-09,2020-09-30,-51153000.0,14832000.0,-34789000.0,-0.28,-18213000.0,-1.2279530744336569,204483000.0,-198488000.0,125451000.0,146895000.0,410806000.0,0.0,-1428300000.0,730668000.0,653277000.0,-1.0866111558190588,0.8540181762483406,0.1797362127903053,-0.1851648462375559,0.2399092470122544,-1.0866111558190588,0.2577133126435855,49.26294498381877,-3.570992903642015,-3.6811696424972795,0.0,0.0,0.0,0.07253414709291237,0.7866707512168556,-0.25015771482225907,-22.484859675036926,-1.2279530744336569,0.0,-0.8047370478301094,0.0027086488288906112,-2.1937941005232218,-0.48811177383773185,-0.07735888795282224,-0.045531045260563806,0.24072012292641748,1.414396836943395,-1.10379487650088,Biotechnology,Healthcare,AGEN
2020Q2,2020,Q2,2020-08-10,2020-06-30,-47480000.0,26945000.0,-33274000.0,-0.28,-12239000.0,-0.4542215624420115,185784000.0,-218622000.0,104759000.0,142272000.0,411748000.0,0.0,-1377147000.0,664680900.0,622841900.0,-1.2926269733341216,0.7363290035987404,0.20094303061619945,-0.17076049070999258,0.20251608309038788,-1.2926269733341216,0.2171785090247093,24.66806086472444,-3.499794123841618,-3.040320278837446,0.0,0.0,0.0,0.14503401799939714,0.6733510458839406,-0.255565603065926,-17.26757852077001,-0.4542215624420115,0.09677419354838701,0.46942317682138124,0.9081514640517262,-2.1322865800649677,0.42364021662349893,-0.06281058333706406,-0.21154966501602096,0.12184215245118245,2.756179235070557,-6.335536224515083,Biotechnology,Healthcare,AGEN
2020Q1,2020,Q1,2020-05-11,2020-03-31,-44674000.0,15128000.0,-27464000.0,-0.31,-21235000.0,-1.403688524590164,180055000.0,-195922000.0,102774000.0,127342000.0,382555000.0,0.0,-1329667000.0,355399450.0,292573450.0,-1.350618015869186,0.8070707229350882,0.1636055649662603,-0.15035575382039792,0.18280571900210335,-1.350618015869186,0.22801931380855647,23.4928245637229,-1.988849498589784,-1.8139843917477365,0.0,0.0,0.0,0.08401877204187609,0.7454492626156335,-0.24811307655994003,-10.111225070414521,-1.403688524590164,-0.4962112071045899,-0.09549813301083901,0.7586608616983377,-2.94645999946629,-8.102014573510502,-0.4864082515388454,-0.4247769246731687,-0.6837463114785595,-0.6382344097226261,-15.182763608581025,Biotechnology,Healthcare,AGEN
2019Q4,2019,Q4,2020-03-16,2019-12-31,-30055000.0,34500000.0,-19276000.0,-0.20719,-2333000.0,-0.0676231884057971,155335000.0,-225356000.0,86536000.0,122209000.0,386672000.0,0.0,-1284993000.0,590398270.0,551983270.0,-1.5535257581293387,0.7080984215565138,0.15059709659767598,-0.10380464686984149,0.10008515233961246,-1.5535257581293387,0.13336676192335684,17.112993333333332,-4.910982116120446,-2.6198471307619946,0.0,0.0,0.0,0.22210062123796956,0.6390773183644413,-0.19348504844368622,-17.980212876111583,-0.0676231884057971,0.3721515151515151,0.4987509540492367,8.231755114063965,-5.241719472900981,0.9109270006108735,0.3390728768087259,0.4634078445564123,0.30668689973296936,2.728540387739072,-2.4708910804990762,Biotechnology,Healthcare,AGEN
2019Q3,2019,Q3,2019-11-07,2019-09-30,-45474000.0,19940000.0,-35923000.0,-0.33,-26192000.0,-1.3135406218655967,174807000.0,-199687000.0,107186000.0,132948000.0,379679000.0,55000.0,-1254938000.0,355057020.0,285186020.0,-1.4510133048488945,0.8062249902217409,0.13387907806895605,-0.11719841552028926,0.2154587111942805,-1.4510133048488945,0.22772639180317197,17.806269809428287,-1.951978163346088,-1.778067776069549,0.0,838.7636363636364,0.0,0.11406865857774574,0.7190931792881428,-0.26013832398016096,-12.404172023476802,-1.3135406218655967,0.13157894736842102,-1.5602146152141358,4.82318343973497,-2.8655430818388408,0.11297751286914115,0.10190780898210688,0.12693821999708355,0.29326288327872724,1.8419206072189693,-5.014352734939775,Biotechnology,Healthcare,AGEN
2019Q2,2019,Q2,2019-08-09,2019-06-30,-50634000.0,15715000.0,-41146000.0,-0.38,-29528000.0,-1.8789691377664652,206707000.0,-157228000.0,138938000.0,121739000.0,368317000.0,55000.0,-1209464000.0,395829840.0,296321840.0,-1.1678005882527704,1.1412776513689122,0.1074419347191919,-0.1412534663037118,0.3252931084916475,-1.1678005882527704,0.32204187549291474,25.188026726057906,-1.954367816091954,-2.517553107588979,0.0,822.6,0.0,0.07602548534882708,1.017931804926934,-0.24495541999061474,-10.708233193561478,-1.8789691377664652,-4.166666666666667,-2.0335562786365564,1.3772054645157,-2.2686139606821096,-1.742637257614245,-3.7360855938614503,-2.5699786324786325,-0.15487277854199769,0.5397907685631878,-7.017474174386507,Biotechnology,Healthcare,AGEN
2019Q1,2019,Q1,2019-05-10,2019-03-31,18506000.0,79891000.0,26208000.0,0.12,39761000.0,0.4976906034471968,245933000.0,-116134000.0,179123000.0,105511000.0,365216000.0,55000.0,-1158830000.0,378724000.0,241278000.0,-0.8954047802621434,1.6976713328468123,0.08481984930855152,-0.17962009402931098,-0.29805188158897317,-0.8954047802621434,-0.15935040556598412,4.74050894343543,5.116232573219496,-3.261094942049701,0.0,729.6363636363636,0.0,0.32484863763708,1.5079186056430136,0.07524813668763444,5.043869696081826,0.4976906034471968,1.3733781387099786,21.177252964264536,42.20068757413817,-1.715314717850938,2.3441499070781706,1.3875206214535822,1.6647483286619427,1.3892181824815768,7.960814902856384,-2.7461230553298726,Biotechnology,Healthcare,AGEN
2018Q4,2018,Q4,2019-03-18,2018-12-31,-47754878.0,6450458.0,-39425447.0,-0.32139,-29580778.0,-4.585841501487181,136400708.0,-172467447.0,74807680.0,68062216.0,310946455.0,55491.0,-1177311393.0,308686000.0,268990077.0,-1.3297413030069392,1.0991073226296364,0.09792916910665889,-0.07745002452549785,0.2477876116762333,-1.3297413030069392,0.27689212561950893,47.85489650502336,-1.6159919830598246,-1.7898218206940812,0.0,649.3167540682273,0.0,0.047290502333756215,0.793269381649284,-0.35010725897405165,-8.47730600252617,-4.585841501487181,-0.10824137931034493,-1.273666794225371,3.5196195555536907,-9.587590993215922,-0.7347514054606169,-0.44162753538268057,-0.5119850445377614,-1.004485258091753,-0.44681718951197624,-2.597436918870901,Biotechnology,Healthcare,AGEN
2018Q3,2018,Q3,2018-11-07,2018-09-30,-33125670.0,12802427.0,-26075289.0,-0.29,-17051883.0,-1.3319258137539078,130475239.0,-130407976.0,67635727.0,58190385.0,261867857.0,55491.0,-1129556515.0,259848960.15999997,226879512.15999997,-1.1342051381638287,1.1623179155800396,0.10116828373849539,-0.10122046522675883,0.22247017738205968,-1.1342051381638287,0.2540156746240736,20.29685153916519,-1.961084561912257,-1.992584871955991,0.0,538.0027391829306,0.0,0.09812150641088306,0.8977128781670718,-0.25388472367542475,-10.261241155098539,-1.3319258137539078,-0.2083333333333333,-0.19455386771013256,3.5908574964528874,-10.963174513836313,-0.27453521413526955,-0.3426936951014053,-0.57345294782162,-0.856756905586039,0.37503864637865103,-2.2460827366552203,Biotechnology,Healthcare,AGEN
2018Q2,2018,Q2,2018-08-09,2018-06-30,-24671055.0,15894625.0,-16572017.0,-0.24,-13378903.0,-0.841724985647664,131936152.0,-112707118.0,67704831.0,51317250.0,245023025.0,55491.0,-1096430845.0,238606455.52,208495982.52,-1.0722474264262103,1.3193386434386098,0.09893734811971779,-0.11581711281092291,0.16629604488864713,-1.0722474264262103,0.21889526977346718,15.011770049309122,-2.417878517152996,-2.117048681166703,0.0,527.5365014146438,0.0,0.12047209774618862,1.0539068052165694,-0.1869923794654857,-7.645061371745149,-0.841724985647664,0.5471698113207547,0.41339522604806406,4.215190527839238,-0.7295797012486767,0.5188352599962799,0.5443143473723642,0.6030540803768674,0.5564019759657681,0.8111284793948963,-1.939243413991312,Biotechnology,Healthcare,AGEN
2018Q1,2018,Q1,2018-05-10,2018-03-31,-54140513.0,1636041.0,-41748803.0,-0.53,-27805244.0,-16.995444490694304,130815696.0,-113386561.0,65193078.0,30162218.0,244049287.0,62241.0,-1071759790.0,483134533.14,443698548.14,-1.1053871451479247,2.161415251358504,0.0987010687157908,-0.11387283365971387,0.41551470082402264,-1.1053871451479247,0.4774861546422596,295.30710608108234,-2.2309288662447657,-4.260950582494516,0.0,473.02075802124,0.0,0.012506457940643452,1.7729618226351922,-0.4138686308713291,-11.573602639234789,-16.995444490694304,-0.5142857142857145,-1.2678895375180927,-0.6394963357405955,0.019457482117804053,-0.18230136118876947,-0.5453457048873221,-0.3920193625275449,-0.8775117420602173,-0.7310334581114892,-2.5930424714274403,Biotechnology,Healthcare,AGEN
2017Q4,2017,Q4,2018-03-16,2017-12-31,-35034564.0,8354271.0,-29991539.0,-0.35,-23517899.0,-2.815074947891923,138402024.0,-75815792.0,73553554.0,56438121.0,214217816.0,79491.0,-1026475773.0,329132860.0,431971002.0,-0.7509413734016105,1.3032601492881026,1.177907333204896,-2.150274430952327,-0.3439043028683048,-0.7509413734016105,0.46210114114484224,39.396957556200896,-2.348629627587202,-4.341217724138527,0.0,400.9531896692707,0.0,0.060362347013075475,1.0865193403586204,-0.25313621136060843,-12.36360810170849,-2.815074947891923,0.054054054054054106,-0.5744197542833216,0.8733938309641265,0.20040939200441316,-0.04853431055474382,0.049051554533018786,0.05282172793149186,0.16048092695533062,2.2119646957268335,-3.0503571504344684,Biotechnology,Healthcare,AGEN
2017Q3,2017,Q3,2017-11-07,2017-09-30,-36841707.0,3359399.0,-31664091.0,-0.37,-22429308.0,-6.676583519849831,149270244.0,-51594260.0,84343669.0,54406752.0,200864504.0,80241.0,-991441208.0,440523631.8,518695805.8,-0.51650052386588,1.5502426794380226,0.9596522867611846,-2.7764237921040054,-0.34547693338735286,-0.51650052386588,0.7140660026909971,131.131679148562,-2.989299815831009,-8.538229481341528,0.0,321.3906481723807,0.0,0.022505483410343995,1.3278179149529088,-0.2468121308892615,-16.251552412207865,-6.676583519849831,-0.15624999999999997,-0.579002357829257,-0.05051305335221477,0.3238408125675275,-0.037584092933394854,-0.16172100424803146,-0.09609424084857057,-1.8575953830274177,0.3515891044213796,-1.6640559227432254,Biotechnology,Healthcare,AGEN
2017Q2,2017,Q2,2017-08-07,2017-06-30,-31713042.0,4207573.0,-28888110.0,-0.32,-21616858.0,-5.137607357020306,176491000.0,-17480819.0,110690367.0,32912402.0,193971819.0,87000.0,-954599502.0,387879820.0,444726798.0,-0.17621438075845244,3.3631810586173563,0.7857437886351145,-7.9330783643489475,-0.23835882946787765,-0.17621438075845244,1.814162254068302,92.18611774531304,-3.057731106337891,-22.188881424834847,0.0,296.83254022988507,0.0,0.023840156155271373,3.0599310253927987,-0.1796864542667898,-13.672265478662753,-5.137607357020306,-0.7777777777777779,-0.05962193685133786,0.5528083573207314,0.7612957005528471,-2.803007592342775,-0.8542191483817131,-1.1789756801654832,-1.578626813063758,-0.1361769936367725,-1.1914265378454654,Biotechnology,Healthcare,AGEN
2017Q1,2017,Q1,2017-05-04,2017-03-31,-17103179.0,26955843.0,-13257656.0,-0.18,-5684148.0,-0.21086886431264643,203268678.0,8904735.0,137950364.0,36354328.0,194363943.0,87450.0,-923643415.0,352525612.4,372964623.4,0.09522953728510422,3.7946063533343266,0.6607164877610903,15.08219694353622,-0.09257641743319085,0.09522953728510422,-1.920683658750092,13.077892329317988,-5.152925260268866,39.588557368635904,0.0,373.24174957118356,0.0,0.132611887208712,3.5923955189049295,-0.0841407499093392,-23.119444433878403,-0.21086886431264643,0.4,-1.603656624597447,-0.5185956793306542,1.1311988793816787,0.7214624818653962,0.345289581439508,0.3261945440366517,-24.865267400782287,19.21791519521644,-0.923923692283364,Biotechnology,Healthcare,AGEN
2016Q4,2016,Q4,2017-03-16,2016-12-31,-26123273.0,5575971.0,-19675792.0,-0.3,-20407118.0,-3.6598321619678438,156985986.0,-39126266.0,91312202.0,40851200.0,196112252.0,88200.0,-905329320.0,360153920.0,419394389.0,-0.44758700924315914,2.235239160661131,0.8324850410532822,-3.340172686041648,-0.21488985538893504,-0.44758700924315914,0.6676658846003858,64.59035027262516,-3.4466768386947533,-9.204914161755175,0.0,294.59284580498866,0.0,0.0355189093120707,2.1489892340983863,-0.1664051273978048,-17.616211805849204,-3.6598321619678438,0.36170212765957444,-0.1086825581998183,1.2130499885469346,0.6214799024626521,-0.19048481042454274,0.35930787923142277,0.4568317013772896,-0.8453795956327601,4.7967007342259045,-2.5637519696705953,Biotechnology,Healthcare,AGEN
2016Q3,2016,Q3,2016-11-09,2016-09-30,-40773520.0,4446171.0,-36224117.0,-0.47,-17141855.0,-3.8554196408550188,174841885.0,-21039424.0,109526224.0,34848911.0,195881309.0,88200.0,-879206048.0,626146260.0,677116958.0,-0.2412584310892474,3.1428879944053345,0.7229914445271509,-6.008205690421943,-0.3437809478607255,-0.2412584310892474,1.9379579973292045,140.82820026490208,-3.8391722127498435,-29.76061797129047,0.0,244.76219954648525,0.0,0.025429667496435424,3.032614792467977,-0.23320224441643375,-21.705911447810795,-3.8554196408550188,-0.4242424242424241,-0.7082820919208511,0.5771471906481235,0.6964337833862672,-0.08702583550360915,-0.43974908932343953,-0.534417430085303,-0.9385654627306717,1.1020781751049122,-1.5447043192975938,Biotechnology,Healthcare,AGEN
2016Q2,2016,Q2,2016-08-04,2016-06-30,-28319879.0,6592285.0,-23607733.0,-0.33,-15769501.0,-2.392114570289361,196454266.0,16877144.0,136068517.0,33062851.0,179577122.0,88200.0,-838428755.0,352208250.0,401081641.0,0.19406823434715115,4.1154502072431685,0.6223898085267336,7.2447763081241705,-0.1696588237308896,0.19406823434715115,-1.6780018586083048,53.42733968570837,-3.1091962822298784,20.86894856143907,0.0,253.53498866213152,0.0,0.033556334174998266,4.013878355499349,-0.14415507271295397,-17.505941418102122,-2.392114570289361,0.10810810810810806,-0.07486129387720877,0.8317921217526884,1.215019653647834,0.17348899625893663,0.108835334376827,0.15593588687067522,0.18611865161556582,1.614373896885645,1.3130401346849052,Biotechnology,Healthcare,AGEN
2016Q1,2016,Q1,2016-05-09,2016-03-31,-31778503.0,5958876.0,-27969123.0,-0.37,-19079602.0,-3.2018793477159115,221139321.0,44452740.0,161612811.0,31258094.0,176686581.0,88200.0,-810965967.0,360617920.0,400595402.0,0.5127959209570062,5.1702708104979145,0.5349932678865374,2.6614343232835593,-0.1718418996595175,0.5127959209570062,-0.7148828846095876,60.517775499943276,-2.8369643466213623,8.112389022588934,0.0,283.88297052154195,0.0,0.02694625258436061,5.069222358855278,-0.14370353882021733,-15.631515435657859,-3.2018793477159115,-1.0555555555555556,-0.1563333798728758,0.9246070175820607,1.7743741101535628,-0.8505722878390519,-1.036166858983933,-0.5412990444803535,-0.5751654090075853,0.5537210462533181,1.4548797276158068,Biotechnology,Healthcare,AGEN
2015Q4,2015,Q4,2016-03-15,2015-12-31,-15607023.0,7638834.0,-18146461.0,-0.18,-10310109.0,-1.3496966945478852,242228484.0,70727550.0,184095366.0,28934090.0,171500934.0,88200.0,-779187464.0,385745640.0,363515317.0,0.8324217922463103,6.362576669941927,0.4725808794642004,1.6185001459827182,-0.09798299784935321,0.8324217922463103,-0.22066398454350533,50.49797390544159,-6.179039397840318,5.453965816714986,0.0,203.50275510204082,0.0,0.031535655402112,6.271769563169258,-0.06443099813149968,-18.942527990571598,-1.3496966945478852,-0.12499999999999993,-0.43016221702923624,0.7021981033843853,2.0647242332693554,0.11530591256860705,-0.18935580326207802,-0.6395768398171592,0.1666021919968414,1.0354295234232123,1.8863496812753664,Biotechnology,Healthcare,AGEN
2015Q3,2015,Q3,2015-11-04,2015-09-30,-13122249.0,6848194.0,-11067771.0,-0.16,-11653869.0,-1.7017434085541385,242608250.0,76976104.0,208943281.0,28285870.0,165632146.0,88200.0,-763580441.0,389017399.99999994,315577952.99999994,0.9102165568943703,7.386843006773346,0.4562891533985345,1.4381023102961927,-0.05897287658843823,0.9102165568943703,-0.17047172197751137,56.80583815236542,-7.411408669352333,5.053742392574193,0.0,209.77395691609976,0.0,0.028227374790428604,7.29920218115971,-0.05408822247388537,-20.150751962383076,-1.7017434085541385,0.6981132075471698,0.5509790714964229,1.1417940125793793,1.5994122381774467,0.36651399014731734,0.6752753444306286,0.666583692448121,0.3356900842740636,1.2862456441189556,2.1915792125258227,Biotechnology,Healthcare,AGEN
2015Q2,2015,Q2,2015-08-03,2015-06-30,-40410387.0,6376699.0,-33195050.0,-0.53,-18396411.0,-2.8849426639080815,180109740.0,87190281.0,146283442.0,25320576.0,92919459.0,88200.0,-750458192.0,659116250.0000001,545879187.0000001,1.1416076072013093,5.777255699080463,0.0634471850328583,0.1310634151987651,-0.33660324207196113,1.1416076072013093,-0.4634735263670041,103.36323699770055,-4.077641288117335,7.559515148253738,0.0,280.87426303854875,0.0,0.03540452059949673,5.677327877533275,-0.2243653619176842,-46.84814503049107,-2.8849426639080815,-0.8928571428571428,-0.6984033250621747,0.654877858887147,1.9228021948596827,-2.4928718222905406,-1.1562026034149633,-0.8147649094371078,-0.7537805622685895,2.0566894807329836,2.5464495176138326,Biotechnology,Healthcare,AGEN
2015Q1,2015,Q1,2015-05-01,2015-03-31,-18741461.0,3953299.0,-18291653.0,-0.28,-5266844.0,-1.3322655331660975,117324298.0,46259184.0,85153960.0,20998973.0,71065114.0,88200.0,-710047804.0,342001710.0,274199867.0,0.6938842905785471,4.0551487922766505,0.09803906092836796,0.24865038691560146,-0.316675256002488,0.6938842905785471,-0.40514032845888504,86.51045873332627,-4.5621004413690045,7.393163485114654,0.0,104.53676870748299,0.0,0.033695483948261086,3.897232259882424,-0.15974066173402546,115.08292490876696,-1.3322655331660975,0.3170731707317072,0.5161953630694005,-0.03976169301475041,1.4310813244700444,0.08408288191153582,0.2785727123347405,-0.05576053197672573,-1.9278013210959006,-0.9009726536696552,1.9559727363990507,Biotechnology,Healthcare,AGEN
2014Q4,2014,Q4,2015-03-16,2014-12-31,-25978309.0,1619133.0,-17325570.0,-0.41,-5750350.0,-3.5514994753364917,74526528.0,23018387.0,42670301.0,9229423.0,51508141.0,95700.0,-691306343.0,249510530.0,229822548.0,0.3662490572642365,4.623290210016379,0.08086431988351853,0.2618140445722804,-0.5965093935174353,0.3662490572642365,-1.1285894619809806,154.10131842164913,-2.4011429111879456,10.839618345108196,0.0,77.00609195402299,0.0,0.021725592798312033,4.358245255418459,-0.34857801238238284,-20.414404745171073,-3.5514994753364917,-2.1538461538461537,-4.370650720650876,-0.28555720145190566,1.3271690741522308,-0.5452824859743918,-2.2035003787602734,-1.2583142333376434,-0.533497465674983,-0.10618878420938546,1.309733361370428,Biotechnology,Healthcare,AGEN
2014Q3,2014,Q3,2014-10-31,2014-09-30,-8109351.0,1563378.0,-7671904.0,-0.13,-3721229.0,-2.380249050453569,87631657.0,48870167.0,55218892.0,15609972.0,38761490.0,95700.0,-665328034.0,195406092.51,163736057.51,0.7777967279204564,3.537411341929377,0.07663999780353349,0.13742719561404404,-0.13801799966491718,0.7777967279204564,-0.1659366336931077,124.98966501383542,-6.02409775178063,3.9984740078747834,0.0,55.22055381400209,0.0,0.01784033365933044,3.389345285180524,-0.09253905811686296,-23.150397484907394,-2.380249050453569,-0.08333333333333341,0.8260868858296624,-0.6030821118269819,1.5881949809973273,-0.7319190585939973,-0.04478586295461002,0.06667516629010416,0.5284354862220222,-0.2302960832151973,1.9786717459917906,Biotechnology,Healthcare,AGEN
2014Q2,2014,Q2,2014-08-01,2014-06-30,-7761735.0,3074088.0,-8219972.0,-0.12,-2148616.0,-0.6989442071925072,100187697.0,57632709.0,67032088.0,18569232.0,42554988.0,95700.0,-657218682.0,201597760.0,160756081.0,0.9205326635573728,3.6098470846828774,0.07414783673488373,0.1288973072565442,-0.12634174390010913,0.9205326635573728,-0.13467586609541468,65.57969713293829,-6.493321403011055,3.497974735145627,0.0,54.573709508881926,0.0,0.03068328838819401,3.3827878826652604,-0.07747193749747536,-19.971227639852156,-0.6989442071925072,-11.0,0.8750088874496744,-0.5287666731105619,1.3925030965630147,0.4272918484187205,-20.71035738560556,0.16329094468031397,0.590801048344111,0.18650938722126437,2.01991248158398,Biotechnology,Healthcare,AGEN
2014Q1,2014,Q1,2014-05-09,2014-03-31,-357513.0,720856.0,-9824170.0,-0.01,-3751677.0,-5.204474957550468,108303769.0,63285402.0,75259922.0,14372955.0,45018367.0,0.0,-649177681.0,160265690.0,96134855.0,1.2517633957711098,5.236217743672056,0.08642779550912952,0.14790861247906745,-0.13523372523179505,1.2517633957711098,-0.0056492174925269496,222.32691411322094,-112.06983382422457,2.5324274624975915,0.0,0.0,0.0,0.006655871782264567,5.113165038087158,-0.00330102085366946,-15.564402737979,-5.204474957550468,0.9375,0.9916832050772503,-0.7442487397398647,1.4544623162641912,-0.31381020251648534,0.9381179434302599,-0.5774584699977375,0.9776943879697598,-0.6007922972129834,2.890290320394974,Biotechnology,Healthcare,AGEN
2013Q4,2013,Q4,2014-03-07,2013-12-31,-5777329.0,392577.0,-6227847.0,-0.16,-2855570.0,-7.273910595883101,34835481.0,-4480703.0,28174578.0,10295873.0,39316184.0,0.0,-649092036.0,94184640.0,75698911.0,-0.12559432111223232,2.736492379033813,0.2545175133364744,-1.9787609221142308,-1.4200876654329904,-0.12559432111223232,1.2893800370165127,239.91380034999503,-4.075613488516926,-21.02005868275581,0.0,0.0,0.0,0.011269458285935539,2.6567119660469785,-0.16584610960302226,-16.786521539977866,-7.273910595883101,0.3333333333333333,-1.3432039657011159,-0.7648640190894511,0.9414760857258301,0.11783550468272513,0.21060645664464953,0.08612674624074548,-0.260843975905277,-0.7916579660603311,0.8393562993006812,Biotechnology,Healthcare,AGEN
2013Q3,2013,Q3,2013-11-08,2013-09-30,-7318693.0,735992.0,-6814782.0,-0.24,-3237004.0,-4.398151066859422,37669970.0,-2876950.0,30876396.0,9652879.0,40546920.0,3273.0,-643314707.0,84055650.0,63176815.0,-0.09480804086340419,3.1986722303263098,0.24757367738811578,-3.241659743825927,-1.0566957501174963,-0.09480804086340419,2.543906915309616,114.20728757921282,-2.871265743760532,-29.216931124976103,0.0,1213.8698441796516,0.0,0.01953789716317799,3.1292275599849537,-0.19428454548809038,-18.327463706211645,-4.398151066859422,0.4000000000000001,0.7565434211527486,-0.6090369425389656,0.9649970953431692,-0.20511770452352304,0.34312170026873096,0.070071501030391,0.3020635299186181,-0.3584968511537261,0.9375652974660766,Biotechnology,Healthcare,AGEN
2013Q2,2013,Q2,2013-08-09,2013-06-30,-11141627.0,807396.0,-7328286.0,-0.4,-2686048.0,-3.326803699795392,21370927.0,-17263039.0,14446264.0,7176490.0,38633966.0,4023.0,-635996015.0,106371720.0,102158462.0,-0.6199468146232852,2.0129985550039087,0.43197377446472024,-0.5347656342547799,0.91245902468063,-0.6199468146232852,0.6454035700203191,131.74665220040723,-2.386808497538106,-6.161818901063712,0.0,868.3678846631867,0.0,0.03778011126985741,1.9016852249498013,-0.5213450497491288,-18.100457702584187,-3.326803699795392,-0.142857142857143,0.6397018209826149,-0.4751887887829988,0.665148856589979,-0.5637869282324284,-0.9094414259833601,-0.589926835411895,-0.28435429179183797,-0.4252949333008623,0.49887485190018066,Biotechnology,Healthcare,AGEN
2013Q1,2013,Q1,2013-05-10,2013-03-31,-5835019.0,1109242.0,-4609197.0,-0.35,-1717656.0,-1.5484952787579265,25133075.0,-28264217.0,18346244.0,5777765.0,47817168.0,16022.0,-624854386.0,96276480.0,115411829.0,-1.127321992661136,3.175318483877416,1.4462737647502344,-1.286053917573588,-0.5700860472796221,-1.127321992661136,0.20644545008977253,86.79483827694949,-4.124942866509946,-3.406302746684969,0.0,176.43852203220573,0.0,0.044134750721907284,3.007683074683723,-0.23216494599248202,-22.53308995707837,-1.5484952787579265,-0.5217391304347825,0.8046853421211109,-0.5165361098592481,0.6570212645295366,0.8243099768140917,-0.07260392827271808,-0.09001729669291204,0.5994739286577205,-0.28358016180146733,0.2996419369930078,Biotechnology,Healthcare,AGEN
2012Q4,2012,Q4,2013-03-18,2012-12-31,-5440050.0,1090200.0,-4228554.0,-0.23,-9776628.0,-8.967738029719317,29092623.0,-23180281.0,22614688.0,4812988.0,46692780.0,16022.0,-619019367.0,101196199.99999999,115645677.99999999,-0.9391573211247063,4.698679489747326,1.2345998159052212,-1.5494957546028023,-0.33197764767340693,-0.9391573211247063,0.23468438540499142,92.8235186204366,-4.650517918033842,-4.365615757634689,0.0,678.2441642741231,0.0,0.037473417230203,4.5752457724806295,-0.186990702075918,-30.854870557128166,-8.967738029719317,0.04813931929545757,0.7254932002213293,-0.5405958732062975,0.8145854952624026,-16.003618684566725,0.050496207168652836,0.06883938372642262,-2.7973133027959665,0.22492398988619253,0.16105386446365827,Biotechnology,Healthcare,AGEN
2012Q3,2012,Q3,2012-11-07,2012-09-30,-5729361.0,868804.0,-4541165.0,-0.241632,651618.0,0.7500172651138807,32223748.0,-18737069.0,25790273.0,4829088.0,45380693.0,16022.0,-613579317.0,112097530.0,122845087.0,-0.7638741489665294,5.340609448409306,1.1018402949278279,-1.8949294577503024,,-0.7638741489665294,0.3057767999893687,129.0251080796129,-4.891362666796525,-5.982660895362024,0.0,13.555486206466108,0.0,0.02696160608008727,5.203244587797944,-0.17779933606730042,-30.531000542815566,0.7500172651138807,0.2213557443188409,0.8324277727413133,-0.6822650861278078,0.8503363947347277,0.3076506285218899,0.17241285170959864,0.21316099395588906,0.685261196959646,-0.43498971218232046,0.4223337224148533,Biotechnology,Healthcare,AGEN
2012Q2,2012,Q2,2012-08-08,2012-06-30,-6922970.0,626786.0,-5771403.0,-0.310324,498312.0,0.7950273299020718,33268680.0,-16939751.0,26476891.0,4587511.0,44628307.0,18573.0,-607849956.0,120242280.0,129989496.0,-0.7382120102845688,5.771515534240681,1.058161279617947,-2.078166851448997,,-0.7382120102845688,0.4086819221840982,191.8394475945538,-4.34214939541844,-7.098231845320512,0.0,6.917245463845367,0.0,0.01884012230121544,5.569186864075094,-0.2080927166331817,-35.250253290430315,0.7950273299020718,-2.0700827586206896,0.7653308850929366,-0.8549935214932579,0.8360494867514021,-0.9626767475220294,-2.022956405584837,-1.7398684456796802,0.6958297832388514,-0.7378541999641611,0.6852360470980262,Biotechnology,Healthcare,AGEN
2012Q1,2012,Q1,2012-05-09,2012-03-31,6767610.0,13374926.0,7800580.0,0.29,13351248.0,0.9982296724482812,33205331.0,-16212102.0,25952344.0,5507817.0,43837309.0,18573.0,-600926986.0,147303334.76,156022753.76,-0.7258410874689419,4.711911089275479,1.0029956936734044,-2.0543174475462838,,-0.7258410874689419,-0.41744185917409105,11.013394373920274,5.441482841062059,-9.086010855347444,0.0,1.274861357885102,0.0,0.40279453922624653,4.474387584046456,0.20381094830827015,13.068527728383764,0.9982296724482812,2.0759869397447317,1.2668981019517944,0.9496479692101027,0.7792790336613483,19.73890067694143,2.1241081611168378,2.584854307862284,1.3563551128720597,9.740986461899032,0.7364778176408888,Biotechnology,Healthcare,AGEN
2011Q4,2011,Q4,2012-03-06,2011-12-31,-6020426.0,643778.0,-4921954.0,-0.26952,643778.0,1.0,19807530.0,-26411089.0,12004079.0,4753639.0,40638495.0,20072.0,-607694596.0,44671216.0,66846953.0,-1.1824656396190334,2.525239926717195,1.6621803930121524,-1.2465857806923448,,-1.1824656396190334,0.22795069146902652,69.3891621024639,-1.8549856770932822,-1.691381071034216,0.0,0.0,0.0,0.032501679916678156,2.2609943666315426,-0.3039463274825281,-10.686050144366593,1.0,0.03811219883011715,0.8210221908622302,-0.30944907508682357,0.4792236617341717,-0.015149591314417888,-0.08781909511419485,-0.10832328844979881,-1.571256028843323,-0.384102067173798,0.4489996274323923,Biotechnology,Healthcare,AGEN
2011Q3,2011,Q3,2011-11-04,2011-09-30,-5534400.0,653681.0,-4440901.0,-0.280199,653681.0,1.0,24368790.0,-16070609.0,15985121.0,5865389.0,40439399.0,26432.0,-601674170.0,57023304.599999994,73408657.6,-0.7947473002117103,2.7253300676221133,1.2769234336214477,-1.9362725457386214,,-0.7947473002117103,0.3443802285277428,87.23414723695502,-2.5758575726366,-3.5482976780780366,0.0,0.0,0.0,0.02682451611261782,2.5116366535962067,-0.2271101683752045,-16.758020681525835,1.0,0.06600022000073347,0.810243925749014,0.14116309302690086,0.1293059179062754,-0.16880162556966147,0.03876364830045931,0.05543212019272081,0.7237244845801997,-0.47891045602192794,0.7065811747374476,Biotechnology,Healthcare,AGEN
2011Q2,2011,Q2,2011-08-05,2011-06-30,-5757585.0,786432.0,-4701516.0,-0.299999,786432.0,1.0,22231125.0,-17152293.0,13295605.0,4806771.0,39383418.0,26432.0,-596139770.0,88938897.83999999,107526897.83999999,-0.9025604453116753,2.7660158971584043,1.376634605761067,-1.7842591658153228,,-0.9025604453116753,0.3356743614396046,113.0916567993164,-3.8618143648769405,-5.185248283713436,0.0,0.0,0.0,0.0353752677833443,2.4998744479402077,-0.2589875681055277,-22.057235401036706,1.0,0.0,0.8356413759065099,2.3032193100325946,-3.264225973613322,0.1704929890858649,0.03457195824650338,0.06389690735607477,0.7271834334071525,-0.2509779275140323,0.5125010888346603,Biotechnology,Healthcare,AGEN
2011Q1,2011,Q1,2011-05-06,2011-03-31,-5963764.0,671881.0,-5022434.0,-0.299999,671881.0,1.0,26427120.0,-12457124.0,16914270.0,5579465.0,38884244.0,26432.0,-590382185.0,102710937.42,120948432.42,-0.6622069542786186,3.031521839459518,1.0923651915153827,-2.317394127247991,,-0.6622069542786186,0.4787432476388611,152.87072773303606,-4.305625500103626,-8.24515654014522,0.0,0.0,0.0,0.02542392057855718,2.8012309423932225,-0.22566832859577585,-21.90842303454166,1.0,-1.33571317346621,0.8414852182332382,3.520160979478227,-1.313612985662182,-0.32376676288593387,-1.4683503490966614,-0.013470404358312957,0.7339410084340906,-0.6097031683076256,0.7985288096242269,Biotechnology,Healthcare,AGEN
2010Q4,2010,Q4,2011-03-16,2010-12-31,-2416093.0,993564.0,-4955679.0,-0.12844,993564.0,1.0,30906659.0,-14707212.0,20854160.0,5415923.0,45613871.0,26432.0,-584418421.0,113997853.61999999,128411971.61999999,-0.7818191473770311,3.850527417025685,1.10643127100862,-2.3251241635736264,,-0.7818191473770311,0.1642794705073946,114.73629642378346,-11.795681459695466,-7.751153217890651,0.0,0.0,0.0,0.03214724697354056,3.659021001591049,-0.0781738653796258,-78.05826653976253,1.0,0.6432212311700866,0.944782166076411,0.15475716427970482,-1.186688358361407,0.7761275940786451,0.5766742100792513,-0.014068139725377635,0.8400367717078143,-0.45066046014316075,0.8456482138352683,Biotechnology,Healthcare,AGEN
2010Q3,2010,Q3,2010-11-09,2010-09-30,-5707408.0,624447.0,-4886929.0,-0.359999,559399.0,0.8958310312964911,36616310.0,-25080001.0,25635252.0,40183585.0,61696311.0,26432.0,-582002328.0,98105841.9,133341858.9,-1.518515136864648,0.637953333432047,1.3557784222386144,-1.9794099290506408,,-1.518515136864648,0.2275680929996773,157.10835651384346,-4.297302816795295,-3.911716028240988,0.0,2.460956416464891,0.0,0.017053793787522555,0.6081864024825062,-0.1558706488993566,-23.425390967028996,0.8958310312964911,-0.20000066666888888,0.8478242872270239,2.753758658039335,-1.2317091487631466,-0.2514128036206313,-0.14796484626577056,-0.05118373353965829,0.752083065394715,-0.6608357019590425,0.7024818154397188,Biotechnology,Healthcare,AGEN
2010Q2,2010,Q2,2010-08-06,2010-06-30,-4971762.0,805171.0,-4648977.0,-0.299999,747273.0,0.9280922934382883,42106303.0,-19743203.0,30297958.0,4846721.0,61849506.0,90831.0,-576294920.0,77657155.776,108250197.776,-1.2371097658419603,6.251227995174469,1.1717746628099837,-2.4990422779930896,,-1.2371097658419603,0.25182144964016223,96.44802877401197,-3.904911165095996,-3.9333615612421147,0.0,0.6374255485462011,0.0,0.019122338999935474,5.933795033797076,-0.11807643145492969,-23.51322622786622,0.9280922934382883,0.5000008333347221,0.8880268580711854,3.5240074242104207,-1.1402460798070944,-0.20199630937989893,0.4357349416186965,0.3597290879034749,0.7576793885081944,-0.7321616365163308,0.725248603072095,Biotechnology,Healthcare,AGEN
2010Q1,2010,Q1,2010-05-07,2010-03-31,-8811040.0,936428.0,-7260953.0,-0.599999,936428.0,1.0,39120435.0,-24408018.0,26399856.0,5774242.0,63528453.0,85294.0,-571323158.0,66116686.2564,102119487.25639999,-1.6096366304700929,4.572003736594344,1.276643881899575,-2.0461663048593293,,-1.6096366304700929,0.36098957318041963,70.60520003289093,-1.8759614715289001,-2.7088101236405184,-0.022429247852693894,0.0,0.0029890336492910696,0.023937054892155467,4.198689282506691,-0.22522857938568425,-11.135745725845489,1.0,-5.999991666666666,0.754907154092554,2.89615645796595,-1.1386266354279262,0.7125885393139243,-5.738313047752364,-0.39720929641849506,0.4881644517508317,-0.7989369271515762,0.510525707809766,Biotechnology,Healthcare,AGEN
2009Q4,2009,Q4,2010-03-15,2009-12-31,1859531.0,546791.0,-5196754.0,0.12,546791.0,1.0,45874087.0,-16974967.0,31532829.0,5354948.0,62849054.0,324035.0,-562512118.0,58228538.879999995,87801901.88,-1.1194488911070544,5.88854065436303,1.0820963041727676,-2.924316730630463,,-1.1194488911070544,-0.10954548541979492,106.4913996024075,7.828390448989557,-3.4302593271609894,0.0,0.0,0.0,0.01191938708229768,5.614454332703137,0.04053554242943298,-15.485300397899499,1.0,1.1538465483244829,1.0533711760794593,1.1316299917006587,-1.0798629725777733,-0.39005668951946654,1.175218958799308,0.18377877897137437,1.0814270120138203,-0.13607896529111715,0.5069772221252036,Biotechnology,Healthcare,AGEN
2009Q3,2009,Q3,2009-11-09,2009-09-30,-10612613.0,896462.0,-6366845.0,-0.779998,896462.0,1.0,51350377.0,-18909980.0,35966778.0,6187082.0,70260357.0,23669.0,-564371649.0,177610185.54,196711456.54,-1.322345060819196,5.813205320375583,0.9369400345395712,-2.544276831598976,,-1.322345060819196,0.5612175687123941,198.12349607679968,-4.183940975233903,-9.392404727027738,0.0,0.0,0.0,0.017457749141744375,5.549241791203026,-0.20667059562191725,-31.95249597288511,1.0,0.23529457900897846,0.6963177567733859,0.6784556009418744,-1.0810800140089223,-0.29403324523796776,0.12203882048608873,0.19685513257637158,0.48547738152200837,1.2129456206574043,-0.4487095692359491,Biotechnology,Healthcare,AGEN
2009Q2,2009,Q2,2009-08-10,2009-06-30,-12087793.0,1269836.0,-7927393.0,-1.019998,1269836.0,1.0,39687162.0,-28582044.0,23273778.0,6639107.0,68269206.0,217479.0,-553759036.0,152825105.39999998,185781941.39999998,-2.3452876464366565,3.5055585035758576,1.235057447544372,-1.71492021354386,,-2.3452876464366565,0.422915624928714,120.3502699561203,-3.1607321824587826,-5.346892104707417,0.0,0.0,0.0,0.03199614021279728,3.2384817717202026,-0.3045769057510335,-27.91828910192776,1.0,-0.21428622449101062,-1.4160615837105055,3.190995399448794,-1.1265655610078982,1.0436594920126048,-0.2755656198365247,0.03178262979325975,0.46191872924099936,7.3171127672041285,-6.88355187981075,Biotechnology,Healthcare,AGEN
2009Q1,2009,Q1,2009-05-11,2009-03-31,-9476418.0,621354.0,-8187617.0,-0.839998,621354.0,1.0,46710658.0,-30698279.0,26395759.0,6061709.0,77408937.0,226300.0,-541671243.0,32767023.24,81479564.24,-2.754383259014651,4.354507779901675,1.3552559674924725,-2.062164396903162,,-2.754383259014651,0.3086954157918755,52.73487132938711,-0.8644358881172189,-1.0673895836310563,-0.020854398782324715,0.0,0.006031216157552919,0.013302188977941607,4.055822541134852,-0.20287485566998437,-3.3976417208166403,1.0,-2.787229787234043,0.6466307870317288,-0.11157909301912458,-1.1382804560413913,0.19129641204191894,-2.8020046322178738,-0.19244341745686003,0.5748639643048232,6.055617552029259,-2.304441688412221,Biotechnology,Healthcare,AGEN
2008Q4,2008,Q4,2009-03-16,2008-12-31,5258820.0,521578.0,-6866252.0,0.47,521578.0,1.0,56945044.0,-23918079.0,35486476.0,6996980.0,80863123.0,226376.0,-527336602.0,32098308.48,75611777.48,-2.1460341925158044,5.071684641088012,1.1938260509553738,-2.8423050613721945,,-2.1460341925158044,-0.21986799190687514,61.540763759207636,1.5259273220988738,-1.3420103044228593,0.0,0.0,0.0,0.009159322100093558,4.925357082627076,0.09234903743335417,-6.07495076475548,1.0,1.4607852172259161,1.1863187585654171,-0.6351696902706335,-1.145379508431956,-0.23808953409897657,1.4810589917064567,0.30245416186736307,1.2028562610658342,0.023171593648875964,-1.5124453676177558,Biotechnology,Healthcare,AGEN
2008Q3,2008,Q3,2008-11-05,2008-09-30,-10931757.0,684566.0,-9843442.0,-1.019998,684566.0,1.0,62503219.0,-29888642.0,42349108.0,9079299.0,92391861.0,226376.0,-532595422.0,104610055.68,152333646.68,-2.7085763822432565,4.664358779240556,1.2582170367897372,-2.6311872918147303,,-2.7085763822432565,0.3657495379013874,152.81222801015534,-2.3923431448393884,-3.4999935989062334,0.0,0.0,0.0,0.010952491902857036,4.501885663199329,-0.17489910399654776,-13.121075272863283,1.0,0.10526334256726774,0.6331763083062226,-0.48962411510623055,-1.1448585158701625,0.15108632231008906,0.08550890904108141,0.10356309246372931,0.5637456982769543,5.159272476482503,-1.4132997509563114,Biotechnology,Healthcare,AGEN
2008Q2,2008,Q2,2008-08-08,2008-06-30,-11953924.0,594713.0,-10980630.0,-1.139998,594713.0,1.0,72139869.0,-19929179.0,50824844.0,8507423.0,92069048.0,313486.0,-521663665.0,124650871.92,164206633.92000002,-1.8514101768025564,5.974176198832478,1.090140806881698,-3.94610410193014,,-1.8514101768025564,0.5998201932954689,209.59836411849076,-2.606902802795132,-6.254691772300304,-0.016532228245720818,0.0,0.001585428139859577,0.008243887994861759,5.765853537551854,-0.16570481989647085,-18.665093796493952,1.0,0.050000083333472084,0.5613554277792941,-0.6203069707289809,-1.1115097589199288,-0.3005219800899528,-0.07977173801901002,-0.08146894057580485,0.6008495358097538,3.954105272349445,-1.2098868076066003,Biotechnology,Healthcare,AGEN
2008Q1,2008,Q1,2008-05-09,2008-03-31,-11070788.0,850224.0,-10153440.0,-1.199998,850224.0,1.0,60218477.0,-30538019.0,37794434.0,7922304.0,90756496.0,320475.0,-509709741.0,131559837.84,173696716.84,-3.286856810859687,4.770636673371786,1.2877541555891558,-2.5393459215543746,,-3.286856810859687,0.3625247597101829,154.73550245582342,-2.970877904987432,-4.308067194535441,-0.017851032826208937,0.0,0.001502168163511625,0.014118988761539088,4.508548144580162,-0.18384370630960992,-14.32722278488622,1.0,-0.4945610342379593,0.446902028853781,-0.6780901319343041,-1.1661743628553993,-0.04820735105290909,-0.4840516686684969,-0.5669215330874949,0.49739525055882433,4.773510361651833,-1.2830737647227695,Biotechnology,Healthcare,AGEN
2007Q4,2007,Q4,2008-03-17,2007-12-31,-7459840.0,893287.0,-6479865.0,-0.80291,893287.0,1.0,44536842.0,-47060303.0,20781984.0,8382566.0,91597145.0,510872.0,-498638953.0,113721215.76,176788487.76,-5.06517719556958,2.4791912166274623,1.7411785505582098,-1.6478133173090705,,-5.06517719556958,0.15851661643572504,127.30647122369407,-3.8111144394517846,-2.416499863164927,-0.02649185505319149,0.0,0.0017378023852389387,0.02005725956052295,2.266373446985088,-0.1674981804951505,-18.357006671212286,1.0,0.4424224494912142,0.6920569226666992,-0.25126006702567777,-1.4079507427089106,0.03553779078192182,0.30839650608512875,0.3421396075841919,0.6505561070588418,4.683633563804624,-1.3613564769994055,Biotechnology,Healthcare,AGEN
2007Q3,2007,Q3,2007-11-14,2007-09-30,-10786296.0,862631.0,-9849909.0,-1.439997,862631.0,1.0,52635507.0,-39496048.0,27123360.0,8374721.0,92131555.0,472901.0,-491179113.0,112360754.88,167239943.88,-5.103940584703911,3.2387180420697,1.4532533713411366,-1.9367185294083094,,-5.103940584703911,0.2730981084487238,130.25355555272185,-2.6042479012257775,-2.8448607030252746,-0.01832185951507357,0.0,0.0017588436479539608,0.016388765857237777,3.0075185788278795,-0.20492432988248788,-23.655767292479197,1.0,-0.09090929752113064,0.43315087106465044,-0.3667052730616882,-1.3018651761937017,-0.40243713207839943,-0.09477845807943817,-0.09400110889421122,0.42961559142969863,1.9847040434430612,-1.312949763545177,Biotechnology,Healthcare,AGEN
2007Q2,2007,Q2,2007-08-09,2007-06-30,-9852492.0,1443582.0,-9003564.0,-1.319997,1443582.0,1.0,55235895.0,-34506731.0,28784252.0,7668280.0,89742626.0,442959.0,-480392817.0,131508182.52,185150080.51999998,-4.502651413876448,3.753677747813069,1.3848373055238807,-2.216748030985607,,-4.502651413876448,0.2855237721591187,91.09851918353097,-3.3369269043811456,-3.8110878286326226,-0.020058377109060326,0.0,0.0015027582026688328,0.026134853069729385,3.338879253235406,-0.1783711841729006,-19.807200202789012,1.0,-0.1578941366563801,0.4976688222113345,0.3330720892803565,-1.232574122037181,0.0,-0.13293536921879084,-0.1333456273637424,-2.1316177926377327,6.576570738416648,-1.242989640561205,Biotechnology,Healthcare,AGEN
2007Q1,2007,Q1,2007-05-10,2007-03-31,-8696429.0,2352807.0,-7944235.0,-1.139998,0.0,0.0,62967308.0,-25191084.0,35154998.0,6993148.0,88158392.0,308211.0,-470540325.0,102495549.9,157037183.9,-3.28850085929438,5.027063348294645,1.1987076531840937,-2.9962741579520755,,-3.28850085929438,0.34521853049277273,43.56309289287222,-2.9464838354915566,-4.068723279236416,-0.022724844875983002,0.0,0.0019281324915356153,0.03736553260304538,4.669048903297914,-0.1381102238005792,-11.241022135136772,0.0,0.24303926906681178,0.4846773378290842,0.9313604224438566,-1.1471302411635935,-1.0,0.2461901585687681,0.2751841205056518,0.528191003038444,3.894482021908694,-1.1650951794843578,Biotechnology,Healthcare,AGEN
