Year,Date,FillingDate,NetIncome,Revenue,OperatingIncome,EPSDiluted,GrossProfit,GrossProfitRatio,TotalAssets,CommonStockEquity,CurrentAssets,CurrentLiability,TotalLiability,Inventory,RetainedEarnings,EnterpriseValue,bookValuePerShare,currentRatio,debtToAssets,debtToEquity,roic,shareholdersEquityPerShare,roe,priceToSalesRatio,peRatio,pbRatio,payoutRatio,inventoryTurnover,dividendYield,assetTurnover,quickRatio,returnOnAssets,priceToFreeCashFlowsRatio,grossProfitMargin,epsdilutedGrowth,fiveYNetIncomeGrowthPerShare,fiveYRevenueGrowthPerShare,fiveYShareholdersEquityGrowthPerShare,grossProfitGrowth,netIncomeGrowth,operatingIncomeGrowth,threeYNetIncomeGrowthPerShare,threeYRevenueGrowthPerShare,threeYShareholdersEquityGrowthPerShare,Industry,Sector,Price,MarketCap,AvgVolume,Symbol
2022,2022-12-31,2023-02-10,-40931000.0,4129193000.0,454078000.0,-0.1,1846275000.0,0.44712732,24157840000.0,10152968000.0,752713000.0,1148723000.0,13936163000.0,0.0,-5449385000.0,30792568450.0,25.411070982532806,0.6552606677153674,0.5346276819450746,1.2720861525417986,0.013811425908579448,25.411070982532806,-0.004031431991118262,4.35912839385323,-439.75672351029783,1.772849323468763,-17.59837287141775,0.0,0.040018428213993304,0.17092558771810726,1.041777695754329,-0.0016943153858126388,27.022736205400438,0.4471273200356583,-1.7692307692307692,-1.0268348456011167,0.027423435678526675,-0.16905702053873614,0.06137647958333094,-1.8351901730329743,0.1663841111316606,-1.0865829056047436,-0.02337134065725146,-0.10971054219453841,REIT—Healthcare Facilities,Real Estate,48.29,19318511080,2338950,VTR
2021,2021-12-31,2022-02-18,49008000.0,3828007000.0,389304000.0,0.13,1739510000.0,0.4544166194,24717786000.0,10854385000.0,755122000.0,1207706000.0,13772026000.0,0.0,-4679889000.0,31643022200.0,28.356348864244943,0.6252531659195202,0.5081857250483518,1.157248982784377,0.015190530355193993,28.356348864244943,0.00451504161682122,5.111790338941386,399.28112144955924,1.8027708801558078,14.015834149526608,0.0,0.03510267176831002,0.15486852260958972,0.5629275668084782,0.0019827018487820875,32.9900837397812,0.4544166194053459,-0.888888888888889,-0.9320236434894339,0.0010597814083520205,-0.06555504247017044,-0.06256146936919021,-0.8884023418019852,-0.34303221353511865,-0.8886048402565248,-0.04885829159213403,-0.011108453444461415,REIT—Healthcare Facilities,Real Estate,48.29,19318511080,2338950,VTR
2020,2020-12-31,2021-02-23,439149000.0,3795357000.0,592577000.0,1.17,1855599000.0,0.4889129007,23929404000.0,10180167000.0,1066815000.0,1247756000.0,13651213000.0,0.0,-4030376000.0,30001968720.0,27.265772642540334,0.8549868724333924,0.5139627380606722,1.2081159375872714,0.033432775379383016,27.265772642540334,0.0431377009827049,4.824306835957724,41.694201102587044,1.7985919798761651,2.1150201867703218,0.0,0.050726962763152424,0.15860641577199333,1.0069653041139452,0.018351856987328226,19.869116131993675,0.4889129006836511,0.0,-0.07021034348116105,0.021688296716280333,-0.0583566802630086,-0.10019478979722368,0.014163448925674801,-0.31554283971807495,-0.6919000708656152,0.010578077630941677,-0.10840820630978168,REIT—Healthcare Facilities,Real Estate,48.29,19318511080,2338950,VTR
2019,2019-12-31,2020-02-24,433016000.0,3872750000.0,865762000.0,1.17,2062223000.0,0.5324957717,24692208000.0,10445892000.0,942147000.0,1262278000.0,14146756000.0,0.0,-3669050000.0,33435117980.0,28.542482177841777,0.746386295253502,0.5369587847307944,1.2692738925502964,0.04145360452301798,28.542482177841777,0.041453233481640435,5.456461682267123,48.80076482162322,2.0229494982333724,2.673619450551481,0.0,0.05478642517845995,0.1568409759062454,0.8305103946991075,0.01753654432199826,24.091488640302074,0.5324957717384288,0.026315789473684237,-0.26842038125167317,0.012094265238454577,-0.032683558935316985,0.00375320270701753,0.057511350121010975,0.0,-0.3718028445281741,0.05927292290261549,-0.05942127196425763,REIT—Healthcare Facilities,Real Estate,48.29,19318511080,2338950,VTR
2018,2018-12-31,2019-02-08,409467000.0,3745810000.0,0.0,1.14,2054512000.0,0.5484827047,22584555000.0,10215857000.0,880596000.0,2042309000.0,12312961000.0,0.0,-2930214000.0,31534988350.0,28.674882461089357,0.4311766730695502,0.4752672346211825,1.0506900204260885,0.0,28.674882461089357,0.04008151249572111,5.57251071196884,50.97740806951476,2.04325161853773,2.7709241526179156,0.0,0.05435592466449798,0.16585715326248404,0.3995257328837115,0.018130399292791026,22.719948396324067,0.5484827046753573,-0.6984126984126984,-0.2583238696800827,0.09499601662617323,-0.049008179616260604,-0.01589032067082885,-0.698137813589685,0.0,-0.09143573028450748,0.05675780757166898,-0.009692046225010282,REIT—Healthcare Facilities,Real Estate,48.29,19318511080,2338950,VTR
2017,2017-12-31,2018-02-09,1356470000.0,3574149000.0,0.0,3.78,2087686000.0,0.5841071539,23954541000.0,10866226000.0,1907707000.0,1876412000.0,13022356000.0,0.0,-2240698000.0,32517820260.0,30.58100448602129,1.0166781069402668,0.47072753345597396,1.0377164988101664,0.0,30.58100448602129,0.12483358987747908,5.965927346621531,15.71956125826594,1.9623292631682792,0.6140659211040421,0.0,0.03906380788974902,0.14920548884656148,0.9062428720344999,0.05662684164977321,21.100774400145664,0.5841071538987322,1.0322580645161288,2.073222164771266,0.18207504876086314,-0.009703544044909708,0.04308728326327576,1.0893487834068305,0.0,1.360449171721896,-0.0379426524025759,0.036402799142888284,REIT—Healthcare Facilities,Real Estate,48.29,19318511080,2338950,VTR
2016,2016-12-31,2017-02-14,649231000.0,3443522000.0,0.0,1.86,2001449000.0,0.5812214936,23166600000.0,10460240000.0,1366411000.0,1139690000.0,12637847000.0,0.0,-2487695000.0,32391450560.0,30.345659886917144,1.1989321657643746,0.48031761242478394,1.0637734889448043,0.0,30.345659886917144,0.06206654914227589,6.258369065160612,33.19439700199159,2.0602616727723264,1.5920496710723917,0.0,0.047961397550823785,0.14864166515587096,1.0799454237555826,0.02802444035810175,19.479146421488963,0.581221493575473,0.4880000000000001,0.18048876683423828,0.2930406228361952,-0.2525510319728833,0.06676072237770847,0.5537678027393064,0.0,0.21540981682458435,0.04039379195554706,0.006402532800785611,REIT—Healthcare Facilities,Real Estate,48.29,19318511080,2338950,VTR
2015,2015-12-31,2016-02-12,417843000.0,3286398000.0,0.0,1.25,1876193000.0,0.5708964648,22261918000.0,9564327000.0,1274402000.0,1075267000.0,12636491000.0,0.0,-2111958000.0,29793422730.0,28.95552070624351,1.1851958629810084,0.5034155637443278,1.1717495648151721,0.0,28.95552070624351,0.04368765308839817,5.671695798865506,44.608739957352405,1.9488511559673773,2.437537544005763,0.0,0.05464260022444343,0.1476242074020756,1.026206514289009,0.01876940702054513,16.004940494896985,0.570896464761724,-0.21875000000000006,-0.19522550447863418,0.5323109694402314,0.8999525654655726,0.006781121683491132,-0.12174867109320318,0.0,0.018358856265748184,0.169220724394757,-0.06234114877310702,REIT—Healthcare Facilities,Real Estate,48.29,19318511080,2338950,VTR
2014,2014-12-31,2015-02-13,475767000.0,3075746000.0,0.0,1.6,1863556000.0,0.6058874823,21226171000.0,8680184000.0,1292192000.0,1986428000.0,12471774000.0,0.0,-1526388000.0,34919793000.0,29.5068717600068,0.650510363325527,0.5129560107661434,1.2543618891028117,0.0,29.5068717600068,0.054810704473545725,7.831286783759127,50.627826225862655,2.774946821403786,1.8525370612085328,0.0,0.03659128189592673,0.14490347788114966,0.508429200554966,0.022414169752990307,22.714995148071065,0.6058874822563372,0.038961038961038995,-0.07411457413208687,0.7123188615848656,0.8258873705845144,0.10132343954811342,0.04907951110121299,0.0,0.013669143299118308,0.3533155626178858,-0.2732113610673523,REIT—Healthcare Facilities,Real Estate,48.29,19318511080,2338950,VTR
2013,2013-12-31,2014-02-18,453509000.0,2810053000.0,0.0,1.54,1692106000.0,0.6021615962,19731494000.0,8824281000.0,861871000.0,1432207000.0,10827683000.0,0.0,-1126541000.0,28412674140.0,30.15260683264196,0.6017782345708407,0.4746215365141636,1.061275360564787,0.0,30.15260683264196,0.05139330898460736,6.812148432787566,42.20974256299213,2.169298341700587,1.7798169385833578,0.0,0.042166022119827666,0.14241460884816934,0.4342067871473886,0.022984017327831334,18.815115136622765,0.6021615962403556,0.2520325203252033,-0.044197364989647436,0.44140056440072656,0.9588188610886939,0.12352115500300782,0.2500248070562293,0.0,-0.0141392962267375,0.47880134356369364,0.9785008630426754,REIT—Healthcare Facilities,Real Estate,48.29,19318511080,2338950,VTR
2012,2012-12-31,2013-02-19,362800000.0,2485299000.0,0.0,1.23,1506074000.0,0.6059930817,18980000000.0,9019128000.0,1046104000.0,1583448000.0,9890637000.0,0.0,-777927000.0,29789776240.0,30.880656294510793,0.660649418231606,0.4357868282402529,0.9170769058826973,0.0,30.880656294510793,0.0402256182637612,8.685655222973171,59.49958721058434,2.3934076819843337,2.020374862183021,0.0,0.03395611561190156,0.13094304531085352,0.5233105223537495,0.01911485774499473,26.670221106421675,0.6059930817177329,-0.2215189873417722,-0.4605756787778661,0.3517013554595239,1.075983612976003,0.3863642221461263,-0.00464480799356915,0.0,-0.28885535460077816,0.39360774423269257,0.9108972574968569,REIT—Healthcare Facilities,Real Estate,48.29,19318511080,2338950,VTR
2011,2011-12-31,2012-02-22,364493000.0,1764991000.0,0.0,1.58,1086348000.0,0.6154977561,17271910000.0,9274957000.0,122397000.0,1384013000.0,7915966000.0,0.0,-412181000.0,20766709880.0,40.59897221748018,0.08843630804045916,0.3722295912843455,0.6931693591679186,0.0,40.59897221748018,0.03929861885073969,8.149277180450213,39.46139124756854,1.550778173958111,1.4365214146773737,0.0,0.03640321258987255,0.10218852460440102,0.033097232468192135,0.02110322483153282,100.21320494955688,0.6154977560792094,0.012820512820512832,0.2650000550747104,0.9239590357680215,4.959711976309581,0.571238479829215,0.48067368899974405,0.0,-0.015922948039784286,0.15976572772664763,1.637451314303096,REIT—Healthcare Facilities,Real Estate,48.29,19318511080,2338950,VTR
2010,2010-12-31,2011-02-18,246167000.0,1016867000.0,0.0,1.56,691396000.0,0.6799276602,5758021000.0,2386726000.0,60752000.0,467772000.0,3367816000.0,0.0,-255628000.0,12263749440.0,15.240128218226399,0.1298752383639893,0.5036529043572435,1.2150720275389801,0.0,15.240128218226399,0.10314003366955403,9.229837766394228,38.12662720835855,3.932381613976636,1.398103726332124,0.0,0.036670008041666376,0.17660008534182142,0.046629554569320095,0.04275201497181063,61.21282391766563,0.6799276601561463,-0.10344827586206894,0.14398931070145246,0.9003571446789553,1.170440322357946,0.09961479860424136,-0.07627910467363365,0.0,-0.31741433425294746,0.031407638211393314,0.024533162085517243,REIT—Healthcare Facilities,Real Estate,48.29,19318511080,2338950,VTR
2009,2009-12-31,2010-02-19,266495000.0,931575000.0,0.0,1.74,628762000.0,0.6749451198,5616245000.0,2465511000.0,147229000.0,208419000.0,3132185000.0,0.0,-165710000.0,10183375700.0,16.16029128377227,0.70640872473239,0.47542459419060246,1.082980769503766,0.0,16.16029128377227,0.10808915474317494,8.180416713630143,28.59592750333027,3.0909096329320778,1.2167883074729358,0.0,0.04255110477991067,0.16587150311284496,0.5152937112259439,0.047450743334737,21.01744045583417,0.6749451198239541,0.074074074074074,0.20627038907957415,1.188818385155134,7.420953662206853,0.009537235357774773,0.1776806547408612,0.0,0.38493542103108014,0.5205834400108429,1.372244326497548,REIT—Healthcare Facilities,Real Estate,48.29,19318511080,2338950,VTR
2008,2008-12-31,2009-02-27,226288000.0,929766000.0,0.0,1.62,622822000.0,0.6698696231,5769984000.0,2148468000.0,232678000.0,197186000.0,3602379000.0,0.0,-110407000.0,8322072480.0,15.393259393001461,1.179992494396154,0.5455290690580771,1.4650876810825202,0.0,15.393259393001461,0.10532528294580137,5.755416395092959,23.647698861627664,2.4907005736180388,1.2764662730679488,0.0,0.05397845602386405,0.16113840177026487,0.8966762346211191,0.03921813301388704,18.200399571450436,0.6698696231094705,-0.27999999999999997,-0.20963733708501622,1.5781449955173084,20.686960849520304,0.08568749063043653,-0.19846414327106313,0.0,0.17996547157981807,0.9496667118140661,1.1922486740714409,REIT—Healthcare Facilities,Real Estate,48.29,19318511080,2338950,VTR
TTM,,,,,,,,,,,,,,,,31705571080.0,24.99316481203233,0.6482026285697744,0.541699424626851,1.3001539163134188,0.014743601442780316,24.99316481203233,-0.0062408477162856765,4.611851528951386,-301.7759086648127,1.9321282583929504,-11.275817892072618,0.0,0.03727479809484365,0.17457925609256383,0.5847346461707702,-0.0026675648849337056,32.412467144614034,0.43934446501741276,,,,,,,,,,,REIT—Healthcare Facilities,Real Estate,48.29,19318511080,2338950,VTR
