Quarters,Year,Quarter,FillingDate,Date,NetIncome,Revenue,OperatingIncome,EPSDiluted,GrossProfit,GrossProfitRatio,TotalAssets,CommonStockEquity,CurrentAssets,CurrentLiability,TotalLiability,Inventory,RetainedEarnings,MarketCap,EnterpriseValue,bookValuePerShare,currentRatio,debtToAssets,debtToEquity,roic,shareholdersEquityPerShare,roe,priceToSalesRatio,peRatio,pbRatio,payoutRatio,inventoryTurnover,dividendYield,assetTurnover,quickRatio,returnOnAssets,priceToFreeCashFlowsRatio,grossProfitMargin,epsdilutedGrowth,fiveYNetIncomeGrowthPerShare,fiveYRevenueGrowthPerShare,fiveYShareholdersEquityGrowthPerShare,grossProfitGrowth,netIncomeGrowth,operatingIncomeGrowth,threeYNetIncomeGrowthPerShare,threeYRevenueGrowthPerShare,threeYShareholdersEquityGrowthPerShare,Industry,Sector,Symbol
2023Q1,2023,Q1,2023-05-09,2023-03-31,17517000.0,1077245000.0,135370000.0,0.04,467608000.0,0.4340776704,23994168000.0,9996991000.0,716518000.0,1105392000.0,13669680000.0,0.0,-5611067000.0,17339523150.0,29726583150.0,24.99316481203233,0.6482026285697744,0.541699424626851,1.3001539163134188,0.0068543467389343546,24.99316481203233,0.001752227245178074,16.096174175791024,247.46707698236003,1.7344742182922843,10.356910429868128,0.0,0.010462917488016386,0.04489611809002921,0.5847346461707702,0.0007300524027338643,133.21596445940028,0.4340776703535407,1.3636363636363635,-0.8018441020640894,0.016287985325353454,-0.17135097219880832,0.016791117798758824,1.4037663654803614,0.5759389042818226,-0.9654893757982016,-0.007861188277546092,-0.12365019542990065,REIT—Healthcare Facilities,Real Estate,VTR
2022Q4,2022,Q4,2023-02-10,2022-12-31,-43384000.0,1051425000.0,85898000.0,-0.11,459886000.0,0.4373930618,24157840000.0,10152968000.0,752713000.0,1148723000.0,13936163000.0,0.0,-5449385000.0,18004457750.0,30797343750.0,25.404331235690783,0.6552606677153674,0.5346276819450746,1.2720861525417986,0.0034828767162087687,25.404331235690783,-0.004273036219556685,17.123863090567564,-103.75056328369905,1.773319658842616,-4.151622718052739,0.0,0.010003855850643433,0.04352313783020336,1.041777695754329,-0.0017958559208935897,189.65436413049204,0.4373930617970849,-15.473684210526315,-1.0984762590563475,0.04644617148753437,-0.16743980798813535,-0.01248443203779257,-15.163891609533138,-0.2940025807724235,-4.53525478339767,-0.01565295554833772,-0.09368637055732204,REIT—Healthcare Facilities,Real Estate,VTR
2022Q3,2022,Q3,2022-11-04,2022-09-30,3063000.0,1037276000.0,121669000.0,0.0076,465700000.0,0.4489644029,24300411000.0,10361359000.0,1030913000.0,1574580000.0,13609704000.0,0.0,-5223902000.0,16053779820.0,28311497820.0,25.926342312946957,0.6547225291823852,0.5103972932803482,1.1970306211762376,-0.005477098753103211,25.926342312946957,0.00029561759224827557,15.476864228999803,1310.2987120470127,1.5493894015254177,58.80084884100555,0.0,0.011218977836959021,0.04268553317884212,0.5594958655641504,0.00012604725080575798,83.8707274921504,0.44896440291687073,1.0759999999999998,-0.995556796157258,0.026536672443444844,-0.14009461138078777,0.04144070809917503,1.0743410514052716,0.48235824459660326,-0.9665210919700623,-0.016811343382608493,-0.09470184512477806,REIT—Healthcare Facilities,Real Estate,VTR
2022Q2,2022,Q2,2022-08-05,2022-06-30,-41202000.0,1022938000.0,82078000.0,-0.1,447169000.0,0.4371418405,24628155000.0,10512596000.0,737429000.0,1173225000.0,14024761000.0,529630000.0,-5044569000.0,20551016560.0,33327218560.0,26.3083244909808,0.6285486586119458,0.5239237368775695,1.2274109078290463,0.0031835503061233366,26.3083244909808,-0.003919298335063956,20.09018783152058,-124.69671714965293,1.954894543650303,-4.370588806368623,1.0871155334856408,0.008762437589121383,0.04153530786207899,1.0111726224722453,-0.0016729633218566312,114.48013859488847,0.4371418404634494,-2.0,-1.2411008676591362,0.014914598791223805,-0.09966894400571427,-0.0556491806048319,-2.0150275916436735,-0.5008422883484459,-1.177159525633654,-0.026006203318540002,-0.12049075074632014,REIT—Healthcare Facilities,Real Estate,VTR
2022Q1,2022,Q1,2022-05-06,2022-03-31,40592000.0,1017554000.0,164433000.0,0.1,473520000.0,0.4653512246,24950107000.0,10697406000.0,756066000.0,1181571000.0,14157417000.0,0.0,-4821653000.0,24660582720.0,37803379720.0,26.790599478583612,0.6398819876249502,0.5327590779470405,1.2425812388536062,0.007644404101559569,26.790599478583612,0.0037945647757970484,24.23515874341804,151.88080607016158,2.305286227333991,4.43488864800946,0.0,0.007299949155459373,0.04078355255149808,0.5754939821644235,0.0016269268905339765,123.15881778319367,0.46535122460331346,2.0309278350515463,-0.8181527631293043,0.0223246959743275,-0.08831343584146936,0.07650476961270199,2.038025827899246,1.5810821416798782,-0.7115935952750391,-0.03551137370935922,-0.05806667711716171,REIT—Healthcare Facilities,Real Estate,VTR
2021Q4,2021,Q4,2022-02-18,2021-12-31,-39105000.0,1022444000.0,63707000.0,-0.097,439868000.0,0.4302123148,24717786000.0,10854385000.0,951023000.0,1544154000.0,13772026000.0,0.0,-4679889000.0,20404139040.0,32479192040.0,27.194294261190255,0.6158861098051102,0.4945741499663441,1.1262524776852858,0.002440699337692503,27.194294261190255,-0.003602691446820801,19.956241163330215,-130.4445661680092,1.8798060912709469,-4.635647615394451,0.0,0.008884324873724248,0.041364707988005074,0.9104519367886882,-0.0015820591698625435,130.13507729986225,0.4302123148064833,-1.60625,-1.1669914273822624,0.035247918484301366,-0.07991022421358358,-0.027331346135135375,-1.6444462755438365,0.0,-1.560698460607072,-0.011194300278022155,-0.051303543358982594,REIT—Healthcare Facilities,Real Estate,VTR
2021Q3,2021,Q3,2021-11-05,2021-09-30,60680000.0,976078000.0,0.0,0.16,452228000.0,0.4633113337,25044424000.0,11076716000.0,1281310000.0,1672494000.0,13877279000.0,0.0,-4459630000.0,21089999160.0,33224615160.0,28.99694237635996,0.766107382149054,0.49026426002051393,1.1084861253100649,0.0,28.99694237635996,0.005478157966675321,21.606878917463565,86.89024044166118,1.9039938516072816,2.8241595253790375,0.0,0.008125652291396298,0.038973865000848096,0.5451672771322349,0.0024228946131881492,187.4416669777363,0.4633113337253785,-0.30434782608695654,-0.6277000932435702,0.03218230824451732,-0.031621563886342144,0.06571837272382353,-0.29761201977057794,0.0,-0.44493533477375447,-0.027839284679603907,-0.011547722713434273,REIT—Healthcare Facilities,Real Estate,VTR
2021Q2,2021,Q2,2021-08-06,2021-06-30,86391000.0,919194000.0,0.0,0.23,424341000.0,0.4616446583,23504314000.0,9882699000.0,1406270000.0,1492854000.0,13520410000.0,0.0,-4340052000.0,21416325700.0,33149517700.0,26.349156284077246,0.9420010262222561,0.5091418111585814,1.210906959728309,0.0,26.349156284077246,0.008741640315059682,23.299026864840283,61.97499073977613,2.16705231030511,1.9723929575997499,0.0,0.007956406826592108,0.03910745916685762,0.8542945257875184,0.003675538031018476,122.71629851190988,0.46164465825494944,2.5333333333333337,-0.45473861828446566,-0.021032060974497387,-0.0784295086253762,0.002997118700555223,2.510094565540387,0.0,-0.5072530953202451,-0.07352150304606797,-0.11591285511012493,REIT—Healthcare Facilities,Real Estate,VTR
2021Q1,2021,Q1,2021-05-07,2021-03-31,-57209000.0,910291000.0,0.0,-0.15,423073000.0,0.4647667614,23552263000.0,9970155000.0,1332862000.0,1618602000.0,13480643000.0,0.0,-4257001000.0,19984844460.0,31780908460.0,26.61056826158556,0.8234649407328052,0.5080499058625492,1.2001543606894778,0.0,26.61056826158556,-0.005738025136018447,21.95434697256152,-87.3326070198745,2.004466777096244,-2.9821356779527695,0.0,0.008536718929260056,0.0386498316531197,0.7614293075135209,-0.0024290234870424127,133.83813703363893,0.4647667613982781,-1.5172413793103448,-1.3439200670879825,-0.043434978861882086,-0.0712258618335296,-0.07584011953026702,-1.51795818960444,0.0,-1.6908947882893077,-0.08318261463241766,-0.1177259188646526,REIT—Healthcare Facilities,Real Estate,VTR
2020Q4,2020,Q4,2021-02-23,2020-12-31,110451000.0,921165000.0,0.0,0.29,457792000.0,0.4969706839,23929404000.0,10180167000.0,1531156000.0,1441249000.0,13651213000.0,0.0,-4030376000.0,18364155920.0,30056157920.0,27.185316431358203,1.0623813095447074,0.5058767447780981,1.1891090784660017,0.0,27.185316431358203,0.010849625551329364,19.935794260528787,41.56629618563888,1.8039149966793275,1.5371069524042336,0.0,0.009244911704060504,0.038495108361244604,1.0291316767609207,0.004615702087690943,107.08587042976266,0.4969706838622831,8.666666666666668,-0.20648694682738658,-0.01882077764622362,-0.04621855814945193,0.08123326043108375,7.662144145557211,0.0,-0.7324306622778168,-0.021545210437242487,-0.1090726987452836,REIT—Healthcare Facilities,Real Estate,VTR
2020Q3,2020,Q3,2020-11-06,2020-09-30,12751000.0,918940000.0,0.0,0.03,423398000.0,0.460746077,24220483000.0,10196852000.0,1651894000.0,1540817000.0,13932776000.0,0.0,-3972647000.0,15658506920.0,27118082920.0,27.324438537208884,1.0720896770998762,0.49742686799433355,1.1815331829862785,0.0,27.324438537208884,0.0012504839728967332,17.039748971641238,307.0054685906988,1.535621672257281,13.285546231668105,0.0,0.010818656010147868,0.037940614148776475,1.0358134677901398,0.0005264552321272867,59.324885563280226,0.4607460770017629,1.0714285714285714,-0.5028527339521381,-0.010698766405724926,-0.05456149152628443,-0.04650827609503434,1.0811287141311956,0.0,-0.980191386035162,-0.026069656117655198,-0.09372360915689742,REIT—Healthcare Facilities,Real Estate,VTR
2020Q2,2020,Q2,2020-08-07,2020-06-30,-157170000.0,943198000.0,0.0,-0.42,444050000.0,0.4707919228,24589388000.0,10311212000.0,2208250000.0,1866008000.0,14189478000.0,0.0,-3816460000.0,13658600839.999998,25195812840.0,27.645334091189387,1.183408645622098,0.5095708766724898,1.2151855669343234,0.0,27.645334091189387,-0.015242631031153272,14.48115967167021,-21.72583960043265,1.3246358274856533,-1.8978430998282114,0.0,0.021838547263674193,0.0383579290383315,1.1201029148856811,-0.006391781690540651,46.67054206246155,0.4707919227988185,-1.3333333333333333,-1.9301713989196874,-0.061716098490922765,-0.1709144630766878,-0.16273693856425553,-1.3322011257257718,0.0,-1.9853239522180361,0.0025636866433888955,-0.053913416486545525,REIT—Healthcare Facilities,Real Estate,VTR
2020Q1,2020,Q1,2020-05-08,2020-03-31,473117000.0,1012054000.0,0.0,1.26,530359000.0,0.5240421954,26617828000.0,10632942000.0,4038948000.0,4274147000.0,15901431000.0,0.0,-3491696000.0,9991817200.0,21315981200.0,28.519621595959542,0.9449717101447377,0.5324355916643537,1.3328652596807167,0.0,28.519621595959542,0.04449539929776726,9.872810344112073,5.279781322590395,0.9397039126142135,0.631194820731447,0.0,0.02988735622585249,0.038021659768783536,0.9184908708100119,0.01777444049905199,51.65491692256791,0.5240421953769265,41.0,2.429023981119568,-0.0006455339042520718,-0.15924661143440597,0.029523439774822868,40.345538757318884,0.0,1.2699755069195047,0.08898383517704556,-0.029474654170880642,REIT—Healthcare Facilities,Real Estate,VTR
2019Q4,2019,Q4,2020-02-24,2019-12-31,11443000.0,996004000.0,0.0,0.03,515150000.0,0.5172167983,24692208000.0,10445892000.0,1522064000.0,2111007000.0,14146756000.0,0.0,-3669050000.0,21517561620.0,33569971620.0,28.030397436826302,0.7210132415477543,0.49241335566264466,1.1639765182331963,0.0,28.030397436826302,0.0010954545576385435,21.603890767506957,470.1031552040549,2.059906575714166,26.065454863235164,0.0,0.013861561326854469,0.04033677344691086,0.6588760719410215,0.0004634255470389687,174.62718406102906,0.5172167983261111,-0.8695652173913043,-0.9067692957451285,0.08189569799806515,0.05096907708464099,-0.011294826643123783,-0.8657854302771555,0.0,-0.9476625043285365,0.08013259316654019,-0.05162157012987907,REIT—Healthcare Facilities,Real Estate,VTR
2019Q3,2019,Q3,2019-10-25,2019-09-30,85259000.0,983155000.0,0.0,0.23,521035000.0,0.5299622135,24803553000.0,10665706000.0,1430172000.0,2712803000.0,13967644000.0,0.0,-3384421000.0,27198270780.0,39103391780.0,28.638457035760123,0.5271934600485181,0.48594586428807196,1.1300877785305539,0.0,28.638457035760123,0.007993751187216298,27.664275500811165,79.75190531204917,2.5500675510838198,3.4832451705978253,0.0,0.010919002991115893,0.03963766803892974,0.5032134659243594,0.0034373704444681775,137.84956605035885,0.5299622134861746,-0.603448275862069,-0.38320652383979836,-0.0036391057351913224,-0.014999828955498718,0.013093499720980515,-0.5950249134323538,0.0,-0.4634546781631669,0.06638174431187002,-0.043593497650736564,REIT—Healthcare Facilities,Real Estate,VTR
2019Q2,2019,Q2,2019-07-26,2019-06-30,210529000.0,950717000.0,0.0,0.58,514301000.0,0.5409611903,22988911000.0,10820011000.0,1334075000.0,1871130000.0,12112549000.0,0.0,-3173287000.0,24564541020.0,34738646020.0,29.91250463062794,0.7129782537824737,0.44613213735961654,0.9478818459611548,0.0,29.91250463062794,0.019457373934277884,25.83791077681371,29.170020543488068,2.270287989540861,1.3613468928271164,0.0,0.011667346023955957,0.04135546046526519,0.6819472725037812,0.009157850060840203,84.09662826644391,0.540961190343709,0.6571428571428571,0.23633679258208506,0.02853516043330132,0.01603762532758644,0.005010386194470988,0.6737210319195452,0.0,0.3777870471293356,0.049896478774359404,0.04619978315403905,REIT—Healthcare Facilities,Real Estate,VTR
2019Q1,2019,Q1,2019-04-29,2019-03-31,125785000.0,942874000.0,0.0,0.35,511737000.0,0.5427416601,22668097000.0,10149663000.0,901033000.0,1498184000.0,12462084000.0,0.0,-3088401000.0,22574520780.0,33182182780.0,28.44214004085716,0.6014167819173079,0.471595652691975,1.0532542804623168,0.0,28.44214004085716,0.01239302231019887,23.942245496216884,44.867275072544416,2.2241645638874905,2.2664864649998013,0.0,0.012628839512401823,0.041594757601399,0.5589019773272175,0.005548988077825854,85.34371006339953,0.5427416600733502,1.0588235294117645,-0.14424762400657065,0.0472090000200412,-0.04274476975508822,0.032227287397127644,1.0198962632280442,0.0,-0.20607327101601147,0.04027057959448608,-0.007299511818723409,REIT—Healthcare Facilities,Real Estate,VTR
2018Q4,2018,Q4,2019-02-08,2018-12-31,62273000.0,923263000.0,0.0,0.17,495760000.0,0.5369650901,22584555000.0,10215857000.0,880596000.0,2042309000.0,12312961000.0,0.0,-2930214000.0,20880831510.0,31542253510.0,28.664905482492443,0.4311766730695502,0.4752672346211825,1.0506900204260885,0.0,28.664905482492443,0.0060957196248929485,22.61634172494728,83.82778856807927,2.0439627835432703,4.556709970613268,0.0,0.013589497135882976,0.04088028300756867,0.3995257328837115,0.002757326854569417,102.11474496782144,0.5369650901205832,-0.39285714285714285,-0.5267926440865055,0.03812103534990696,-0.0460256815636893,-0.023552444467204236,-0.3893127525202997,0.0,-0.5299106304617226,0.033314598069220824,0.005691986357187656,REIT—Healthcare Facilities,Real Estate,VTR
2018Q3,2018,Q3,2018-10-26,2018-09-30,101972000.0,936538000.0,0.0,0.28,507718000.0,0.5421221563,22597953000.0,10452839000.0,934179000.0,1804730000.0,12084884000.0,0.0,-2709293000.0,19234045640.0,29626393640.0,29.33570293950909,0.5176281216580874,0.4636904501925462,1.0024506260930643,0.0,29.33570293950909,0.009755435819876304,20.537389449226833,47.15521329384537,1.8400786274427454,2.782165692543051,0.0,0.0147500429867962,0.04144348826639298,0.46963202251860386,0.0045124441138540295,95.39561579970639,0.5421221562819661,-0.3913043478260869,-0.291612506093536,0.08036382929381175,-0.03320957584444,-0.02428909383365651,-0.38762543613641687,0.0,3.1638862230859184,0.05595133870549312,0.015029208903574127,REIT—Healthcare Facilities,Real Estate,VTR
2018Q2,2018,Q2,2018-07-27,2018-06-30,166519000.0,942304000.0,0.0,0.46,520357000.0,0.5522177556,22699134000.0,10616948000.0,1132918000.0,1567067000.0,12021565000.0,0.0,-2529102000.0,20287184600.0,30596397600.0,29.803799813602524,0.7229544110111438,0.4582948847299637,0.97983874461851,0.0,29.803799813602524,0.015684262558317136,21.529341486399293,30.457762477555118,1.910830174547337,1.7033851992865678,0.0,0.01398153591011342,0.04151277313046392,0.6719125602159959,0.007335918630199725,67.82470980769745,0.5522177556287567,1.090909090909091,0.1938594224662527,0.12865871606468088,-0.0228497191047514,-0.019446857504659142,1.1157897411788622,0.0,0.03185089068530226,-0.018518203198826813,-0.10618192244272259,REIT—Healthcare Facilities,Real Estate,VTR
2018Q1,2018,Q1,2018-04-27,2018-03-31,78703000.0,943705000.0,0.0,0.22,530677000.0,0.5623335682,23493510000.0,10740815000.0,1711939000.0,2085357000.0,12689466000.0,0.0,-2413440000.0,17638227360.0,28585496360.0,30.161339690883768,0.8209332982314299,0.4699090089135255,1.0278374592617041,0.0,30.161339690883768,0.00732747002904342,18.690403632491087,56.02781139219598,1.642168435076854,3.60206091254463,0.0,0.01607264688303689,0.040168752987527194,0.756880476580269,0.0033499889969612886,82.60961796237231,0.5623335682231205,-0.7981651376146789,-0.4258697526148667,0.1277537586483001,-0.013984281981305845,0.017486104107508862,-0.7995103858322676,0.0,-0.4028047652175064,-0.024392330915586517,-0.11084905304700637,REIT—Healthcare Facilities,Real Estate,VTR
2017Q4,2017,Q4,2018-02-09,2017-12-31,392554000.0,895288000.0,0.0,1.09,521557000.0,0.5825577915,23954541000.0,10866226000.0,1907707000.0,1876412000.0,13022356000.0,0.0,-2240698000.0,21370281120.0,32564988120.0,30.513506986566025,1.0166781069402668,0.47072753345597396,1.0377164988101664,0.0,30.513506986566025,0.036126066216550255,23.8697280874981,13.6097715983024,1.9666700398095898,0.0,0.0,0.0,0.0373744585629923,0.9062428720344999,0.016387456557819247,97.98027179195628,0.5825577914592847,-0.3625730994152046,2.765772969258273,0.12137442818868907,-0.0029576514526732547,-0.0033364991219236276,-0.36061750152290545,0.0,2.3469416520785606,0.017692894050642338,0.14407055228389848,REIT—Healthcare Facilities,Real Estate,VTR
2017Q3,2017,Q3,2017-10-27,2017-09-30,613958000.0,899928000.0,0.0,1.71,523303000.0,0.5814942973,23739795000.0,10731340000.0,1845450000.0,1588232000.0,12941551000.0,0.0,-2351430000.0,23181655770.0,34520737770.0,30.15022659013455,1.1619524099753689,0.48122340567810296,1.064559039225297,0.0,30.15022659013455,0.057211680927079005,25.75945605648452,9.439430616589409,2.160182770278455,0.45325087383827556,0.0,0.012004189983707968,0.0379079937295162,1.0703738496642807,0.025861975640480466,91.125009905894,0.5814942973215635,3.0714285714285716,3.5470640612258255,0.16160692547186495,-0.049747241643298745,-0.010971295085313396,3.043693316911566,0.0,3.64745098192241,-0.04571287569632349,0.036996452400696135,REIT—Healthcare Facilities,Real Estate,VTR
2017Q2,2017,Q2,2017-07-28,2017-06-30,151831000.0,895490000.0,0.0,0.42,529108000.0,0.5908586361,23855758000.0,10374058000.0,1911035000.0,1543088000.0,13413606000.0,0.0,-2688946000.0,24667067520.0,36471711520.0,29.220723106043536,1.2384484877077653,0.49916657437588025,1.1478629674135232,0.0,29.220723106043536,0.014635642098781402,27.545888306960435,40.61599330834942,2.37776456619001,1.8271894408915175,0.0,0.011246736150337501,0.03753768796615056,1.1361134296942235,0.006364543101082766,78.91163699530696,0.5908586360540039,-0.23636363636363644,0.6763968390342346,0.1872962317267572,-0.09976351887973157,0.029958070381026165,-0.23366830366381158,0.0,-0.09154686242384485,-0.01293481528007714,-0.007460108017168223,REIT—Healthcare Facilities,Real Estate,VTR
2017Q1,2017,Q1,2017-04-28,2017-03-31,198127000.0,883443000.0,0.0,0.55,513718000.0,0.581495354,23919331000.0,10414606000.0,1893328000.0,1197013000.0,13435456000.0,0.0,-2564936000.0,23050826400.000004,34903275400.0,29.38575660957648,1.581710474322334,0.4993339069558425,1.1468252375557941,0.0,29.38575660957648,0.019023955394952052,26.092035818949274,29.085922665764894,2.2133171816581445,1.3994104791371191,0.0,0.012028245546979607,0.03693426877198196,1.4529249055774667,0.00828313300234024,102.2463512002981,0.5814953539730351,-0.05172413793103434,0.7788629589358508,0.25299652414138846,-0.07757026165589656,0.008850947838911572,-0.04580108554833676,0.0,0.35720767795114006,-0.012034851700492734,-0.010986192712194878,REIT—Healthcare Facilities,Real Estate,VTR
2016Q4,2016,Q4,2017-02-14,2016-12-31,207637000.0,875713000.0,0.0,0.58,509211000.0,0.5814816041,23166600000.0,10460240000.0,1366411000.0,1139690000.0,12637847000.0,0.0,-2487695000.0,22126515720.0,32967134720.0,29.556131343755915,1.1989321657643746,0.48031761242478394,1.0637734889448043,0.0,29.556131343755915,0.01985011816172478,25.266857657702925,26.640863285445274,2.1152971365857764,1.332710451412802,0.0,0.012506261876101656,0.03780066992998541,1.0799454237555826,0.008962773993594226,80.52506285073768,0.5814816041328609,0.38095238095238093,-0.12314454028794847,0.2653574795700472,-0.08104701981307168,0.008288698579278253,0.3893223242245002,0.0,0.5888638127589406,-0.008450074202361386,-0.016365490146316178,REIT—Healthcare Facilities,Real Estate,VTR
2016Q3,2016,Q3,2016-10-28,2016-09-30,149452000.0,867116000.0,0.0,0.42,505025000.0,0.5824191919,23426264000.0,10488539000.0,1422869000.0,1310906000.0,12855819000.0,0.0,-2420766000.0,24739852620.0,35902900620.0,29.943812558168748,1.085408869896087,0.48032955660364796,1.072821200359745,0.0,29.943812558168748,0.014249077016350895,28.53119146688563,41.38427826325509,2.358751072956872,1.7328640633782084,0.0,0.010468130266493077,0.03701469427647533,0.8681751399413841,0.006379677100881302,84.81120522445622,0.582419191895894,0.0,0.19172387200975707,0.25695501116310304,-0.06932455153202492,0.021083831887374973,0.04393624006370406,0.0,0.05614011720098234,0.017540471972271057,-0.013168653103664378,REIT—Healthcare Facilities,Real Estate,VTR
2016Q2,2016,Q2,2016-07-29,2016-06-30,143162000.0,848404000.0,0.0,0.42,494597000.0,0.5829734419,22093472000.0,9689715000.0,1529141000.0,1116793000.0,12343696000.0,0.0,-2313287000.0,24678770819.999996,35522579820.0,28.59157984190073,1.36922509363866,0.4934095917563342,1.125020808145544,0.0,28.59157984190073,0.014774634754479363,29.088465895964653,43.09588232212458,2.5469036829256586,1.7468951258015395,0.0,0.01013377051167089,0.038400664232403126,1.1356124187741148,0.006479832594894999,75.82549073948897,0.5829734418979637,-0.0454545454545455,1.5141269233318413,2.437038632803538,0.2866918287436335,0.004021387855855271,-0.039052221774734865,0.0,0.07887804779453383,0.06814328554463502,-0.06259368105803959,REIT—Healthcare Facilities,Real Estate,VTR
2016Q1,2016,Q1,2016-04-29,2016-03-31,148980000.0,852289000.0,0.0,0.44,492616000.0,0.5779917375,22261292000.0,9614195000.0,1387907000.0,1142428000.0,12590763000.0,0.0,-2208474000.0,21126794640.0,32322823640.0,28.651280400764097,1.2148748104913396,0.5052595330046432,1.1699086610995513,0.0,28.651280400764097,0.015495837144971577,24.78829908634278,35.452400724929525,2.1974585121271204,1.6634380453752182,0.0,0.01173008041318283,0.03828569339102151,1.1002303865101346,0.0066923339400067165,98.5377753109798,0.5779917375444245,0.1891891891891892,0.4539964428213456,0.5065094295420058,0.7387574513356929,0.02314356152889155,0.1944390994804695,0.0,0.15335984630453112,0.08089280863752946,-0.06335019909433706,REIT—Healthcare Facilities,Real Estate,VTR
2015Q4,2015,Q4,2016-02-12,2015-12-31,124728000.0,841274000.0,0.0,0.37,481473000.0,0.5723141331,22261918000.0,9564327000.0,1274402000.0,1075267000.0,12636491000.0,0.0,-2111958000.0,18935594370.0,30089567370.0,28.502668681215525,1.1851958629810084,0.5034155637443278,1.1717495648151721,0.0,28.502668681215525,0.013040959390033403,22.50823675758433,37.95377615691745,1.979814614243114,1.9735504457699955,0.0,0.012999697563758069,0.03778982565653148,1.026206514289009,0.005602751748524094,61.31377475059175,0.5723141330886251,4.285714285714286,-0.23142366155605376,0.500728107570583,0.9157616374232294,0.017171407746992152,4.458078067565202,0.0,0.26980315618998396,0.11826071644921878,-0.06866268324067025,REIT—Healthcare Facilities,Real Estate,VTR
2015Q3,2015,Q3,2015-10-26,2015-09-30,22852000.0,827606000.0,0.0,0.07,473345000.0,0.5719448627,22413977000.0,9609435000.0,1222300000.0,1038305000.0,12744303000.0,0.0,-1992848000.0,18639445460.0,29842774460.0,28.901338682851566,1.1772070826972807,0.502747013615656,1.172655832522932,0.0,28.901338682851566,0.002378079460446946,22.522124610019745,203.91481555224925,1.939702538182526,10.994661298792229,0.0,0.013479478267697347,0.03692365705559526,0.942765372409841,0.001019542404277474,76.3567467944779,0.5719448626520349,-0.8444444444444444,-0.8140661423090473,0.4730752890111735,0.8850216571407671,-0.1282540033334254,-0.8474713157701523,0.0,-0.8188242341585367,0.143558901944013,-0.08910877596630458,REIT—Healthcare Facilities,Real Estate,VTR
2015Q2,2015,Q2,2015-07-27,2015-06-30,149821000.0,891322000.0,0.0,0.45,542985000.0,0.609190618,24275162000.0,11027483000.0,1290459000.0,1687755000.0,13181416000.0,0.0,-1772529000.0,23447693500.0,34895022500.0,33.34436901864143,0.7646009047521708,0.47405908145947695,1.0435618898709706,0.0,33.34436901864143,0.013586146539514048,26.306647317131183,39.126179741157785,2.126296045978942,1.7609413900588036,0.0,0.011251682388291199,0.03671744806481621,0.5868262869907066,0.006171781675442578,72.78863299123967,0.6091906179809317,0.21621621621621626,0.22183249681123207,0.730024798918417,1.1610981988051907,0.012285722275561854,0.24392653725444613,0.0,0.7757952575637662,0.2686353088903181,0.027278391488849404,REIT—Healthcare Facilities,Real Estate,VTR
2015Q1,2015,Q1,2015-04-24,2015-03-31,120442000.0,884024000.0,0.0,0.37,536395000.0,0.6067652009,24439871000.0,11039890000.0,1423850000.0,1545875000.0,13326907000.0,0.0,-1660856000.0,27136354520.0,38620054520.0,33.92150657235739,0.9210641222608555,0.4747948546864261,1.0510906358668428,0.0,33.92150657235739,0.01090971015109752,30.696400233477824,56.32660226499062,2.4580276180288023,2.136090400358679,0.0,0.009480823955567926,0.03617138568366421,0.6636066952373252,0.004928094751400283,93.72521256791156,0.6067652009447707,0.12121212121212115,0.1003469649743194,0.759382570387925,1.1700400132665163,0.1078375486903685,0.12363093572161582,0.0,0.17758737447859685,0.36537435576163724,0.06480860259967894,REIT—Healthcare Facilities,Real Estate,VTR
2014Q4,2014,Q4,2015-02-13,2014-12-31,107190000.0,803987000.0,0.0,0.33,484182000.0,0.6022261554,21226171000.0,8680184000.0,1292192000.0,1986428000.0,12471774000.0,0.0,-1526388000.0,26648173520.0,37480917520.0,26.67100112458289,0.650510363325527,0.5129560107661434,1.2543618891028117,0.0,26.67100112458289,0.01234881656886536,33.145030354968426,62.15172478776005,3.070000995370605,2.2086761824797088,0.0,0.008884211138234888,0.037877156459353876,0.508429200554966,0.005049898071583424,99.41827377154988,0.602226155398035,-0.10810810810810806,-0.04719541347120088,0.6182421875845835,0.6924516414424299,0.03447524388628468,-0.017794963896932154,0.0,-0.5077542404729753,0.26329539734718194,-0.1707508779499904,REIT—Healthcare Facilities,Real Estate,VTR
2014Q3,2014,Q3,2014-10-24,2014-09-30,109132000.0,779035000.0,0.0,0.37,468046000.0,0.6008022746,20651165000.0,8548796000.0,867708000.0,1259711000.0,12027992000.0,0.0,-1398378000.0,20799682200.0,31204193200.0,29.07457062204537,0.68881513299479,0.5069498984681978,1.2246292928267326,0.0,29.07457062204537,0.012765774268095765,26.699291045973546,47.64799096506982,2.4330539879533912,1.9693032291170325,0.0,0.010332561715774676,0.037723537630927846,0.467259553977063,0.005284544479694003,75.19524744314177,0.6008022746089714,-0.21276595744680848,0.1644143581933285,0.7554412563797,0.8282008028863056,0.015572754947718332,-0.2114625933900779,0.0,0.036674175655572454,0.345289528163087,-0.09634122241043323,REIT—Healthcare Facilities,Real Estate,VTR
2014Q2,2014,Q2,2014-08-11,2014-06-30,138398000.0,751254000.0,0.0,0.47,460869000.0,0.6134662844,19790786000.0,8655110000.0,972685000.0,1211377000.0,11060127000.0,0.0,-1294048000.0,21519921600.0,31035725600.0,29.440351306856062,0.8029581212124715,0.48519745501770367,1.1094531438653004,0.0,29.440351306856062,0.015990322480014696,28.64533380188325,38.8732525036489,2.486383373521538,1.5523273457708926,0.0,0.009983261277308742,0.03795978593270626,0.5007408923894048,0.006993052221372107,79.28817820746167,0.6134662843725291,0.14634146341463414,-0.17737121081214755,0.701195706021643,0.8226244381188638,0.02310976137672907,0.14334101629945392,0.0,1.8017701411047795,2.508421390739495,0.32488864453582394,REIT—Healthcare Facilities,Real Estate,VTR
2014Q1,2014,Q1,2014-04-29,2014-03-31,121047000.0,741470000.0,0.0,0.41,450459000.0,0.607521545,19702768000.0,8731667000.0,794211000.0,1558480000.0,10892846000.0,0.0,-1218967000.0,20327333750.0,29748593750.0,29.71218034878775,0.5096061547148504,0.48120401153787123,1.0858237035379383,0.0,29.71218034878775,0.013862988590838381,27.414910583031006,41.982316269713415,2.3280014858560225,1.7751369302832785,0.0,0.010570741969541381,0.03763278337338185,0.38151660592372055,0.006143654536256022,83.19316093624022,0.6075215450389092,0.10810810810810806,-0.20597176102682188,0.5639090779203958,0.9612187049260765,0.020437797466003077,0.11625783843600147,0.0,0.348949383241174,0.49652785394723387,0.8031401827161231,REIT—Healthcare Facilities,Real Estate,VTR
2013Q4,2013,Q4,2014-02-18,2013-12-31,108440000.0,732856000.0,0.0,0.37,441437000.0,0.6023516216,19731494000.0,8824281000.0,861871000.0,1432207000.0,10827683000.0,0.0,-1126541000.0,19209216340.0,28479392340.0,30.047879621621252,0.6017782345708407,0.4746215365141636,1.061275360564787,0.0,30.047879621621252,0.01228881990498716,26.21144718744201,44.28535674105496,2.176859093675734,1.9818701586130578,0.0,0.011188067029703722,0.037141434906044116,0.4342067871473886,0.0054957825291891225,62.50721201905555,0.6023516216009693,-0.07500000000000007,-0.09642106314772726,0.566442437340401,1.001231176325366,0.03715494698359816,-0.08331642659092446,0.0,-0.2364878485802735,0.49377982766989725,1.0196205383024617,REIT—Healthcare Facilities,Real Estate,VTR
2013Q3,2013,Q3,2013-10-25,2013-09-30,118296000.0,712386000.0,0.0,0.4,425623000.0,0.5974612078,19879358000.0,8885092000.0,830347000.0,1529312000.0,10914950000.0,0.0,-1021628000.0,20564608140.0,29923254140.0,30.343394190247867,0.5429546096545375,0.4735222334644811,1.0594508194175143,0.0,30.343394190247867,0.013313987069576769,28.867226672057004,43.46006657029824,2.3145070574395854,1.671282207344289,0.0,0.009613895808471263,0.035835463096947094,0.39040365863865584,0.005950695188446226,72.6297600152573,0.5974612078283402,0.025641025641025664,-0.12102252573015806,0.43551282122184876,0.9524278681602604,0.026980921289158168,0.032431488916041196,0.0,0.09291515604706951,0.43978887599568367,0.979076326790171,REIT—Healthcare Facilities,Real Estate,VTR
2013Q2,2013,Q2,2013-07-26,2013-06-30,114580000.0,685846000.0,0.0,0.39,414441000.0,0.6042770534,18796582000.0,8925582000.0,875222000.0,1197790000.0,9790055000.0,0.0,-943384000.0,22927952250.0,31285604250.0,30.500732995027935,0.7306973676520926,0.4479576659203253,0.9433640293708578,0.0,30.500732995027935,0.01283725811941451,33.430175651676905,50.02607839500786,2.5687907242351256,1.7253621923546867,0.0,0.008622313839649592,0.03648780400606876,0.5573072074403693,0.00609578911740443,96.32662494800923,0.6042770534493166,0.026315789473684233,-0.238941356698567,0.3863941684273658,1.12582181446564,-0.0032204531242484005,0.021275837173442193,0.0,0.05602797647522412,0.5044298369248834,0.9767979145427097,REIT—Healthcare Facilities,Real Estate,VTR
2013Q1,2013,Q1,2013-04-26,2013-03-31,112193000.0,684868000.0,0.0,0.38,415780000.0,0.6070950899,18706921000.0,8915348000.0,897918000.0,1133512000.0,9720110000.0,0.0,-861434000.0,24461818150.000004,32700036150.000004,30.58910638005867,0.792155707217921,0.4434673135146078,0.930519818183205,0.0,30.58910638005867,0.0125842535815764,35.71756623174101,54.50834310072821,2.7437872475645375,1.7545747060868324,0.0,0.008047275913544472,0.03661040745294215,0.5963845111476543,0.005997405986800286,129.48104588136906,0.6070950898567316,0.310344827586207,0.6379211367475939,0.3827486948201077,1.108687698695384,0.049040856026219715,0.3005320690414643,0.0,0.14455207173440873,0.5220229729770316,0.9568583922768947,REIT—Healthcare Facilities,Real Estate,VTR
2012Q4,2012,Q4,2013-02-19,2012-12-31,86267000.0,660711000.0,0.0,0.29,396343000.0,0.5998734696,18980000000.0,9019128000.0,1046104000.0,1583448000.0,9890637000.0,0.0,-777927000.0,21781572640.0,29984898640.0,30.60402301970791,0.660649418231606,0.4357868282402529,0.9170769058826973,0.0,30.60402301970791,0.009564893634950075,32.966868479562166,63.122551613015396,2.4150419685805544,2.1296324202765833,0.0,0.008434514946942785,0.0348109062170706,0.5233105223537495,0.004545152792413067,16.790613229400414,0.5998734696410382,-0.23684210526315796,0.3578457374813375,0.3147931443901475,1.288705677420599,0.02293151773869684,-0.22894656870631558,0.0,-0.15316685764706414,0.46862059073161294,0.9420279258548679,REIT—Healthcare Facilities,Real Estate,VTR
2012Q3,2012,Q3,2012-10-26,2012-09-30,111882000.0,641950000.0,0.0,0.38,387458000.0,0.6035641405,18440899000.0,9357664000.0,135438000.0,1370485000.0,8979167000.0,0.0,-680888000.0,20818967520.0,28255211520.0,31.72863885422883,0.09882486856842651,0.4064212921506701,0.8009236065753162,0.0,31.72863885422883,0.01195618906598912,32.4308240828725,46.51992170322304,2.224803916874981,1.6542160490516795,0.0,0.008889826059923648,0.034811209583654246,0.04270750865569488,0.006067057793657456,-817.8734048320566,0.6035641405093854,0.52,0.8038051312576384,0.28124647978030776,1.2920097911077801,0.03262929253894434,0.5114083080040527,0.0,0.1901214892695521,0.44213584793679106,0.9950878649883939,REIT—Healthcare Facilities,Real Estate,VTR
2012Q2,2012,Q2,2012-07-27,2012-06-30,74025000.0,616448000.0,0.0,0.25,375215000.0,0.6086725888,18222261000.0,9418611000.0,167686000.0,1378293000.0,8583020000.0,0.0,-609487000.0,20915453600.0,28067377600.0,32.4589413102664,0.12166208491227917,0.3953805183670676,0.764945807826653,0.0,32.4589413102664,0.007859439146600278,33.92898281769103,70.63645254981425,2.220651601387933,2.4833907463694698,0.0,0.008789338424866865,0.033829391424038985,0.03831043181674724,0.004062338916120233,-30.01428370524503,0.6086725887666113,-0.1935483870967742,-0.8333973739330357,0.28766642366759154,1.0282509118490826,0.06007910721853369,-0.18318142696356454,0.0,-0.5542107410386756,0.4142983098386853,1.0095025039249512,REIT—Healthcare Facilities,Real Estate,VTR
2012Q1,2012,Q1,2012-04-27,2012-03-31,90626000.0,573694000.0,0.0,0.31,353950000.0,0.6169665362,17188959000.0,9186735000.0,167644000.0,1390096000.0,7820460000.0,0.0,-500808000.0,18802050000.0,25179190000.0,31.856905071521457,0.12059886511435182,0.37409851288841867,0.6999618471633284,0.0,31.856905071521457,0.009864875823674025,32.77365633944228,51.86715181073865,2.046652047762344,1.990212521792863,0.0,0.009592836951289886,0.033375726825574485,0.03828800313071903,0.005272337900160213,80.19915373525221,0.6169665361673645,-0.5303030303030303,-0.26116580109491544,0.7313720257236648,3.7653645454941236,0.02276404909960933,-0.5303086842050708,0.0,-0.39418536035564133,0.23311408637253442,1.1027860417477364,REIT—Healthcare Facilities,Real Estate,VTR
2011Q4,2011,Q4,2012-02-22,2011-12-31,192948000.0,563913000.0,0.0,0.66,346072000.0,0.613697503,17271910000.0,9274957000.0,122397000.0,1384013000.0,7915966000.0,0.0,-412181000.0,18156090000.0,24539399000.0,32.16283311660165,0.08843630804045916,0.3722295912843455,0.6931693591679186,0.0,32.16283311660165,0.020803115313634338,32.19661543535971,23.52458952671186,1.957538994520406,0.8532454340029438,0.0,0.009067591094778667,0.03264913955665587,0.033097232468192135,0.011171202258464756,248.80899523104753,0.6136975029836162,0.8857142857142859,0.7391640366733155,0.8738813338494692,3.804607389201642,-0.358300034303409,0.8753754191573115,0.0,0.6372868057492922,0.22748385937459112,1.1420900630065915,REIT—Healthcare Facilities,Real Estate,VTR
2011Q3,2011,Q3,2011-11-07,2011-09-30,102885000.0,565957000.0,0.0,0.35,539305000.0,0.9529080831,17205770000.0,9245762000.0,142265000.0,1469543000.0,7782684000.0,0.0,-439015000.0,16210259649.999998,22465918650.0,32.17428009674108,0.09680900797050511,0.36691999253738716,0.6828145695292611,0.0,32.17428009674108,0.01112780104008734,28.64221071565507,39.389268722359915,1.7532637818278254,1.526179715216018,0.0,0.009686519734432509,0.03289344214179313,0.0391155617766884,0.005979680072440815,96.51491849055704,0.9529080831229227,2.1818181818181817,0.1551295962065072,0.8680763640327122,4.199519617731159,3.5704200883058332,2.4739667747163696,0.0,-0.2210247738624021,0.16208804663318715,1.070235145910621,REIT—Healthcare Facilities,Real Estate,VTR
2011Q2,2011,Q2,2011-08-05,2011-06-30,29616000.0,128382000.0,0.0,0.11,117999000.0,0.9191241763,9634033000.0,3916718000.0,90963000.0,707377000.0,5714457000.0,0.0,-412694000.0,10609209780.0,16000006780.0,22.221000555990514,0.12859196722539748,0.5623292965676991,1.3831731056461047,0.0,22.221000555990514,0.007561432811859317,82.63782913492545,89.5564034643436,2.7086989106695962,3.653801998919503,0.0,0.010199722905281264,0.013325883355392285,0.05131210090234769,0.003074101988232758,-48.178568158905755,0.9191241762863953,-0.6333333333333334,-0.40341581582501823,-0.24565990000000557,2.551416349882951,-0.33759781742244777,-0.39539441450269475,0.0,-0.673409701108463,-0.5691443186031317,0.5487459835433532,REIT—Healthcare Facilities,Real Estate,VTR
2011Q1,2011,Q1,2011-05-06,2011-03-31,48984000.0,270461000.0,0.0,0.3,178138000.0,0.6586457937,5694098000.0,2643404000.0,77298000.0,476283000.0,3047651000.0,0.0,-300382000.0,9947644200.0,12477113200.0,16.47802019698292,0.16229426622407267,0.4515847812945966,0.9727487739293729,0.0,16.47802019698292,0.01853065214397799,36.780327662768386,50.76986464968153,3.7631948048803734,1.9136452719255268,0.0,0.009423135580180883,0.04749848000508597,0.08797080727214703,0.008602591665967113,81.0029167955963,0.6586457936634117,-0.375,0.08739644757766563,0.7882877826096829,1.595168054042135,-0.027763678537317506,-0.36862456981555236,0.0,0.29925522161010226,-0.00790324237242989,0.135927217242406,REIT—Healthcare Facilities,Real Estate,VTR
2010Q4,2010,Q4,2011-02-18,2010-12-31,77583000.0,267994000.0,0.0,0.48,183225000.0,0.6836906796,5758021000.0,2386726000.0,60752000.0,467772000.0,3367816000.0,0.0,-255628000.0,9613970600.0,12492202600.0,14.877982795162698,0.1298752383639893,0.5036529043572435,1.2150720275389801,0.0,14.877982795162698,0.03250603546448147,35.87382777226356,30.979630202492814,4.028099832155011,1.188997589678151,0.0,0.009594995016939204,0.04654272709321484,0.046629554569320095,0.01347390014729019,161.28928817085242,0.6836906796420815,0.29729729729729726,0.0625886395588805,0.938162508900622,1.3131449771112842,0.02920938070495717,0.3399944730387924,0.0,1.2433644087504885,-0.020287874791405872,0.11264207551820905,REIT—Healthcare Facilities,Real Estate,VTR
2010Q3,2010,Q3,2010-11-05,2010-09-30,57898000.0,264665000.0,0.0,0.37,178025000.0,0.6726427748,5800817000.0,2401482000.0,75775000.0,489084000.0,3384631000.0,0.0,-249047000.0,9223999590.0,12085756590.0,15.332099009774566,0.15493248603511872,0.4991619283973275,1.2057333763067972,0.0,15.332099009774566,0.024109279186768837,34.85160330984452,39.82866243220837,3.840961368854732,1.4524163183529655,0.0,0.009116652616850345,0.045625469653671195,0.06908833656386223,0.009981007847687661,-109.802983036724,0.6726427748285568,0.0,0.326676105829199,0.8118234844311868,1.416177220726409,0.054681714505761425,-0.0029104310537826994,0.0,0.7576453269073754,-0.0053591771804630695,0.10755841780945266,REIT—Healthcare Facilities,Real Estate,VTR
2010Q2,2010,Q2,2010-07-30,2010-06-30,58067000.0,243978000.0,0.0,0.37,168795000.0,0.6918451664,5462117000.0,2416408000.0,443527000.0,449854000.0,3030703000.0,0.0,-222853000.0,8395915710.0,10948970710.0,15.429363199264419,0.9859354368306161,0.4724997652009285,1.068051835617164,0.0,15.429363199264419,0.02403029620825622,34.41259338956791,36.1475352179379,3.4745439139416856,1.4114557321714571,0.0,0.009761770226252069,0.04466729658116075,0.374930533017379,0.010630859793006996,107.20288707576802,0.6918451663674594,0.08823529411764697,0.21326932196447396,0.8360417887675473,1.0859643690268737,-0.30118611438862325,0.10353674528212242,0.0,-0.7578619376718929,-0.05574816490577876,-0.03587058866086303,REIT—Healthcare Facilities,Real Estate,VTR
2010Q1,2010,Q1,2010-04-30,2010-03-31,52619000.0,241545000.0,0.0,0.34,241545000.0,1.0,5633825000.0,2445633000.0,414716000.0,472034000.0,3170205000.0,0.0,-196972000.0,8482881660.0,11048323660.0,15.631742440221664,0.8785723062321782,0.4789234667388497,1.1032607917868298,0.0,15.631742440221664,0.021515493125910553,35.11926001366205,40.303320378570476,3.4685832502260148,1.631920028886904,0.0,0.010122739352230927,0.04287406868335456,0.2811852536046132,0.009339835724396835,85.33571072168682,1.0,0.0,0.03261290547466962,1.0420985643112421,6.9370024576371705,0.5059572425230527,-0.027033523788391488,0.0,-0.2093022908606455,0.3436366848200272,1.3382984329987362,REIT—Healthcare Facilities,Real Estate,VTR
2009Q4,2009,Q4,2010-02-19,2009-12-31,54081000.0,238836000.0,0.0,0.34,160393000.0,0.6715612387,5616245000.0,2465511000.0,147229000.0,208419000.0,3132185000.0,0.0,-165710000.0,7814827350.0,10377531350.0,15.758796571494315,0.70640872473239,0.47542459419060246,1.082980769503766,0.0,15.758796571494315,0.021935006576729935,32.72047492840275,36.125567898152774,3.1696582777363393,1.6675357334368817,0.0,0.011539858266990376,0.04252592256926113,0.5152937112259439,0.009629387606844075,111.15923004708192,0.6715612386742367,0.06250000000000006,-0.373027242682358,1.2570179296520647,7.326420769379084,0.005649186166077296,0.08585483385202289,0.0,-0.10149873932364172,0.46286240859920635,1.354109483385187,REIT—Healthcare Facilities,Real Estate,VTR
2009Q3,2009,Q3,2009-11-04,2009-09-30,49805000.0,235830000.0,0.0,0.32,159492000.0,0.6763007251,5587310000.0,2484903000.0,167366000.0,210606000.0,3084998000.0,0.0,-139478000.0,6868750000.0,9413003000.0,15.9033792,0.7946877107014995,0.46805027821975154,1.0524121062270841,0.0,15.9033792,0.02004303588510296,29.12585336895221,34.47821503865074,2.7641924050958933,1.510832245758458,0.0,0.010954977252047315,0.0422081466752337,0.336595348660532,0.008913949646609907,56.988359647885574,0.676300725098588,-0.4385964912280701,0.05935236968810527,1.0596738698870276,9.271291277619783,0.0004265355279004416,-0.43647390276190584,0.0,0.028407983375205476,0.4316078998422497,1.5700631650494425,REIT—Healthcare Facilities,Real Estate,VTR
2009Q2,2009,Q2,2009-08-05,2009-06-30,88381000.0,231988000.0,0.0,0.57,159424000.0,0.687207959,5570861000.0,2494643000.0,46523000.0,181611000.0,3058395000.0,0.0,-109012000.0,5266438100.0,7836219100.0,16.152724988830688,0.25616840389623974,0.46964086879927536,1.0487689020032125,0.0,16.152724988830688,0.03542831579508571,22.701338431298172,14.896974745703263,2.111098902728767,0.9650603636528213,0.0,0.01619557628523157,0.041643114053644494,0.25616840389623974,0.015864872593302902,73.27626024404836,0.6872079590323638,0.09615384615384602,0.8697729486366708,1.106634126592767,9.444667884745488,0.026006706010310007,0.19066928921700707,0.0,1.0318906605821727,0.5556957576160729,1.5815692446410246,REIT—Healthcare Facilities,Real Estate,VTR
2009Q1,2009,Q1,2009-05-06,2009-03-31,74228000.0,230851000.0,0.0,0.52,155383000.0,0.6730878359,5593846000.0,2167808000.0,95806000.0,210203000.0,3408174000.0,0.0,-117124000.0,3694609620.0,6541204620.0,15.149855686241622,0.4557784617726674,0.5260067938945763,1.3573162383384507,0.0,15.149855686241622,0.03424103979688238,16.004304161558753,12.443449978444793,1.7043066636897732,0.9908120924718435,0.0,0.019906297975806172,0.0412687442593164,0.4557784617726674,0.013269582323145828,36.98863312809731,0.673087835876821,0.2682926829268294,0.8209740381311582,1.4285195808044044,9.867995918388306,0.02556943811918764,0.2693971782813168,0.0,0.8473433252140103,0.7112391732565594,1.385991826098233,REIT—Healthcare Facilities,Real Estate,VTR
2008Q4,2008,Q4,2009-02-27,2008-12-31,58475000.0,227956000.0,0.0,0.41,151509000.0,0.664641422,5769984000.0,2148468000.0,232678000.0,197186000.0,3602379000.0,0.0,-110407000.0,5486108940.000001,8456990940.000001,15.014696941107408,1.179992494396154,0.5455290690580771,1.4650876810825202,0.0,15.014696941107408,0.0272170681620578,24.066525733036205,23.45493347584438,2.553498092594351,1.2564001710132535,0.0,0.013391640742737418,0.03950721527130751,0.8966762346211191,0.010134343526775811,96.24752526315791,0.6646414220288126,-0.10869565217391314,-0.5670812765737642,1.7801813862921192,20.783641732740808,-0.0340885908094048,-0.09614344230620604,0.0,-0.1021267703627298,0.8482569097511486,1.3344005225938942,REIT—Healthcare Facilities,Real Estate,VTR
2008Q3,2008,Q3,2008-11-05,2008-09-30,64695000.0,238554000.0,0.0,0.46,156856000.0,0.6575282745,5814848000.0,2187587000.0,159764000.0,206485000.0,3598360000.0,0.0,-95414000.0,7943030370.0,10962457370.0,15.541365028168714,0.773731748068867,0.5391972412692473,1.4332458549077134,0.0,15.541365028168714,0.029573680955317434,33.296571719610654,30.694143171806168,3.6309551894393226,1.1360847051549579,0.0,0.009253269416871183,0.041024976061283115,0.5614112405259462,0.01112582822457268,104.47369253837351,0.6575282745206537,-0.09803921568627448,0.1327581238235056,1.2507238656823265,53.04865759212343,-0.02978270685528017,-0.08964905862156305,0.0,0.6495808660292374,0.8172204800869649,1.4491553397950183,REIT—Healthcare Facilities,Real Estate,VTR
2008Q2,2008,Q2,2008-08-06,2008-06-30,71066000.0,233513000.0,0.0,0.51,161671000.0,0.6923426105,5717061000.0,1981896000.0,29268000.0,484000000.0,3704208000.0,0.0,-86610000.0,6714645130.0,9936795130.0,14.34773732562096,0.06047107438016529,0.568721935973746,1.6405593431744148,0.0,14.34773732562096,0.035857582839866474,28.754909276999566,23.62115895787015,3.3879906564219313,0.9987335716094897,0.0,0.010570327787374819,0.04084493763491416,0.06047107438016529,0.012430512810690669,106.13858226767621,0.692342610475648,1.2173913043478262,1.5178311309472405,1.6589446944057706,24.992429577957175,0.0,1.217209534506427,0.0,0.6835054148201121,0.9923598293810524,0.9397345471023122,REIT—Healthcare Facilities,Real Estate,VTR
2008Q1,2008,Q1,2008-05-07,2008-03-31,32052000.0,231764000.0,0.0,0.23,0.0,0.0,5651788000.0,1978374000.0,51347000.0,516000000.0,3641098000.0,0.0,-86698000.0,6993617680.0,10099381680.0,14.506228873523439,0.09950968992248062,0.5586039320653924,1.5958110043904743,0.0,14.506228873523439,0.016201183396061615,30.175599661724856,54.54899600648945,3.5350331534886728,2.2122176463247225,0.0,0.010138672607565246,0.04100719984542945,0.09950968992248062,0.005671125668549493,71.56572843649909,0.0,0.0454545454545455,-0.5031266124622941,1.6569108908922567,27.740495884940064,0.0,0.0901670011224108,0.0,-0.2784272613957667,1.247784387436709,6.365524007352448,REIT—Healthcare Facilities,Real Estate,VTR
2007Q4,2007,Q4,2008-02-29,2007-12-31,29401000.0,232553000.0,0.0,0.22,0.0,0.0,5716628000.0,1823654000.0,82411000.0,203431000.0,3861520000.0,0.0,-47846000.0,7046806270.0,10378971270.0,13.371759995893855,0.4051054165785942,0.5878463667742593,1.842728390363523,0.0,13.371759995893855,0.016122027533731726,30.301936633799606,59.919783935920556,3.8641136257206687,2.1593143090371076,0.0,0.009009187647214829,0.04068010022691699,0.14956422570797961,0.0051430668568953584,5.334743153860887,0.0,0.047619047619047665,0.7995578656165303,1.6974113234042925,20.657063186758467,0.0,0.04951095880631113,0.0,-0.6089825997216559,1.5210832740346742,6.065190520598575,REIT—Healthcare Facilities,Real Estate,VTR
2007Q3,2007,Q3,2007-11-09,2007-09-30,28014000.0,226294000.0,0.0,0.21,0.0,0.0,5661620000.0,1843977000.0,28573000.0,550000000.0,3790862000.0,0.0,-13761000.0,6388511800.0,9627643800.0,13.84315153335085,0.05195090909090909,0.5771678424196608,1.772096398165487,0.0,13.84315153335085,0.015192163459739465,28.231026010411234,57.01177803955165,3.4645290044290142,2.2635467980295565,0.0,0.009925785845773973,0.03996983195622454,0.05195090909090909,0.004948053737269545,393.8177659967945,0.0,-0.8581081081081081,-0.14983781847320504,1.391785805608717,8.614201668867478,0.0,-0.8441909486810125,0.0,-0.3010564178873254,1.318312338568997,7.940681084890154,REIT—Healthcare Facilities,Real Estate,VTR
2007Q2,2007,Q2,2007-08-09,2007-06-30,179797000.0,193722000.0,0.0,1.48,0.0,0.0,5671453000.0,1879105000.0,30138000.0,507000000.0,3765726000.0,0.0,21636000.0,4861146600.0,8115650600.0,16.003415120210526,0.059443786982248524,0.5791535255603811,1.7479821510772415,0.0,16.003415120210526,0.09568225298745946,25.093415306470096,6.759215392915343,2.5869478288866246,0.3716413510792727,0.0,0.013745728219757865,0.03415738435988097,0.059443786982248524,0.03170210526297229,-2.068665451009513,0.0,2.523809523809524,2.9831520234754274,1.2165857608757509,12.552661924262068,0.0,2.986099410278012,0.0,4.003070581034206,1.3138050584580387,9.348121203567487,REIT—Healthcare Facilities,Real Estate,VTR
2007Q1,2007,Q1,2007-05-10,2007-03-31,45106000.0,121848000.0,0.0,0.42,0.0,0.0,3286167000.0,708914000.0,80039000.0,207000000.0,2577253000.0,0.0,-89591000.0,5101776840.0,7472194840.0,6.68509298027234,0.38666183574879226,0.7213321781881444,3.34373139760253,,6.68509298027234,0.06362689973678048,41.870008863502065,28.27659757016805,7.196608953977492,2.0500820289983595,0.0,0.018125253789030883,0.03707906506273114,0.0,0.013726021836382631,88.22024623897632,0.0,0.1052631578947368,1.3006703321450714,0.688872956434331,5.871878700260425,0.0,0.10562051131210629,0.0,0.493126241783349,0.7296350291149918,3.795660416067634,REIT—Healthcare Facilities,Real Estate,VTR
