Quarters,Year,Quarter,FillingDate,Date,NetIncome,Revenue,OperatingIncome,EPSDiluted,GrossProfit,GrossProfitRatio,TotalAssets,CommonStockEquity,CurrentAssets,CurrentLiability,TotalLiability,Inventory,RetainedEarnings,MarketCap,EnterpriseValue,bookValuePerShare,currentRatio,debtToAssets,debtToEquity,roic,shareholdersEquityPerShare,roe,priceToSalesRatio,peRatio,pbRatio,payoutRatio,inventoryTurnover,dividendYield,assetTurnover,quickRatio,returnOnAssets,priceToFreeCashFlowsRatio,grossProfitMargin,epsdilutedGrowth,fiveYNetIncomeGrowthPerShare,fiveYRevenueGrowthPerShare,fiveYShareholdersEquityGrowthPerShare,grossProfitGrowth,netIncomeGrowth,operatingIncomeGrowth,threeYNetIncomeGrowthPerShare,threeYRevenueGrowthPerShare,threeYShareholdersEquityGrowthPerShare,Industry,Sector,Symbol
2023Q1,2023,Q1,2023-05-08,2023-03-31,-237639.0,165762.0,-492801.0,-0.12,154502.0,0.9320712829,17888882.0,17709245.0,8413715.0,179637.0,179637.0,0.0,14991495.0,18618846.61,11428396.61,8.969308563952985,46.83731636578211,0.0,0.0,-0.02087056317088889,8.969308563952985,-0.013418923279902671,112.32276764276493,-19.58732216723686,1.0513630936835534,0.0,0.0,0.0,0.009266202326115181,46.10825720759087,-0.013284172817507545,-172.7983239751645,0.9320712829237099,0.7647058823529412,-1.2792054007097617,-0.5296120064708192,0.16776432528293758,-0.3661950453092887,0.7609419514236508,0.6603988513676017,-5.00458554937698,-0.09595730709071211,0.12363086487597245,Oil & Gas E&P,Energy,CKX
2022Q4,2022,Q4,2023-03-31,2022-12-31,-994064.0,283132.0,-1451117.0,-0.51,243769.0,0.8609729737,17687590.0,17420414.0,8307928.0,267176.0,267176.0,0.0,15229134.0,19490706.75,12342499.75,8.893116166759834,31.09533790460221,0.0,0.0,-0.05833218198073321,8.893116166759834,-0.05706316738511496,68.83964634869955,-4.901773615682692,1.1188429132625664,0.0,0.0,0.0,0.016007381446539636,30.987936790729705,-0.05620121226238283,81.83905185191406,0.8609729737366317,-18.46564885496183,-5.617884553947237,-0.20120317789489947,0.20671720013977393,-0.20895570821745776,-18.226427866854923,-13.084685716504252,-16.654138036689062,0.3203130942926831,0.11829642412618403,Oil & Gas E&P,Energy,CKX
2022Q3,2022,Q3,2022-11-09,2022-09-30,-51703.0,330232.0,-103028.0,-0.0262,308161.0,0.9331651687,17205319.0,16813729.0,8122422.0,203926.0,391590.0,0.0,16223198.0,21561764.02,14178808.02,8.52314577784717,39.83024234281063,0.0,0.0,-0.0035898191573335656,8.52314577784717,-0.0030750465884159307,65.29277604835389,-104.25779945070886,1.2823903620666182,0.0,0.0,0.0,0.019193599374705,39.15888116277473,-0.0030050590750453393,71.26913472598665,0.9331651687298627,0.8128571428571428,-1.9924556143161887,0.6479241870286963,0.17402179489766886,0.055468787461553745,0.8131381215868966,0.6625672635091983,-1.8782299138035508,0.424093967938019,0.07616011416042534,Oil & Gas E&P,Energy,CKX
2022Q2,2022,Q2,2022-08-11,2022-06-30,-276691.0,310214.0,-305329.0,-0.14,291966.0,0.9411760913,16986743.0,16617192.0,7902572.0,181887.0,369551.0,0.0,16274901.0,21654027.150000002,14544603.150000002,8.541106265307329,43.44770104515441,0.0,0.0,-0.01687796976134529,8.541106265307329,-0.01665088782749817,69.80351354226438,-19.565171210845314,1.3031098846303275,0.0,0.0,0.0,0.018262123586611043,42.65942040937505,-0.016288643443890333,-186.76280920099362,0.9411760913433952,-59.33333333333335,-2.2940594714859475,-0.21984335093356847,0.18079102801336688,0.7143008126262389,-59.37362869198312,-148.89150711831124,-12.87124816178162,0.42857316364072673,0.0825068384649086,Oil & Gas E&P,Energy,CKX
2022Q1,2022,Q1,2022-05-06,2022-03-31,4740.0,181918.0,-2037.0,0.0024,170312.0,0.9362020251,17061899.0,16610927.0,8001801.0,263308.0,450972.0,0.0,16551592.0,21192620.45,13835416.45,8.551335782074085,30.389509623710634,0.0,0.0,-0.0001617775610864482,8.551335782074085,0.0002853543333252864,116.49545646939829,1117.75424314346,1.2758240674948484,0.0,0.0,0.0,0.010662236366538097,30.03230817141902,0.00027781198329681825,-402.6565672974616,0.9362020250882266,-0.8431372549019608,-0.8937696100403407,-0.08478601003164447,0.20044411785578678,-0.10047270710645152,-0.8403233956543709,-1.0178784580817302,-0.9551650097899187,0.18532660042352178,0.08545143013150874,Oil & Gas E&P,Energy,CKX
2021Q4,2021,Q4,2022-03-28,2021-12-31,29685.0,204816.0,113936.0,0.0153,189335.0,0.9244150848,17055087.0,16606187.0,7998849.0,261236.0,448900.0,0.0,16546852.0,21755944.0,14346071.0,8.548895621352951,30.619244667656833,0.0,0.0,0.0018285106295449587,8.548895621352951,0.0017875867590796128,106.22189672681822,183.2233788108472,1.3101107436643944,0.0,0.0,0.0,0.012009085617681105,30.483715873769313,0.001740536415909224,-108.38087836760721,0.9244150847590032,-0.8470000000000001,-0.36758345938345516,-0.09133418809864999,0.18726308269681144,0.20197435246317927,-0.8425274124842845,-0.5897155203456967,-0.2687703221992315,0.04317001120505251,0.09269043992829888,Oil & Gas E&P,Energy,CKX
2021Q3,2021,Q3,2021-11-05,2021-09-30,188509.0,173546.0,277700.0,0.1,157520.0,0.9076556071589089,17088131.0,16576502.0,8002918.0,323965.0,511629.0,0.0,16517167.0,21911343.599999998,14523411.599999998,8.533613728735466,24.703032735017672,0.0,0.0,0.011225647035135377,8.533613728735466,0.011372061488002716,126.25669044518455,29.05874998010705,1.3218315661531004,0.0,0.0,0.0,0.010155938060165855,24.542589477258346,0.011031575073950452,-2931.67562215681,0.9076556071589089,0.11111111111111122,7.820785176173319,-0.17375965873654436,0.18913137000126753,-0.20082393469404322,0.08122261224677083,0.19270547003848268,1.2073653395784543,-0.32654755991555934,0.09365856902646338,Oil & Gas E&P,Energy,CKX
2021Q2,2021,Q2,2021-08-06,2021-06-30,174348.0,211306.0,232832.0,0.09,197103.0,0.9327846819304705,16875155.0,16387993.0,7773832.0,299498.0,487162.0,0.0,16328658.0,24164443.550499998,17034207.550499998,8.436568948697422,25.956206719243536,0.0,0.0,0.010424439301073505,8.436568948697422,0.010638764612603874,114.35758355418207,34.64972863253378,1.4745212272485106,0.0,0.0,0.0,0.012521722022701421,25.63999425705681,0.010331638435321039,277.8895724381016,0.9327846819304705,-0.5909090909090909,47.83697478991597,0.5131330201649862,0.17741355152709623,0.3575521730146704,-0.5915062311536596,-0.4806647826251821,0.14926435690555304,-0.4637352709037061,0.08734788452424229,Oil & Gas E&P,Energy,CKX
2021Q1,2021,Q1,2021-05-07,2021-03-31,426807.0,154876.0,448327.0,0.22,145190.0,0.9374596451354632,16696499.0,16213645.0,7570488.0,295190.0,482854.0,0.0,16154310.0,25155310.25,18319908.25,8.346814277514229,25.646153324977135,0.0,0.0,0.02605279230848594,8.346814277514229,0.026323938879875563,162.4222620031509,14.734593299781869,1.5514901337731273,0.0,0.0,0.0,0.009275956594253681,25.18125952776178,0.02556266436454732,-152.3742360181478,0.9374596451354632,21.3077151954899,3.3201712654614655,-0.46281060532486085,0.16518618522022321,0.08413852839712668,21.27942788536827,8.815588396278052,-0.4902951056951542,-0.5532788185580986,0.08671832098812438,Oil & Gas E&P,Energy,CKX
2020Q4,2020,Q4,2021-03-25,2020-12-31,19157.0,142014.0,45675.0,0.009862058846998319,133922.0,0.9430197022828736,16316697.0,15786838.0,7073076.0,342195.0,529859.0,0.0,15727503.0,18482645.6755,12019390.675500002,8.12709324863127,20.669723403322667,0.0,0.0,0.00111574329195791,8.12709324863127,0.0012134792287093843,130.14664522863944,241.1996355835987,1.1707629910118798,0.0,0.0,0.0,0.008703599754288506,20.64426715761481,0.001174073404684784,-404.47851352445565,0.9430197022828736,-0.671264705100056,-0.5077093077041682,-0.2138024956541958,0.1431646891652842,-0.12712317338651857,-0.6172733447876294,-0.3771392726132195,-0.9102569507881854,-0.5959611478124307,0.10277466597362125,Oil & Gas E&P,Energy,CKX
2020Q3,2020,Q3,2020-11-06,2020-09-30,50054.0,160842.0,73331.0,0.03,153426.0,0.9538926399820943,16321873.0,15767681.0,7086470.0,366528.0,554192.0,0.0,15708346.0,19424950.0,14168993.0,8.117231189784272,19.33404814911821,0.0,0.0,0.002900952316460701,8.117231189784272,0.003174468078089606,120.77038335758073,97.01996843409117,1.2319471709251348,0.0,0.0,0.0,0.009854383746277158,19.187123493975903,0.003066682359310111,229.88922683645572,0.9538926399820943,-0.7272727272727273,-0.6391620288935668,-0.5446549142062842,0.145003944200116,-0.1301345398261698,-0.7636621181358894,-0.6406963526252867,-0.024250458107528457,-0.18487961362841626,0.11810903854292291,Oil & Gas E&P,Energy,CKX
2020Q2,2020,Q2,2020-08-06,2020-06-30,211790.0,188697.0,204092.0,0.11,176379.0,0.9347207427781046,16244083.0,15717627.0,7003203.0,338792.0,526456.0,0.0,15658292.0,15811909.3,12244760.3,8.09146329848983,20.6710990814423,0.0,0.0,0.011728746875229012,8.09146329848983,0.013474680370007508,83.79523415846569,18.664607984324096,1.0059985072810291,0.0,0.0,0.0,0.011616352859068745,20.373332310089967,0.01303797819796907,224.92367316747038,0.9347207427781046,2.666666666666667,0.07844834609744175,-0.3145643763962294,0.15298335103293056,0.06272255662201978,2.627659210030489,2.6474309713162363,-0.007916432452688688,-0.5246986813768089,0.11862877823736419,Oil & Gas E&P,Energy,CKX
2020Q1,2020,Q1,2020-05-07,2020-03-31,58382.0,180391.0,55955.0,0.03,165969.0,0.9200514438081723,15997856.0,15505837.0,6756300.0,304355.0,492019.0,0.0,15446502.0,16511207.5,13644051.5,7.982433416817032,22.198748172364507,0.0,0.0,0.0028535782488065676,7.982433416817032,0.003765162757740843,91.53010682351115,70.70333107807201,1.0648381960935098,0.0,0.0,0.0,0.011275948477095931,21.71021997338634,0.00364936401477798,759.3803752931979,0.9200514438081723,-0.07457639230757017,-0.34412564315725613,-0.2868257815063593,0.14908884137486594,-0.15563186813186813,-0.07287481539121182,0.1347826968707538,0.3084267144778126,-0.09246821719466128,0.12058109815789445,Oil & Gas E&P,Energy,CKX
2019Q4,2019,Q4,2020-03-16,2019-12-31,62971.0,212651.0,49309.0,0.032417586660454724,196560.0,0.9243314162642076,15862530.0,15447455.0,6620448.0,227411.0,415075.0,0.0,15388120.0,18100168.41,14819879.41,7.9523782557998866,29.112259301441004,0.0,0.0,0.002702897547200784,7.9523782557998866,0.004076464375523347,85.11678012330061,71.85914313731718,1.1717249482196257,0.0,0.0,0.0,0.013405869051153882,28.93754919506972,0.0039697954865964,157.19866260791022,0.9243314162642076,0.08627104046023262,-0.7142837697427824,-0.5682230732057941,0.1407922272147183,-0.0060729870904779005,0.08626875970329481,-0.0962923592910947,0.3415496708494002,-0.05657422483285492,0.10441927717183198,Oil & Gas E&P,Energy,CKX
2019Q3,2019,Q3,2019-11-07,2019-09-30,57970.0,228337.0,54563.0,0.029843,197761.0,0.8660926612857311,15798929.0,15384484.0,6560546.0,226781.0,414445.0,0.0,15325149.0,19949423.65,17009063.65,7.9199606691394315,28.928993169621794,0.0,0.0,0.002474846439431746,7.9199606691394315,0.0037680821794218123,87.36833561796817,86.03339507503881,1.29672361126964,0.0,0.0,0.0,0.014452688533507556,28.548176434533758,0.003669236060241805,163.54801769156984,0.8660926612857311,1.9843,-0.8931641258514434,-0.7800632637060125,0.14424015851660443,-0.020301299421873684,1.4910833225903486,34.577230769230766,1.712554396144308,0.08709645167894194,0.10362080827924867,Oil & Gas E&P,Energy,CKX
2019Q2,2019,Q2,2019-08-08,2019-06-30,23271.0,216808.0,-1625.0,0.01,201859.0,0.9310495922659681,15705689.0,15326514.0,6231210.0,191511.0,379175.0,0.0,15267179.0,18939326.25,16454965.25,7.890117606480326,32.537086642542725,0.0,0.0,-8.855492862321827e-05,7.890117606480326,0.001518349182338528,87.35529247075753,203.4648946113188,1.2357230254707627,0.0,0.0,0.0,0.013804424626006537,31.21279717614132,0.001481692398213157,-1684.2442196531792,0.9310495922659681,-0.7999999999999999,-0.8840560214041224,-0.5384441799916123,0.175479669124998,0.51240362930718,-0.7798828993293669,-1.0181848701880036,5.518487394957983,0.552532080659945,0.10115041428622544,Oil & Gas E&P,Energy,CKX
2019Q1,2019,Q1,2019-05-03,2019-03-31,105721.0,153475.0,89360.0,0.05,133469.0,0.8696465222348917,15685155.0,15303243.0,5970122.0,194248.0,381912.0,0.0,15243908.0,19444374.95,17421816.95,7.8781376528639715,30.734535233309995,0.0,0.0,0.0053271812168118405,7.8781376528639715,0.006908404970109931,126.694086659065,45.980398761835396,1.2706048613356005,0.0,0.0,0.0,0.009784729573918778,29.45570610765619,0.0067401947892768675,-335.3634865470852,0.8696465222348917,1.3924709330968568,-0.6708141450185111,-0.7517838890398375,0.1795511487202848,-0.2882108878365118,1.604222090846389,4.365677915215564,0.07011559406441688,-0.4676699918143097,0.09976056171626324,Oil & Gas E&P,Energy,CKX
2018Q4,2018,Q4,2019-03-21,2018-12-31,40596.0,196340.0,16654.0,0.020898895492652492,187512.0,0.9550371804013446,15602001.0,15197522.0,5631013.0,216815.0,404479.0,0.0,15138187.0,20027123.45,18166387.45,7.823712287547716,25.971510273735674,0.0,0.0,0.0007177570244923838,7.823712287547716,0.0026712249536470483,102.00225858205154,123.33187660114297,1.3177887454283665,0.0,0.0,0.0,0.01258428325956395,25.80090860872172,0.0026019739391120408,157.25802068283184,0.9550371804013446,-0.4775276126836877,-0.8121320943319389,-0.6363097498402348,0.18836479364433956,-0.11668441035980441,-0.5246370023419203,-0.7806259550028979,0.04322351852803619,0.08694930079608489,0.10049083377004112,Oil & Gas E&P,Energy,CKX
2018Q3,2018,Q3,2018-11-09,2018-09-30,85400.0,257696.0,75916.0,0.04,212282.0,0.8237690922637526,15522343.0,15156926.0,4359005.0,177753.0,365417.0,0.0,15097591.0,19619199.5,17626738.5,7.8028133920550635,24.522820993175923,0.0,0.0,0.004184628677563166,7.8028133920550635,0.005634387869941438,76.13311615236557,57.43325380562061,1.2944049142946266,0.0,0.0,0.0,0.01660161742334904,23.982194393343573,0.005501746740166739,209.2179015505364,0.8237690922637526,-0.5,-0.7092181919091834,-0.5575282322660847,0.19266172283136468,-0.40738941697025527,-0.43706164636397193,-0.6667442197356465,-0.3843536434153234,-0.2704604069291767,0.10065266109514064,Oil & Gas E&P,Energy,CKX
2018Q2,2018,Q2,2018-08-03,2018-06-30,151704.0,394033.0,227801.0,0.08,358215.0,0.9090989840952407,15420747.0,15071527.0,4016359.0,161556.0,349220.0,0.0,15012192.0,20842971.35,20047639.35,7.758849829729291,24.86047562455124,0.0,0.0,0.009524015357394175,7.758849829729291,0.010065602509951381,52.896512094164706,34.34809126654538,1.3829369346583131,0.0,0.0,0.0,0.02555213440697782,18.74587759043304,0.009837655724460041,448.6991162920865,0.9090989840952407,-0.813953488372093,-0.29913005714919316,-0.13590580846346653,0.2008447130459157,0.18527109211109713,-0.8188308268476798,-0.7826286926957645,-0.2275134430503504,0.4313118654534228,0.10558799401737227,Oil & Gas E&P,Energy,CKX
2018Q1,2018,Q1,2018-05-03,2018-03-31,837361.0,346695.0,1047981.0,0.43,302222.0,0.8717229841791777,15605428.0,14919823.0,5176986.0,497941.0,685605.0,0.0,14860488.0,20104823.25,18518873.25,7.680752331408833,10.396785964602232,0.0,0.0,0.055440455560999025,7.680752331408833,0.05612405723579965,57.989942889283085,6.0024360013184275,1.347524246768879,0.0,0.0,0.0,0.022216308325539037,8.119158695508103,0.05365831683693648,-246.8242597048641,0.8717229841791777,2.91292647506617,2.4382752801376357,-0.35265560669573254,0.1964291298986216,0.0009439055167137515,2.9227086407607805,4.933434490411781,8.407070797852025,0.37065560743414455,0.10566118582235044,Oil & Gas E&P,Energy,CKX
2017Q4,2017,Q4,2018-03-23,2017-12-31,213465.0,351486.0,176623.0,0.10989217475463257,301937.0,0.8590299471387196,14723737.0,14315561.0,4478715.0,220512.0,408176.0,0.0,14256226.0,19774599.099999998,18156016.099999998,7.369677142026106,20.310527318241185,0.0,0.0,0.013895122995218764,7.369677142026106,0.014911396067537976,56.259990725092884,23.159064834984658,1.3813359532329887,0.0,0.0,0.0,0.02387206454448351,19.928802060658832,0.014498017724712143,299.5062265236883,0.8590299471387196,2.6630724918210857,-0.7485757158522207,-0.5584097090915944,0.1579613334532637,0.7949362724116612,3.161273343990019,1.1929031697354209,-0.03145233374319971,-0.28632574080917444,0.05720202564229251,Oil & Gas E&P,Energy,CKX
2017Q3,2017,Q3,2017-11-02,2017-09-30,51298.0,197323.0,80543.0,0.03,168216.0,0.8524905865003066,14648452.0,14102096.0,3485118.0,236344.0,546356.0,0.0,14042761.0,20590447.0,19521802.0,7.259784967271473,14.745955048573267,0.0,0.0,0.003184336667761796,7.259784967271473,0.003637615287826717,104.34894563735601,100.3472211392257,1.4600983428279029,0.0,0.0,0.0,0.013470570132598312,14.056807027045323,0.0035019400002129918,645.448324503934,0.8524905865003066,-0.7272727272727273,-0.8563708855514117,-0.728452095890788,0.2105135935064312,-0.5455242994391191,-0.7597058272437699,-0.6838413377558831,-0.9054602954619173,-0.8099362932168747,0.04886095383221004,Oil & Gas E&P,Energy,CKX
2017Q2,2017,Q2,2017-08-03,2017-06-30,213480.0,397005.0,254755.0,0.11,370132.0,0.9323106761879574,14493452.0,14050798.0,4109222.0,143735.0,442654.0,0.0,13991463.0,22338692.5,20820211.5,7.233376662488192,28.588875360907224,0.0,0.0,0.014599557926447662,7.233376662488192,0.015193443105509026,56.26803818591706,26.16017015645494,1.5898522276101328,0.0,0.0,0.0,0.027392025033097706,27.843587156920723,0.014729410219180358,103.9831145556952,0.9323106761879574,4.5,-0.49007036971570256,-0.5069865459937263,0.23032601525027263,1.1035007956353717,3.7844016136261764,7.722096685839496,0.06362943365768355,-0.15482838122933665,0.07763757524915219,Oil & Gas E&P,Energy,CKX
2017Q1,2017,Q1,2017-05-05,2017-03-31,44620.0,198771.0,29208.0,0.02,175960.0,0.8852397985621645,14498067.0,13837318.0,4606493.0,361830.0,660749.0,0.0,13777983.0,23115690.5,22094899.5,7.123476765705961,12.731097476715584,0.0,0.0,0.002389256874325579,7.123476765705961,0.0032246133246341523,116.29307343626586,129.51417805916628,1.6705325771945112,0.0,0.0,0.0,0.01371017253541455,12.362018074786501,0.0030776516621146806,-362.3887390847665,0.8852397985621645,-0.1723321758026375,-0.9270643311560516,-0.787435702751548,0.24238391806577922,-0.17426499917877003,-0.049404546326082786,-0.4818980044345898,-0.8610657026581849,-0.6785263750339634,0.06655983585360792,Oil & Gas E&P,Energy,CKX
2016Q4,2016,Q4,2017-03-24,2016-12-31,46939.0,225403.0,56375.0,0.024164283563149456,213095.0,0.9453955803605099,14418324.0,13986948.0,4537058.0,132457.0,431376.0,0.0,13927613.0,21464569.75,20383381.75,7.200506565010463,34.253063258264945,0.0,0.0,0.0031231271517692546,7.200506565010463,0.003355914385325519,95.22752470020363,114.3216182172607,1.5346142525159887,0.13862672830695158,0.0,0.0003031507305195344,0.01563309300026827,34.075896328619855,0.0032555101411231987,235.3803527760415,0.9453955803605099,1.4164283563149456,-0.848905555913217,-0.6540288070138817,0.3118605218930141,0.09147390850048147,1.1963876280941463,2.34847944880019,-0.7827783125393358,-0.5824749238221375,0.09370439297499338,Oil & Gas E&P,Energy,CKX
2016Q3,2016,Q3,2016-11-04,2016-09-30,21371.0,210043.0,16836.0,0.01,195236.0,0.9295049108991968,14378460.0,13940009.0,4743473.0,139427.0,438451.0,0.0,13880674.0,21367445.0,20581448.0,7.1763422814473135,34.02119388640651,0.0,0.0,0.0008829019268144609,7.1763422814473135,0.0015330693115047486,101.72890789028914,249.9584132703196,1.5328142901485933,0.0,0.0,0.0,0.014608170833315946,33.55351545970293,0.001486320509985075,-10.646178750635883,0.9295049108991968,4.4406964091403704,-0.9381244806550334,-0.6869188689651061,0.32923625604926066,0.5694716871925142,4.986274509803922,1.7763892091307356,-0.9272330442539949,-0.6393498637536681,0.09690547741835827,Oil & Gas E&P,Energy,CKX
2016Q2,2016,Q2,2016-08-08,2016-06-30,3570.0,139648.0,-21685.0,0.001838,124396.0,0.8907825389550871,14363131.0,13918638.0,6562694.0,151726.0,444493.0,0.0,13859303.0,22027893.3,18994843.3,7.165340451326773,43.253588705956794,0.0,0.0,0.00037890857375897686,7.165340451326773,0.00025649061352123675,157.7386951478002,1542.5695588235294,1.5826184501673224,0.0,0.0,0.0,0.009722671191956684,42.33192728998326,0.00024855304877467174,-72.2469991505328,0.8907825389550871,-0.96324,-0.9782221463081353,-0.6072581643099006,0.35304730821253716,-0.5399300996726889,-0.9638642022794907,-1.1596433882533093,-0.9835066597058919,-0.6937590870315588,0.10898669093715442,Oil & Gas E&P,Energy,CKX
2016Q1,2016,Q1,2016-05-05,2016-03-31,98794.0,288308.0,135834.0,0.05,270385.0,0.9378338443608918,14393336.0,13915068.0,6359993.0,185501.0,478268.0,0.0,13855733.0,20396197.5,17528250.5,7.163502608758324,34.28549172241659,0.0,0.0,0.006552512810628056,7.163502608758324,0.007099785642441704,70.74447292478877,51.61294587728,1.465763408414533,0.06586432374435694,0.0,0.0003190300544991291,0.0200306586325783,33.630352397022115,0.006863870891362503,216.94389784717495,0.9378338443608918,1.4958819448013567,-0.2504362604512829,-0.06071465804837363,0.35851724644593025,0.6737545188926856,1.538777817751966,-0.3692407708381704,-0.5943434575697726,-0.46167505344822757,0.11585725244328654,Oil & Gas E&P,Energy,CKX
2015Q4,2015,Q4,2016-03-29,2015-12-31,38914.0,180634.0,215350.0,0.020032998797937705,161544.0,0.8943166845665822,14156936.0,13809767.0,6201002.0,54402.0,347169.0,0.0,13750432.0,19308400.3,16540976.3,7.109293460214827,113.98481673467887,0.0,0.0,0.011817454845922408,7.109293460214827,0.0028178607213286077,106.89239179777894,124.04533265662742,1.398169882229005,0.0,0.0,0.0,0.012759399350254885,113.16083967501194,0.0027487586296921877,-2891.344758909853,0.8943166845665822,-0.7138143028866042,-0.8846937928909222,-0.58938232539531,0.3477880921254568,-0.5104727272727273,-0.7194699962513337,0.08202487124733074,-0.9541661415532913,-0.7730600348009623,0.11704851874117109,Oil & Gas E&P,Energy,CKX
2015Q3,2015,Q3,2015-11-05,2015-09-30,138716.0,353231.0,199025.0,0.07,330000.0,0.9342328391335981,14459404.0,13770853.0,6776598.0,395784.0,688551.0,0.0,14074113.0,20901246.2,15967144.2,7.089260461416889,17.121960463283003,0.0165981945037292,0.017428114293283066,0.009637807546735804,7.089260461416889,0.010073159592946059,59.17160781471615,37.669133697626805,1.5177887818568683,0.0,0.0,0.0,0.02442915351144487,17.005720291876376,0.009593479786580416,-1363.688014614732,0.9342328391335981,-0.3,0.09490733432260932,0.060779237939650205,0.0,0.30917573502283124,-0.2936491771223725,0.6418359855140611,-0.611609492770666,-0.5138978339250819,0.18207993695964186,Oil & Gas E&P,Energy,CKX
2015Q2,2015,Q2,2015-08-06,2015-06-30,196384.0,275295.0,121221.0,0.1,252067.0,0.9156250567572968,14017082.0,13632137.0,7080258.0,92178.0,384945.0,0.0,13935397.0,28224452.349999998,22982523.349999998,7.017849209393074,76.81071405324481,0.0,0.0,0.005877696238465066,7.017849209393074,0.014405958508192809,102.5243914709675,35.93018314883086,2.0704349105353033,0.9891335343001466,0.0,0.006882330172121125,0.019639965008409026,73.94215539499663,0.014010333962518018,360.59449547730986,0.9156250567572968,1.0,-0.2676173996061817,-0.48775082616332727,0.35893604112973176,0.06856045511967239,1.2062147527355247,0.05316154367430627,-0.5309067804302442,-0.658129900578942,0.1936669215909164,Oil & Gas E&P,Energy,CKX
2015Q1,2015,Q1,2015-04-30,2015-03-31,89014.0,252941.0,115102.0,0.05,235894.0,0.9326048367010489,13962614.0,13494028.0,7460493.0,244160.0,468586.0,0.0,13797288.0,28807200.85,23001750.85,6.94675044208608,30.555754423328963,0.0,0.0,0.006280353017557398,6.94675044208608,0.006596547746899591,113.88901305047423,80.90637666546836,2.13481110680962,0.0,0.0,0.0,0.018115590676645504,30.19709616644823,0.006375167286011058,293.3822268051737,0.9326048367010489,-0.559319092365141,-0.5177039818381799,-0.2993906323574217,0.35137337265200114,-0.49182789352026385,-0.5961197293974055,-0.6431675998090314,-0.8544980809844189,-0.7295066890526248,0.2115616174412795,Oil & Gas E&P,Energy,CKX
2014Q4,2014,Q4,2015-03-23,2014-12-31,220397.0,492502.0,322566.0,0.11346078110883168,464201.0,0.9425362739643697,13826652.0,13540989.0,7102092.0,61237.0,285663.0,0.0,13844249.0,31565543.75,26339949.75,6.970926051289707,115.97713800480102,0.0,0.0,0.016025640894600873,6.970926051289707,0.01627628528462729,64.09221434633768,35.80532374533229,2.331110655949872,0.6169548587321969,0.0,0.004307703395731936,0.03561975813089098,115.15925012655747,0.015940012086801635,160.38179889744177,0.9425362739643697,-0.5947829246113154,0.14285936519624357,0.14979758975388596,0.36763410117248374,-0.5339300595387504,-0.5938191106655265,-0.6129215741568517,-0.2905523723685058,-0.2440583998968546,0.2700332407389777,Oil & Gas E&P,Energy,CKX
2014Q3,2014,Q3,2014-11-10,2014-09-30,542608.0,1038194.0,833335.0,0.28,995990.0,0.959348638115805,13780884.0,13445153.0,7050232.0,111305.0,335731.0,0.0,13748413.0,31856917.999999996,27143927.999999996,6.921589502160881,63.34155698306455,0.0,0.0,0.04014618604909844,6.921589502160881,0.040357145805629734,30.684937497230763,14.677685364019698,2.3693979532996017,0.2505952731990682,0.0,0.004268303669551461,0.07533580574366637,62.976748573738824,0.039373961786486264,68.03995224354935,0.959348638115805,1.8,1.3277970505661467,1.0643054350528438,0.3304261881487631,1.2488682163541325,1.7034562476022501,1.9684466624633545,0.571014543106718,0.547487665638182,0.2820497343817702,Oil & Gas E&P,Energy,CKX
2014Q2,2014,Q2,2014-08-07,2014-06-30,200709.0,469733.0,280731.0,0.1,442885.0,0.9428441263441146,13283082.0,13038519.0,7042227.0,62745.0,244563.0,0.0,13341779.0,32459091.450000003,28108335.450000003,6.712253570794262,112.23566818073154,0.0,0.0,0.01518998589723953,6.712253570794262,0.015393542778899965,69.10115203743403,40.430538055094694,2.4894768685001725,0.0,0.0,0.0,0.03536325379908067,110.16646744760538,0.015110122786263008,-102.8980641878719,0.9428441263441146,-0.411764705882353,0.5547387582787867,0.557217162994076,0.344113890716695,-0.2536421776388409,-0.37504787348322793,-0.4053783278297541,0.22437289541750022,0.32106296333794565,0.26748989635537773,Oil & Gas E&P,Energy,CKX
2014Q1,2014,Q1,2014-05-13,2014-03-31,321159.0,618312.0,472117.0,0.17,593395.0,0.9597015746095822,13452216.0,12973785.0,7609064.0,296613.0,478431.0,0.0,13277045.0,29525924.0,24102770.0,6.6789283884900605,25.653170966882772,0.0,0.0,0.024542827348826853,6.6789283884900605,0.024754456775721193,47.75246800967796,22.98388337241055,2.275814189922216,0.0,0.0,0.0,0.04596357953217522,25.283382724290576,0.023874059114126624,78.08963166121401,0.9597015746095822,0.5281929121469031,0.1022216273400961,0.258005682015048,0.37413991746695896,0.16214781767403966,0.4862417163377883,0.5733195146579044,1.4366777438885603,1.0144130525437867,0.2666205205882941,Oil & Gas E&P,Energy,CKX
2013Q4,2013,Q4,2014-03-24,2013-12-31,216088.0,539855.0,300077.0,0.11124249998069494,510602.0,0.9458132276259366,13046606.0,12788600.0,7207547.0,76188.0,258006.0,0.0,13091860.0,29079150.150000002,24550099.150000002,6.58359480976785,94.60212894419068,0.0,0.0,0.016671417424994915,6.58359480976785,0.01689692382277966,53.86474173620695,33.6427174924105,2.2738337386422285,0.6292575247121543,0.0,0.004676030740189977,0.04137896093436101,94.21516511786633,0.0165627750236345,187.37893890675244,0.9458132276259366,-0.25838333346203374,-0.2903768134762763,0.21302661578046922,0.3696223121931931,-0.055973909040317855,-0.2642334971109091,-0.279573713108634,-0.3597089047184459,0.22719977813542822,0.2481255328171442,Oil & Gas E&P,Energy,CKX
2013Q3,2013,Q3,2013-11-12,2013-09-30,293691.0,582401.0,416527.0,0.15,540877.0,0.9287020454978614,12974147.0,12708487.0,7305356.0,83842.0,265660.0,0.0,13011747.0,28884900.65,24375063.65,6.542352489967799,87.13241573435748,0.0,0.0,0.022841076075637113,6.542352489967799,0.023109832035867056,49.59624150714027,24.58783266256031,2.2728827318310985,0.4629866083741075,0.0,0.004707476811072224,0.04488934802418995,85.91734452899502,0.022636632681901938,126.32414774093948,0.9287020454978614,0.3636363636363636,-0.5553157787772853,-0.4645206515374605,0.2268916935769812,0.24305249126677697,0.35684750821202027,0.3425354709367164,1.3181495279891393,0.748993969825101,0.0,Oil & Gas E&P,Energy,CKX
2013Q2,2013,Q2,2013-08-09,2013-06-30,216451.0,456007.0,310254.0,0.11,435120.0,0.9541958785720395,12791204.0,12550771.0,7120740.0,58615.0,240433.0,0.0,12854031.0,29642473.7,24545318.7,6.46116000298585,121.48323807899001,0.0,0.0,0.017103746238056623,6.46116000298585,0.01724603213619307,65.00442690572733,34.23693318580187,2.3618049998681356,1.2563998318326088,0.0,0.009174301805992663,0.035650045140394916,119.25720378742642,0.016921862867639356,97.57618372022594,0.9541958785720395,-0.15384615384615388,-0.5714255906157556,-0.5281989382547846,0.26328464156128456,-0.10683055398182131,-0.11123383742367815,-0.0922485904799244,-0.19278074467450323,-0.15149490904760485,0.2511387653942917,Oil & Gas E&P,Energy,CKX
2013Q1,2013,Q1,2013-05-10,2013-03-31,243541.0,535565.0,341783.0,0.13,487164.0,0.9096262825240634,12867295.0,12470294.0,7189957.0,215183.0,397001.0,0.0,12773554.0,27971928.0,21405612.0,6.419730295316075,33.413220375215516,0.0,0.0,0.019224104575438886,6.419730295316075,0.01952969192225941,52.228820031182025,28.71377714635318,2.2430848863707626,0.0,0.0,0.0,0.04162219021169562,32.74880915313942,0.018927132703493624,120.17239705282151,0.9096262825240634,-0.702570660629924,-0.4984985804339265,-0.34408208541881175,0.3251490622268557,-0.355675618482049,-0.7131514693948221,-0.44148632815372474,0.3195548403526168,0.48343627953355683,0.24885047376083788,Oil & Gas E&P,Energy,CKX
2012Q4,2012,Q4,2013-03-21,2012-12-31,849023.0,795955.0,611951.0,0.4370786025189254,756085.0,0.9499092285367892,12585420.0,12362728.0,6902621.0,40874.0,222692.0,0.0,12665988.0,26709500.4995,20877333.4995,6.364355120605201,168.87559328668593,0.0,0.0,0.03349810947472982,6.364355120605201,0.06867602360902869,33.55654590963057,7.864775306293233,2.1604859784587997,0.16971036120340674,0.0,0.005394634766857483,0.06324421433690731,167.20996232323728,0.06746083960646526,31.092302560768484,0.9499092285367892,1.4282144584384744,-0.33236219634063147,0.13033435769597282,0.36256445860582937,0.16289818248373894,1.377176919889348,0.1807001803991935,3.4025730242109025,0.8582404549678059,0.2486302437968082,Oil & Gas E&P,Energy,CKX
2012Q3,2012,Q3,2012-11-09,2012-09-30,357156.0,726660.0,518295.0,0.18,650173.0,0.8947416948779346,11935213.0,11649680.0,6245108.0,103715.0,285533.0,0.0,11952940.0,27602853.950000003,22493750.950000003,5.997276698266919,60.2141252470713,0.0,0.0,0.030381798004274114,5.997276698266919,0.030658009490389434,37.985927325021336,19.32128674164791,2.369408769167909,0.3580004255843385,0.0,0.0046322021712541074,0.060883706055350664,59.30997444921178,0.029924560206843396,131.8225639225575,0.8947416948779346,-0.18181818181818185,-0.34334098088770243,-0.30029791923701415,0.3169283284676211,-0.12164778261568536,-0.14687826946871582,-0.16821401002389622,0.5322049866422955,0.44486308670200325,0.152760355761878,Oil & Gas E&P,Energy,CKX
2012Q2,2012,Q2,2012-08-10,2012-06-30,418646.0,805262.0,623111.0,0.22,740219.0,0.9192275309154039,11660615.0,11420386.0,5617789.0,58411.0,240229.0,0.0,11723646.0,27777678.5,23149110.5,5.879235725188482,96.17690161099793,0.0,0.0,0.03637981322596832,5.879235725188482,0.036657780218637095,34.49520590813921,16.587808375094948,2.4322889348923935,0.0,0.0,0.0,0.06905827865854416,91.58764616253788,0.035902566031036955,203.57404543788934,0.9192275309154039,-0.3125,-0.3265009697351534,0.008978271246326757,0.3569057048888562,-0.14037375710433472,-0.31568296685693364,-0.17741339296793937,2.2429296254696154,1.669533132879605,0.177303914650619,Oil & Gas E&P,Energy,CKX
2012Q1,2012,Q1,2012-05-11,2012-03-31,611772.0,935110.0,757502.0,0.32,861094.0,0.9208478146955973,11852180.0,11137715.0,5807739.0,483048.0,714465.0,0.0,11440975.0,25058379.7495,20294312.7495,5.733716174301607,12.0231095046455,0.0,0.0,0.047172511454796506,5.733716174301607,0.05492796323123729,26.79725353113537,10.240081169741341,2.249867207905751,0.0,0.0,0.0,0.07889772176932851,11.537099832728838,0.051616833358926376,38.854960141629746,0.9208478146955973,1.0008961565698835,0.6575861478642592,0.3416463465723803,0.409940253917246,0.4625676215063991,0.9692654348805768,0.5913539813155578,1.0996090080025946,0.9025567889820858,0.17966952364868935,Oil & Gas E&P,Energy,CKX
2011Q4,2011,Q4,2012-03-22,2011-12-31,310660.0,651508.0,476011.0,0.15992833958388566,588755.0,0.9036803845846866,10994969.0,10661917.0,4917578.0,151234.0,333052.0,0.0,10965177.0,22047318.25,17922410.25,5.488774488480022,32.51635214303662,0.0,0.0,0.02845761074998221,5.488774488480022,0.029137349315324815,33.84044132996065,17.742321388334513,2.0678568638266457,0.4807506598854053,0.0,0.006774066501262575,0.05925510112852524,29.101425605353292,0.0282547408728483,-23.852473439934222,0.9036803845846866,-0.1115092245339685,-0.1490444635806057,-0.06891766168797796,0.39448785563646,-0.03807633238571382,-0.10054518554548955,-0.012707979872982424,0.02019334310771528,0.4639052049048391,0.14186067387766557,Oil & Gas E&P,Energy,CKX
2011Q3,2011,Q3,2011-11-10,2011-09-30,345387.0,670890.0,482138.0,0.18,612060.0,0.9123105129007736,10823877.0,10487232.0,6029325.0,154827.0,336645.0,0.0,10790492.0,24358887.299999997,19425752.299999997,5.39884632907678,38.94233563913271,0.0,0.0,0.03135014805462242,5.39884632907678,0.032934047802127386,36.30831775700934,17.631589564749106,2.32271845421175,0.3936888186295373,0.0,0.005582151529556935,0.06198241166266025,38.13481498705006,0.031909730681529365,57.71277178484188,0.9123105129007736,1.2499999999999998,-0.01218970639596043,0.07056503529371753,0.1065060771317584,0.9134349355216882,1.1069432921770535,1.524943702539932,-0.47704168968252436,-0.38316084606648493,0.012449226207235474,Oil & Gas E&P,Energy,CKX
2011Q2,2011,Q2,2011-08-12,2011-06-30,163928.0,355572.0,190950.0,0.08,319875.0,0.8996068306840809,10527224.0,10286882.0,5389958.0,58524.0,240342.0,0.0,10581080.0,24766811.25,20184523.25,5.295705780452459,92.09825029047911,0.0,0.0,0.014779297498208386,5.295705780452459,0.01593563530718054,69.65343516924843,37.77086777426675,2.4076110963458124,0.0,0.0,0.0,0.03377642576998457,89.7143223293008,0.015571816463675513,365.9777348425517,0.8996068306840809,0.14285714285714277,-0.6330850196138016,-0.49789842476221113,0.12075315280189741,0.16828830013367518,0.24374440448551615,0.18175291802304713,-0.6754214774635348,-0.6321125615903489,0.03541527768718191,Oil & Gas E&P,Energy,CKX
2011Q1,2011,Q1,2011-05-13,2011-03-31,131802.0,306944.0,161582.0,0.07,273798.0,0.8920128753127606,10631272.0,10242835.0,5502404.0,206619.0,388437.0,0.0,10539751.0,25252435.0,20474641.0,5.273030303810306,26.63067772082916,0.0,0.0,0.011750570764457005,5.273030303810306,0.012867726562030921,82.27049559528774,47.89842908301847,2.4653755527644443,0.0,0.0,0.0,0.02887180386316896,26.261795865820666,0.012397575755751523,-64.06011938132771,0.8920128753127606,-0.5970930473740977,-0.6428846827629037,-0.5289618634246044,0.16533976215086454,-0.3228470310656705,-0.6094570409263846,-0.5028093172097603,-0.7285923515890647,-0.624079115750267,0.08844933365600016,Oil & Gas E&P,Energy,CKX
2010Q4,2010,Q4,2011-03-11,2010-12-31,337484.0,439908.0,324990.0,0.1737373841374109,404337.0,0.9191399110723151,10487052.0,10246245.0,5686343.0,58989.0,240807.0,0.0,10543924.0,23426489.7,18244173.7,5.274785778084371,96.39666717523606,0.0,0.0,0.020925317610405773,5.274785778084371,0.03293733460404275,53.25315679642107,17.353778030958505,2.286348774599866,0.4029079897121049,0.0,0.005804326714812932,0.041947727540590056,90.39161538591941,0.0321810171247363,278.3400427731242,0.9191399110723151,1.4819626305344413,-0.3258803604809739,-0.405043140910824,0.1750385639092139,0.3376727352126748,1.6638146054999527,0.8211517878657125,-0.7346160510019418,-0.37528738857684163,0.12929519044402543,Oil & Gas E&P,Energy,CKX
2010Q3,2010,Q3,2010-11-05,2010-09-30,126692.0,332992.0,178453.0,0.07,302269.0,0.9077365221987315,10412285.0,0.0,4210000.0,103149.0,284967.0,0.0,10342415.0,20959521.049999997,17197878.049999997,0.0,40.814743720249346,0.0,0.0,0.0,0.0,0.0,62.943016799202375,41.35920391579579,0.0,1.0732721876677296,0.0,0.006487505114054121,0.03198068435506712,40.322426780676494,0.012167550158298587,89.40097016771594,0.9077365221987315,-0.5,-0.656730077365076,-0.49397070237710305,-1.0,-0.3897426682871875,-0.5275225252103347,-0.4392625853503725,-0.7670669274788182,-0.6793614685307734,-1.0,Oil & Gas E&P,Energy,CKX
2010Q2,2010,Q2,2010-08-09,2010-06-30,268144.0,537424.0,318247.0,0.14,495314.0,0.921644734883444,10299240.0,10031478.0,4168315.0,85944.0,267762.0,0.0,10351698.0,22921441.0,19539898.0,5.1642233313341865,48.50036069999069,0.0,0.0,0.02308074649563904,5.1642233313341865,0.02673025849231788,42.65057198785317,21.370458596873323,2.284951529575203,0.0,0.0,0.0,0.05218093762258186,47.36388811318999,0.02603531911092469,-65.41712496682258,0.921644734883444,0.4000000000000001,-0.27346829179672755,-0.17429446450286504,0.20170608233075357,0.4922152730077245,0.4528589153839068,0.34164818765123983,-0.5686218810848855,-0.32661774870006793,0.19188350784877617,Oil & Gas E&P,Energy,CKX
2010Q1,2010,Q1,2010-05-07,2010-03-31,184563.0,361030.0,237206.0,0.1,331932.0,0.9194028197102734,10448560.0,9985418.0,4762349.0,281324.0,463142.0,0.0,10219528.0,24382197.24,20592500.24,5.140511558588311,16.92834240946382,0.0,0.0,0.016904646259662707,5.140511558588311,0.01848325227847247,67.5351002409772,33.026930153931175,2.441780328074398,0.0,0.0,0.0,0.03455308674113945,16.69645319986919,0.01766396517797668,127.47394934961729,0.9194028197102734,0.007272604707358712,-0.4410977263756197,-0.4144214993778232,0.24391258518396305,-0.11951574055407599,-0.04295633325900844,-0.025343709681395713,-0.4999295943451625,-0.4820132599340971,0.26406922698146246,Oil & Gas E&P,Energy,CKX
2009Q4,2009,Q4,2010-03-18,2009-12-31,192847.0,428338.0,243374.0,0.09927799041953776,376988.0,0.8801180376244928,10145353.0,9901032.0,4895687.0,62503.0,244321.0,0.0,10170940.0,22921246.750499997,18944140.750499997,5.097069490526359,78.32723229284994,0.0,0.0,0.017686464252879782,5.097069490526359,0.019477464571369934,53.512055317296145,29.7142900207159,2.3150361245676208,0.7050874527475148,0.0,0.005932225305197846,0.04222011791999746,77.7476601123146,0.019008407100275366,105.43642764059724,0.8801180376244928,-0.1726834131705186,-0.5477478991573193,-0.44761991573695875,0.229590900686105,-0.0946819879207041,-0.14872118584961463,-0.21877578010393897,-0.4717561889787197,-0.3878541067371468,0.29497058383290464,Oil & Gas E&P,Energy,CKX
2009Q3,2009,Q3,2009-11-09,2009-09-30,226538.0,488770.0,311529.0,0.12,416415.0,0.851965136976492,10065650.0,9821435.0,5727594.0,62397.0,244215.0,0.0,10103997.0,21879799.03,17123016.03,5.202535521186641,91.7927784989663,0.0,0.0,0.022245073190494603,5.202535521186641,0.023065672175196394,44.7650204186018,24.14583759678288,2.2277598976117035,0.6002304249176739,0.0,0.006214636606742178,0.04855821531644752,90.52024937096334,0.02250604779621783,65.63828123921894,0.851965136976492,0.7142857142857141,-0.5000001738988847,-0.3778336611940421,0.3223482957529568,0.5454774885782046,0.754816220612727,0.8661135737390679,-0.3333334894014785,-0.197460724925077,0.06627172173490284,Oil & Gas E&P,Energy,CKX
2009Q2,2009,Q2,2009-08-13,2009-06-30,129095.0,301649.0,166940.0,0.07,269441.0,0.8932268961607697,9923633.0,9700457.0,6259644.0,41358.0,223176.0,0.0,10013434.0,24456012.05,18557117.05,4.993813111488061,151.35267662846366,0.0,0.0,0.012162018296827727,4.993813111488061,0.013308135895040821,81.07440120802654,47.360494306518454,2.5211195771498187,2.106580425268213,0.0,0.01111992419058364,0.030397033022079717,146.27479568644517,0.01300884464389201,-243.93564524816472,0.8932268961607697,-0.5333333333333333,-0.6835316360774275,-0.5045693495152044,0.33996550017931293,-0.39592095705279395,-0.5673948521009473,-0.5353976143694443,-0.7110506478883639,-0.5740428434496986,0.0568622996131614,Oil & Gas E&P,Energy,CKX
2009Q1,2009,Q1,2009-05-14,2009-03-31,298413.0,503375.0,359318.0,0.15,446036.0,0.8860908865160169,10132202.0,9669462.0,6490137.0,280922.0,462740.0,0.0,10020314.0,23355790.8,17114924.8,4.8604427421057395,23.102985882202177,0.0,0.0,0.029118190906382367,4.8604427421057395,0.030861386083320872,46.398392450956045,19.566666666666666,2.41541781745458,0.0,0.0,0.0,0.04968071106359703,22.744160300724044,0.02945193946982107,52.15639645111801,0.8860908865160169,-0.043140184758246276,0.07142849351924235,-0.05805985618989185,0.3497155836895496,0.06510209588488274,-0.043140184758246304,0.11594292919567932,-0.2105263370550445,-0.24573840632936855,0.07415790592755134,Oil & Gas E&P,Energy,CKX
2008Q4,2008,Q4,2009-03-23,2008-12-31,311867.0,455799.0,321986.0,0.1567627750801741,418773.0,0.9187668248504275,9821004.0,9562881.0,6103395.0,76305.0,258123.0,0.0,9857876.0,26956442.058,21176951.058,4.806868836143198,79.98682917240023,0.0,0.0,0.02570950090070851,4.806868836143198,0.032612243109581725,59.14107327572022,21.608924684240396,2.818862020556357,3.986305059528581,0.0,0.04611873471005978,0.046410631743964266,78.70727999475788,0.031755103653353565,74.2086542069968,0.9187668248504275,-0.5389330144700761,-0.003944911296242823,-0.36708753161353763,0.36418864367944914,-0.581964832071394,-0.5293056712669492,-0.6477192659988359,-0.3917436598247152,-0.3980915867995056,0.0708029656083814,Oil & Gas E&P,Energy,CKX
2008Q3,2008,Q3,2008-11-07,2008-09-30,662568.0,1091116.0,914004.0,0.34,1001765.0,0.9181104483849564,10863132.0,10391522.0,7084695.0,289792.0,471610.0,0.0,10653231.0,24359112.5,17872312.5,5.332461311962823,24.447517529814487,0.0,0.0,0.061278921284600794,5.332461311962823,0.06376043855750871,22.324952159073828,9.191174528501225,2.3441332751833657,0.0,0.0,0.0,0.10044211927094322,24.162482056095406,0.06099235469107804,51.15708801397841,0.9181104483849564,0.30769230769230776,1.000000842579832,0.8714376365879902,0.5548336515361547,0.14445704937285722,0.31847768767723,0.1632560335688259,0.7894743531510987,0.6528035910972072,0.23385432166326048,Oil & Gas E&P,Energy,CKX
2008Q2,2008,Q2,2008-08-11,2008-06-30,502525.0,961694.0,785729.0,0.26,875319.0,0.9101845285506617,10225023.0,9885383.0,6557069.0,157822.0,339640.0,0.0,10126639.0,26111965.88,21205092.88,5.114571799907698,41.54724309665319,0.0,0.0,0.051731554314513525,5.114571799907698,0.050835157322685426,27.152052399203903,12.990381513357544,2.6414723516529404,0.5411651161633749,0.0,0.010414727150371108,0.09405299137224435,34.15610624627745,0.04914658871671976,-229.58601907943904,0.9101845285506617,0.040000000000000036,1.6000006208647817,1.7227182051860304,0.5442984120091595,0.1674889462417222,0.021352833935274856,0.2981033884584249,0.3684213794025168,0.48498044473507923,0.19015225448790682,Oil & Gas E&P,Energy,CKX
2008Q1,2008,Q1,2008-05-12,2008-03-31,492019.0,827265.0,605290.0,0.25,749745.0,0.9062936302152272,10183048.0,9534412.0,6674486.0,466818.0,648636.0,0.0,9760088.0,23026489.2,17805633.2,4.844534459035119,14.297833416877669,0.0,0.0,0.052451601522940136,4.844534459035119,0.05160454572342794,27.834477706659897,11.7,2.4150927398564273,1.855562488440487,0.0,0.03964877112052323,0.08123942850902795,11.956539807805184,0.04831745858410959,187.97747844827586,0.9062936302152272,-0.6181248636905875,0.9230767703165896,0.8082737350717468,0.42660391807607106,0.1632790802314937,-0.6181248636905875,0.08289382348521171,0.4705884603143515,0.32435533933000765,0.1722913788381944,Oil & Gas E&P,Energy,CKX
2007Q4,2007,Q4,2008-03-06,2007-12-31,1288429.0,713450.0,558956.0,0.6546642507708036,644510.0,0.9033709440044853,11025554.0,9192618.0,6223783.0,1651118.0,1832936.0,0.0,9404044.0,23124893.0,21499923.0,4.670865352760767,3.7694356187746725,0.0,0.0,0.03762432706528288,4.670865352760767,0.1401590928721285,32.412773144579155,4.487032851635596,2.5155938166907403,0.105536277125088,0.0,0.005880070450488138,0.06470876656175281,1.186402788898189,0.11685843631984388,91.33703422834166,0.9033709440044853,1.338086609895727,6.382692463249239,0.741374307984686,0.4080411180892208,-0.3131351669338062,1.369729429486319,-0.25736811267635573,1.9822650670760225,-0.09190142535489015,0.12677560052090725,Oil & Gas E&P,Energy,CKX
2007Q3,2007,Q3,2007-11-09,2007-09-30,543703.0,1038154.0,752669.0,0.28,938336.0,0.903850488463176,9527299.0,8842917.0,2936293.0,497061.0,684382.0,0.0,9028589.0,25146258.2,23926323.2,4.553988678522358,5.907309163261652,0.0,0.0,0.058335036081255585,4.553988678522358,0.061484575734455045,24.222088630395874,11.562497448055279,2.843661000097592,0.2500887433028694,0.0,0.0054073253729654295,0.10896624531254871,3.792236767720662,0.05706790560472596,37.54770043973929,0.903850488463176,-0.12499999999999993,1.5454552282111043,1.7552769198689966,0.3533858534588945,0.32746327440639217,-0.13001256090438512,0.23452717974288234,0.16666672439535252,0.2847541853084264,0.1575046712124625,Oil & Gas E&P,Energy,CKX
2007Q2,2007,Q2,2007-08-13,2007-06-30,624955.0,802406.0,609682.0,0.32,706864.0,0.8809306012168403,9037182.0,8461939.0,2931598.0,312367.0,575243.0,0.0,8620860.0,27341776.0,26159956.0,4.332825563343069,9.385107901923059,0.0,0.0,0.047719325652864686,4.332825563343069,0.07385482216309996,34.07474021879198,10.937497899848788,3.231147849210447,0.0007232520741493388,0.0,1.653147915482886e-05,0.08878940359948488,5.992713698950273,0.06915374726325087,94.49574209245742,0.8809306012168403,0.6842105263157895,1.4615388410832815,0.8445849782690291,0.38749149377812897,0.09775127345011803,0.6761656224520448,0.19290535913439902,0.5238101122207021,0.3107998201780621,0.1626059372984185,Oil & Gas E&P,Energy,CKX
2007Q1,2007,Q1,2007-08-27,2007-03-31,372848.0,704114.0,511090.0,0.19,643920.0,0.9145110024797121,8472514.0,7980199.0,2339289.0,325482.0,492315.0,0.0,8131427.0,25353665.36,24439882.36,4.066637687924426,7.187153206628938,0.0,0.0,0.044033487483054606,4.066637687924426,0.046721641903917435,36.00789838009186,17.000000911899754,3.1770718198882006,5.940482448611767,0.0,0.08736003132290297,0.0831056755999459,4.013503050859955,0.04400677296018631,48.09235690561414,0.9145110024797121,0.010962486951098862,2.7999997961635947,1.8438037818662665,0.1860481557130688,0.057986159033103966,0.010962432721899106,0.06770925818763723,0.35714268565899626,0.3357429251002712,0.12928071614991726,Oil & Gas E&P,Energy,CKX
