Quarters,Year,Quarter,FillingDate,Date,NetIncome,Revenue,OperatingIncome,EPSDiluted,GrossProfit,GrossProfitRatio,TotalAssets,CommonStockEquity,CurrentAssets,CurrentLiability,TotalLiability,Inventory,RetainedEarnings,MarketCap,EnterpriseValue,bookValuePerShare,currentRatio,debtToAssets,debtToEquity,roic,shareholdersEquityPerShare,roe,priceToSalesRatio,peRatio,pbRatio,payoutRatio,inventoryTurnover,dividendYield,assetTurnover,quickRatio,returnOnAssets,priceToFreeCashFlowsRatio,grossProfitMargin,epsdilutedGrowth,fiveYNetIncomeGrowthPerShare,fiveYRevenueGrowthPerShare,fiveYShareholdersEquityGrowthPerShare,grossProfitGrowth,netIncomeGrowth,operatingIncomeGrowth,threeYNetIncomeGrowthPerShare,threeYRevenueGrowthPerShare,threeYShareholdersEquityGrowthPerShare,Industry,Sector,Symbol
2023Q1,2023,Q1,2023-05-04,2023-03-31,46202000.0,820593000.0,56427000.0,0.74,399500000.0,0.4868430513,2888974000.0,1947785000.0,1987364000.0,568685000.0,941189000.0,959234000.0,1981287000.0,5606881920.0,5618855920.0,31.34863920943782,3.4946657639994023,0.12911954209349064,0.1915113834432445,0.015980542706954898,31.34863920943782,0.02372027713531011,6.832719655176196,30.338956755118826,2.8785938489104286,0.4036405350417731,0.43898881816115776,0.003326091090571781,0.28404305473154134,1.6305160150171008,0.015992528835496615,87.66917238683449,0.48684305130558025,-0.6336633663366337,0.15528358266297876,0.5240196815991595,0.32622161869304483,-0.32285381100248145,-0.6324130797995067,-0.7509885085876683,232.79711506340817,0.5565502777221506,0.23743339900780489,Apparel Manufacturing,Consumer Cyclical,COLM
2022Q4,2022,Q4,2023-02-23,2022-12-31,125690000.0,1169520000.0,226604000.0,2.02,589976000.0,0.5044599494,3051546000.0,1935789000.0,2136941000.0,738718000.0,1115757000.0,1028545000.0,1953734000.0,5440732340.0,5389801340.0,31.16058464658822,2.8927696360451485,0.12430092811971374,0.19594594245550523,0.06618658118786251,31.16058464658822,0.06492959718233754,4.652107137971133,10.82172873736972,2.8106019509357685,0.14739438300580793,0.563460033348079,0.0034050563126948458,0.38325491406650924,1.3246245522648696,0.04118895799047434,18.965846341548435,0.5044599493809426,0.1222222222222222,21.009290155867248,0.6966653642474635,0.3436727066245404,0.2867664860031189,0.12474272930648769,0.5599782460536551,0.19849161900779308,0.3316776922655601,0.13802154339602843,Apparel Manufacturing,Consumer Cyclical,COLM
2022Q3,2022,Q3,2022-11-03,2022-09-30,111750000.0,955059000.0,145261000.0,1.8,458495000.0,0.4800698177,2890152000.0,1814803000.0,1959610000.0,696656000.0,1075349000.0,1056905000.0,1846570000.0,4179195400.0,4404846400.0,29.224822055460724,2.8128803885992513,0.13316669849890247,0.21207370717372628,0.04316478595762809,29.224822055460724,0.061576931490635624,4.375850497194414,9.349430425055928,2.3028369470405328,0.16671140939597315,0.4698284140958743,0.004457795871425394,0.33045286199480167,1.0918588227188168,0.03866578643614592,-18.255581036749707,0.48006981767618545,15.363636363636363,0.4321886739926876,0.4367043714860036,0.25228071567404153,0.6135099943693694,14.601005165433477,15.557733956457312,0.019962299268103507,0.14642632976798753,0.13066602552721848,Apparel Manufacturing,Consumer Cyclical,COLM
2022Q2,2022,Q2,2022-08-04,2022-06-30,7163000.0,578063000.0,8773000.0,0.11,284160000.0,0.4915727179,2726788000.0,1731717000.0,1795133000.0,618444000.0,995071000.0,962875000.0,1753450000.0,4477615320.0,4442216320.0,27.683553409853886,2.9026605480851946,0.13851865271520925,0.21811358322404872,0.0032239862147623354,27.683553409853886,0.004136357153045215,7.745895032202372,156.2758383358928,2.585650726995231,2.6211084741030293,0.30523484356744124,0.004193080168396423,0.2119941117534623,1.1494233916086178,0.0026269002210659574,-47.143710332919206,0.4915727178525524,-0.8932038834951457,1.6916407038363068,0.614023943333416,0.246933064288012,-0.24914188776763985,-0.8928288223588731,-0.8951425907776157,-0.6622258574419136,0.19295099619816247,0.1361470517240725,Apparel Manufacturing,Consumer Cyclical,COLM
2022Q1,2022,Q1,2022-05-05,2022-03-31,66837000.0,761510000.0,83666000.0,1.03,378447000.0,0.4969691797,2787979000.0,1818900000.0,1838126000.0,571014000.0,969079000.0,714415000.0,1828074000.0,5818634690.0,5772780690.0,28.29959703141288,3.219055925073641,0.13966604483032333,0.21407773929297927,0.02559527653631965,28.29959703141288,0.036745835395018966,7.640916980735644,21.764272371590586,3.198985480235307,0.2865329084189895,0.5361911494019582,0.003291321937242979,0.2731405078732659,1.7835814883698122,0.023973279569178964,-124.66810982795192,0.49696917965620935,-0.5690376569037657,1.010296778831791,0.5165617690513892,0.2560467871742351,-0.3587556932169387,-0.574180847471665,-0.6057358817763704,-0.04263791327865629,0.23601244484729864,0.12316892130538278,Apparel Manufacturing,Consumer Cyclical,COLM
2021Q4,2021,Q4,2022-02-24,2021-12-31,156961000.0,1129720000.0,212208000.0,2.39,590176000.0,0.5224090925,3067128000.0,1989252000.0,2114037000.0,680390000.0,1077876000.0,645379000.0,2234531000.0,6355913760.0,5977604760.0,30.496435634457068,3.107095930275283,0.12555556859707193,0.19358784105784485,0.05696410553110028,30.496435634457068,0.07890453296012773,5.626096519491555,10.123396512509478,3.1951274951589843,0.10805868973821522,0.8360110880583347,0.0026685384101246836,0.3683315466455916,2.031705345463631,0.05117523624706892,17.86809523407916,0.5224090925185002,0.5723684210526316,0.9836445740567441,0.6858215235086348,0.36448698923149975,0.4452345969242825,0.5608225689368853,0.5900375390563536,0.46129080165057346,0.29819463486642983,0.2531206924713146,Apparel Manufacturing,Consumer Cyclical,COLM
2021Q3,2021,Q3,2021-11-04,2021-09-30,100563000.0,804706000.0,133461000.0,1.52,408360000.0,0.5074648380899359,2889359000.0,1880317000.0,1920073000.0,590719000.0,1009042000.0,720865000.0,1883343000.0,6314189940.0,6112530940.0,28.549345601409005,3.250399936348755,0.13768451756946784,0.2115707085560573,0.03746874381460776,28.549345601409005,0.05348193948148105,7.846579918628667,15.69710017600907,3.3580454465922505,0.17026142815946224,0.5498200079071671,0.002711670089544376,0.27850675530455027,1.8639353059576549,0.03480460545055149,-44.83681947935751,0.5074648380899359,1.4918032786885247,0.2743468706468749,0.14299077631761642,0.3280620427271751,0.3960214278144518,1.4718070986137057,2.8137162451778828,0.06092400342224109,0.068411219771605,0.19296395147997653,Apparel Manufacturing,Consumer Cyclical,COLM
2021Q2,2021,Q2,2021-08-05,2021-06-30,40684000.0,566370000.0,34995000.0,0.61,292517000.0,0.5164768614156823,2863299000.0,1861657000.0,1878719000.0,567600000.0,1001642000.0,676009000.0,1863813000.0,6523923720.0,6119482720.0,28.06786075052392,3.3099348132487667,0.1450651852984966,0.22311575118295154,0.014980618913774233,28.06786075052392,0.021853649732469515,11.518837014672387,40.089001327303116,3.504363972525551,0.42412250516173433,0.4051025947879392,0.0026448807099173134,0.1978033031129477,1.9392300916138125,0.01420878504131074,-2928.1524775583484,0.5164768614156823,-0.2738095238095238,6.2311879540207435,0.5308775758179833,0.37804335909578934,-0.08987187385268293,-0.2722003577817531,-0.5034761634506243,3.4109936243059176,0.2414652966027454,0.1980856361938768,Apparel Manufacturing,Consumer Cyclical,COLM
2021Q1,2021,Q1,2021-05-06,2021-03-31,55900000.0,625606000.0,70480000.0,0.84,321402000.0,0.513745072777435,2793906000.0,1868810000.0,1805225000.0,474968000.0,925096000.0,525704000.0,1850415000.0,7009923690.0,6574356690.0,28.160420716363035,3.8007297333715115,0.02910190965623038,0.04350790074967493,0.023415466203276235,28.160420716363035,0.029912083090308805,11.205013522888208,31.35028483899821,3.7510093000358515,0.3092128801431127,0.578660234656765,0.0024657900377229357,0.22391805594032155,2.5545889407286384,0.02000783133004475,65.511468743867,0.513745072777435,-0.4166666666666667,0.8411303999633345,0.24657688430454608,0.3624386619834844,-0.305882683241296,-0.4162245707840762,-0.4302021941419482,0.3086874775613404,0.08782738077588673,0.1913422619725217,Apparel Manufacturing,Consumer Cyclical,COLM
2020Q4,2020,Q4,2021-02-25,2020-12-31,95756000.0,915623000.0,123693000.0,1.44,463037000.0,0.5057070431826199,2836571000.0,1832771000.0,1855621000.0,552622000.0,1003800000.0,556530000.0,1811800000.0,5786740500.0,5414662500.0,27.674911287278217,3.3578485836611645,0.14758911375742048,0.22842297264633715,0.03599724900650333,27.674911287278217,0.052246570902747806,6.320003429359026,15.108036311040559,3.1573723613042763,0.0,0.8132283973909762,0.0,0.3227922022752119,2.252704380209257,0.033757660217212965,12.30061984129852,0.5057070431826199,0.5319148936170213,0.5950531713803634,0.3814595093657023,0.38164987883994206,0.35032428523102405,0.5259677136619336,0.4442861646602758,15.299715763995293,0.24605062622713902,0.19336730606056435,Apparel Manufacturing,Consumer Cyclical,COLM
2020Q3,2020,Q3,2020-11-05,2020-09-30,62751000.0,701092000.0,85643000.0,0.94,342908000.0,0.4891055667444501,2652314000.0,1722816000.0,1647799000.0,499594000.0,929498000.0,771724000.0,1716044000.0,5756249420.0,5853337420.0,26.032668973541455,3.298276200274623,0.15477692309432442,0.23828255600133735,0.024884193189314265,26.032668973541455,0.036423506631004125,8.21040522499187,22.932899156985545,3.341186418050448,0.0,0.4641348461367017,0.0,0.26433220199418317,1.589090341357182,0.023658963456061385,-34.90984492598051,0.4891055667444501,2.2207792207792205,-0.26758361606628533,-0.02918126147488445,0.30196940853895377,1.344990767968269,2.2375214467430533,2.2182503556187765,-0.24537573335911292,-0.010377329272311232,0.11549727390044062,Apparel Manufacturing,Consumer Cyclical,COLM
2020Q2,2020,Q2,2020-08-06,2020-06-30,-50707000.0,316611000.0,-70300000.0,-0.77,146230000.0,0.4618601375189112,2622397000.0,1652829000.0,1602765000.0,535828000.0,969568000.0,806887000.0,1653293000.0,5329158300.0,5276037300.0,24.991744159673395,2.991193069417798,0.028105965648984498,0.04459323983303778,-0.02367881954790367,24.991744159673395,-0.030678914757667007,16.831879814662155,-26.27427327587907,3.224264760601369,0.0,0.21115843978153076,0.0,0.12073343586039795,1.2938928163515158,-0.0193361264522496,-86.60087914587972,0.4618601375189112,-244.6708860759494,-7.239921948201536,-0.1143953605783142,0.31417003635286694,-0.4618238294677492,-239.06103286384976,-34.37996980372421,-3.631026197252084,-0.16384935730933836,0.12568757578032513,Apparel Manufacturing,Consumer Cyclical,COLM
2020Q1,2020,Q1,2020-05-07,2020-03-31,213000.0,568228000.0,-1987000.0,0.00316,271714000.0,0.4781777737105528,2751487000.0,1696591000.0,1710737000.0,610355000.0,1054896000.0,577124000.0,1704000000.0,4672496900.0,4604587900.0,25.33359713304465,2.8028557151166122,0.08682541476663345,0.14081119138319134,-0.00011445850231574235,25.33359713304465,0.00012554587404978572,8.22292618455972,5484.151291079812,2.754050269039503,80.72769953051643,0.5137786680158857,0.003680045245187857,0.20651669442741324,1.6709734498775304,7.741268630380591e-05,1415.0505451241672,0.4781777737105528,-0.9981077844311377,-0.9915797875437226,0.24141569378000952,0.30415093418546807,-0.4323385319280066,-0.9981319885989914,-1.0143328067631805,-0.9938514727163211,0.08606394336943853,0.12440411258175775,Apparel Manufacturing,Consumer Cyclical,COLM
2019Q4,2019,Q4,2020-02-27,2019-12-31,114025000.0,954867000.0,138633000.0,1.67,478655000.0,0.5012792357469679,2931591000.0,1849447000.0,1875746000.0,630915000.0,1082144000.0,605968000.0,1848935000.0,6767233360.0,6516750360.0,27.381366220537725,2.973056592409437,0.021837630146906577,0.034615212006616033,0.04779296819729765,27.381366220537725,0.06165356455199852,7.08709522896906,14.837170269677701,3.6590577399622695,0.14216180662135497,0.7858698809178042,0.0023953658958791985,0.32571630899398996,1.8638168374503696,0.03889526199254944,14.565029981361192,0.5012792357469679,-0.045714285714285756,1.1190411583166273,0.45752108347090753,0.42235649619897425,0.0715477003324416,-0.04387965587214275,-0.08803078643554912,0.3916375125901129,0.37606074465635414,0.22511097372615166,Apparel Manufacturing,Consumer Cyclical,COLM
2019Q3,2019,Q3,2019-11-07,2019-09-30,119258000.0,906793000.0,152015000.0,1.75,446695000.0,0.4926096694614978,2751080000.0,1747106000.0,1698851000.0,558147000.0,1003974000.0,717396000.0,1754379000.0,6549085770.0,6739045770.0,25.84743982365038,3.043733998391105,0.02281140497550053,0.03591997280073447,0.05296948990428962,25.84743982365038,0.06826031162390833,7.222250028396778,13.728818548860454,3.7485337294932304,0.13609988428449243,0.6413445293812622,0.0024783611896412833,0.3296134608953575,1.5895489897822617,0.04334952091542231,-25.734865472349824,0.4926096694614978,4.147058823529411,0.883932815529317,0.39247339985267343,0.3766287070405856,0.7614781281670091,4.178600894524296,8.289031469599756,0.4725503393669717,0.2550089919268477,0.20237445056431366,Apparel Manufacturing,Consumer Cyclical,COLM
2019Q2,2019,Q2,2019-08-01,2019-06-30,23029000.0,526210000.0,16365000.0,0.34,253591000.0,0.48191976587294044,2662447000.0,1655194000.0,1662167000.0,577981000.0,1007253000.0,756378000.0,1656392000.0,6862967900.0,6882684900.0,24.366171058442514,2.8758159870307156,0.022837637706966563,0.036735270910841875,0.008894852939943616,24.366171058442514,0.013913172715705833,13.042260504361376,74.50353793043554,4.146322364629161,0.7064136523513831,0.36042692939244664,0.002370403043849294,0.1976414929574185,1.3927603156505144,0.008649561850433078,-84.05555433078581,0.48191976587294044,-0.6822429906542056,4.74502691456219,0.6703190296731256,0.34143631289381154,-0.24689884150162297,-0.6895398843307224,-0.8139452920712158,3.891215731347643,0.3887627440680528,0.19630208059415288,Apparel Manufacturing,Consumer Cyclical,COLM
2019Q1,2019,Q1,2019-05-02,2019-03-31,74177000.0,654608000.0,87958000.0,1.07,336729000.0,0.5143979297533792,2613709000.0,1720649000.0,1638650000.0,479844000.0,893060000.0,520614000.0,1723873000.0,7154743300.0,7121342300.0,25.196207351003075,3.414964029976409,0.02265516168785431,0.03441375899442594,0.032646958819479745,25.196207351003075,0.043109896324003326,10.92981341505145,24.113752578292463,4.158165494531424,0.22133545438613048,0.6105848094749661,0.0022947014744749824,0.25045175266259556,2.176094730787506,0.028379976500826985,213.92564807893555,0.5143979297533792,-0.34355828220858886,2.388103358353282,0.5690775380236749,0.38122082842431193,-0.29047843804916285,-0.3450732827123433,-0.42423806032677003,1.374165029132687,0.26755954632602047,0.21902607124090648,Apparel Manufacturing,Consumer Cyclical,COLM
2018Q4,2018,Q4,2019-02-21,2018-12-31,113260000.0,917598000.0,152768000.0,1.63,474586000.0,0.5172047018411112,2368721000.0,1673857000.0,1765306000.0,572882000.0,678408000.0,521827000.0,1677920000.0,5783710200.0,5345885200.0,24.336391392846757,3.0814478374255083,0.0,0.0,0.06700886427237109,24.336391392846757,0.06766408361048763,6.303098088705512,12.766444905527106,3.45531918198508,0.1457178174112661,0.8489633537551717,0.0028535316309589646,0.3873812069889193,2.0074099029119434,0.047814833405876,15.750758982794212,0.5172047018411112,0.14788732394366194,2.0966740073405683,0.7285242990500819,0.34971810772504586,0.23685767377372605,0.13088106078760284,0.18292758471163972,0.8165423264825474,0.3330109613558412,0.21497669388319954,Apparel Manufacturing,Consumer Cyclical,COLM
2018Q3,2018,Q3,2018-11-01,2018-09-30,100152000.0,795801000.0,129144000.0,1.42,383703000.0,0.48215948459476676,2299339000.0,1665365000.0,1712857000.0,509584000.0,617743000.0,617194000.0,1669390000.0,6494045480.0,6320181480.0,23.931440313842707,3.361284891205375,0.0036145170416367486,0.004990497578608893,0.059661704180480335,23.931440313842707,0.060138167909137036,8.160388690137358,16.21047377985462,3.8994727762382415,0.15280773224698457,0.6676960566693778,0.002356620391269573,0.34609990088455855,1.97009717730541,0.04355686569053106,-30.493916661188383,0.48215948459476676,9.14285714285714,0.8166957243891763,0.5063881233173969,0.36063671568976785,0.6783366357421234,9.285714285714286,12.246897117653093,0.11167190717156768,0.04796607596752635,0.196880858530748,Apparel Manufacturing,Consumer Cyclical,COLM
2018Q2,2018,Q2,2018-08-02,2018-06-30,9737000.0,481619000.0,9749000.0,0.14,228621000.0,0.4746926512450713,2246950000.0,1640400000.0,1660217000.0,486323000.0,592575000.0,570473000.0,1623612000.0,6404820870.0,5894164870.0,23.427257537024605,3.4138155094453686,0.0,0.0,0.004957669715992624,23.427257537024605,0.005935747378688125,13.298522005983983,164.445436736161,3.904426280175567,1.5820067782684606,0.44348812301370966,0.002405063359718911,0.2143434433342976,2.0836871790970197,0.004333429760341797,1378.8634811625404,0.4746926512450713,-0.78125,2.3500266155846337,0.6847863830887226,0.39766397078475013,-0.2364997094557137,-0.7841355000332543,-0.835656850019386,2.4944569188448966,0.27239087018321817,0.23190281127949683,Apparel Manufacturing,Consumer Cyclical,COLM
2018Q1,2018,Q1,2018-05-03,2018-03-31,45107000.0,607308000.0,59321000.0,0.64,299438000.0,0.4930578882543948,2188684000.0,1656520000.0,1603368000.0,383734000.0,497331000.0,405971000.0,1629279000.0,5356214400.000001,4638998400.000001,23.63755707762557,4.178331865302527,0.0,0.0,0.028444073408165457,23.63755707762557,0.02722997609446309,8.819601256693476,29.686159576119007,3.233413662376549,0.3425632385217372,0.7583546608008946,0.002884873316497562,0.27747632824108004,2.930699390723783,0.020609187986936443,82.32477329316653,0.4930578882543948,7.3999999999999995,3.3539088201034386,0.7001590423044762,0.38752419232543794,-0.19385208497669898,7.378252262443439,-0.4575720999981712,0.7040157153110954,0.267914034347846,0.21684030825759237,Apparel Manufacturing,Consumer Cyclical,COLM
2017Q4,2017,Q4,2018-02-22,2017-12-31,-7072000.0,776041000.0,109362000.0,-0.1,371443000.0,0.4786383709108153,2212902000.0,1621951000.0,1649497000.0,453636000.0,560643000.0,457927000.0,1585009000.0,5027287200.0,4354121200.0,23.190606233914785,3.6361686462273717,0.0,0.0,-0.0038920105394190238,23.190606233914785,-0.0043601810412275096,6.478120614761333,-177.71801470588235,3.0995308736207194,-1.879524886877828,0.8835425733795998,0.0026439706886051788,0.3506892758920187,2.497621440979111,-0.003195803519541308,14.699756138924789,0.4786383709108153,-1.08,-1.1741239952577682,0.5057935888527131,0.3522204304304078,0.06372748360491423,-1.0806164789567279,-0.11006046205050168,-1.1269236963826201,0.1439782727726173,0.20466265860978455,Apparel Manufacturing,Consumer Cyclical,COLM
2017Q3,2017,Q3,2017-11-02,2017-09-30,87724000.0,747367000.0,122887000.0,1.25,349190000.0,0.46722694472728926,2100814000.0,1629292000.0,1491797000.0,384464000.0,442394000.0,558558000.0,1604214000.0,4299207700.0,3887402700.0,23.33727708945069,3.8801994465021434,0.0,0.0,0.055494653441945374,23.33727708945069,0.05384179140387359,5.752471944841022,12.2520852332315,2.638696869560521,0.1433017190278601,0.7128659870595354,0.002924027141093928,0.3557511516964377,2.333446044363061,0.041757147467600654,-22.997056369218917,0.46722694472728926,8.352941176470587,0.32227954039420414,0.3306245289219166,0.4019298513418404,0.930698543641008,8.605028175119202,8.109459068556552,0.34168107951656995,0.1111319773054673,0.24293801648016333,Apparel Manufacturing,Consumer Cyclical,COLM
2017Q2,2017,Q2,2017-08-03,2017-06-30,-11535000.0,398904000.0,-17285000.0,-0.17,180862000.0,0.45339730862563427,2011200000.0,1546810000.0,1404946000.0,382933000.0,439000000.0,559544000.0,1529061000.0,4045156320.0,3424517320.0,22.201314731886555,3.6689081379771395,0.0,0.0,-0.00797552177715009,22.201314731886555,-0.007457283053510127,10.140676252933037,-87.67135500650195,2.615160439873029,-1.0877329865626355,0.38967802353344866,0.0031017342736460673,0.19834128878281623,2.097883964035484,-0.005735381861575179,72.5328370091447,0.45339730862563427,-1.3333333333333335,-0.41568587990122174,0.33219394067197044,0.4167330897238506,-0.300251095884581,-1.3203632727878687,-1.3600666597229456,-0.8289456475114935,0.23455959785949804,0.2222539891025703,Apparel Manufacturing,Consumer Cyclical,COLM
2017Q1,2017,Q1,2017-05-04,2017-03-31,36006000.0,543793000.0,48005000.0,0.51,258467000.0,0.47530402193481713,1888074000.0,1568271000.0,1290637000.0,227917000.0,296057000.0,398842000.0,1553143000.0,4089352500.0,3581987500.0,22.53068700974054,5.662750036197387,0.007505532092492138,0.009036065833009728,0.024243008967280988,22.53068700974054,0.022959042155341773,7.520053586566948,28.393548991834695,2.607554752973179,0.3471365883463867,0.7153860425933076,0.003056474099505973,0.2880146646794564,3.73351702593488,0.019070227120335327,53.140220131507135,0.47530402193481713,-0.575,7.945625076375423,0.5808227514847829,0.408231915415429,-0.23456874213370846,-0.5749749158944697,-0.5218577874281617,0.6135138529474299,0.27881330223741474,0.2351007333380995,Apparel Manufacturing,Consumer Cyclical,COLM
2016Q4,2016,Q4,2017-02-23,2016-12-31,84715000.0,717450000.0,100399000.0,1.2,337675000.0,0.470659976304969,2013894000.0,1560820000.0,1412023000.0,362851000.0,432383000.0,487997000.0,1529636000.0,4071380500.0,3534044500.0,22.350110975871697,3.8914678476840354,0.006978023669567514,0.009003600671441934,0.05415453973527806,22.350110975871697,0.05427595750951423,5.6747933653913165,12.014933896004248,2.6084881664765955,0.14842707902968777,0.7782322432310035,0.00308838734183651,0.35625013034449676,2.440503126627734,0.04206527255158415,11.769206642866434,0.470659976304969,0.0169491525423729,1.2264565547096524,0.3164145964526168,0.40210133673648946,-0.023247674364789188,0.013519172100257224,-0.1879074658254469,1.2812258313911769,0.33107861061875865,0.23955721318096398,Apparel Manufacturing,Consumer Cyclical,COLM
2016Q3,2016,Q3,2016-11-03,2016-09-30,83585000.0,745714000.0,123630000.0,1.18,345712000.0,0.46359864505695214,1921815000.0,1499652000.0,1327427000.0,332515000.0,401163000.0,588021000.0,1457495000.0,3958239140.0,3753699140.0,21.496996889379453,3.9920815602303654,0.007622481872604803,0.009768266237767161,0.05737918187794562,21.496996889379453,0.055736264146615346,5.307985554783738,11.83896374947658,2.6394384430521214,0.14187952383800922,0.6802512155178131,0.002996029188878164,0.3880259025972843,2.1228876892771753,0.04349273993594597,-19.743318153477816,0.46359864505695214,10.833333333333332,0.20098300509807782,0.27676947835415255,0.3943643939442698,0.925071275837491,11.228218306412138,11.489563889360259,0.5124422912740172,0.4080970779730634,0.2222249417992411,Apparel Manufacturing,Consumer Cyclical,COLM
2016Q2,2016,Q2,2016-06-30,2016-06-30,-8172000.0,388745000.0,-11786000.0,-0.12,179584000.0,0.46195835316209855,1907554000.0,1419521000.0,1310450000.0,401763000.0,469946000.0,653636000.0,1385769000.0,4010192760.0,3611293760.0,20.367908284787788,3.2617488419789775,0.008935526857955267,0.012007571568155738,-0.005820704052882925,20.367908284787788,-0.005756871508065044,10.315741064193752,-122.68088472834067,2.8250323595071856,-1.4498286833088596,0.3199961446431959,0.002954471445407527,0.20379239591644588,1.5460781605075629,-0.004284020268888849,-555.5822610141313,0.46195835316209855,-1.2666666666666668,0.4126677369696514,0.4132940787464881,0.36149859289115127,-0.27404730431689284,-1.2572237960339943,-1.2662600248503333,-0.13835687922665332,0.3662776565761082,0.2151440058617993,Apparel Manufacturing,Consumer Cyclical,COLM
2016Q1,2016,Q1,2016-05-05,2016-03-31,31770000.0,525136000.0,44265000.0,0.45,247377000.0,0.4710722555680814,1760762000.0,1435285000.0,1162442000.0,238990000.0,306847000.0,412228000.0,1405789000.0,4172709690.0,3757832690.0,20.669129188807766,4.863977572283359,0.008588895035217706,0.010536583326656378,0.023654524212794098,20.669129188807766,0.02213497667710594,7.945960075104354,32.83529815864023,2.9072342357092844,0.37271010387157694,0.673799450789369,0.0028377243756921894,0.2982436013498701,3.0130884137411607,0.01804332442431175,47.990864539724896,0.4710722555680814,-0.5,1.421833030044367,0.5347346312205286,0.3632416254644604,-0.2195028837538019,-0.49850039463299134,-0.46209838137364506,2.094786741572847,0.4836466014884643,0.2132775265053521,Apparel Manufacturing,Consumer Cyclical,COLM
2015Q4,2015,Q4,2016-02-25,2015-12-31,63350000.0,699414000.0,82292000.0,0.9,316948000.0,0.45316221865733314,1846153000.0,1399800000.0,1249389000.0,366070000.0,430340000.0,473637000.0,1385860000.0,3407543840.0,3054743840.0,20.030335985347147,3.4129783921107983,0.009192087546373458,0.012123160451493071,0.04548518342025795,20.030335985347147,0.045256465209315616,4.871998330030569,13.44729218626677,2.4343076439491353,0.18752959747434886,0.8075087039230465,0.0034863821443893734,0.37884942363931917,2.0278963039855764,0.0343145990608579,12.004776624191031,0.45316221865733314,-0.296875,1.3381309509482624,0.47954490493344826,0.3513431006567999,-0.1108455366661056,-0.30431249382282205,-0.37784363683100347,0.5610286130603178,0.35819763926359,0.16794831814966052,Apparel Manufacturing,Consumer Cyclical,COLM
2015Q3,2015,Q3,2015-11-05,2015-09-30,91061000.0,767550000.0,132269000.0,1.28,356460000.0,0.4644127418409224,1876876000.0,1406397000.0,1348596000.0,385751000.0,455352000.0,546685000.0,1334390000.0,4135171020.0,3998162020.0,19.99483920498166,3.4960272300007,0.01939446186109258,0.025882449976784648,0.06516735844492084,19.99483920498166,0.06474772059382948,5.387494000390854,11.352749859983966,2.9402587036235146,0.11590033054765488,0.7519686839770617,0.0025522523612578423,0.4089508310618283,1.8247081666670988,0.048517323467293524,-16.252558719029054,0.4644127418409224,15.222222222222223,0.6718840883916275,0.45961346854383256,0.30949459548971897,1.0806920463699086,14.913063407181054,15.758870787770586,0.36237289382446536,0.3563975928688909,0.20114106914877178,Apparel Manufacturing,Consumer Cyclical,COLM
2015Q2,2015,Q2,2015-08-06,2015-06-30,-6545000.0,380234000.0,-8962000.0,-0.09,171318000.0,0.4505593923741696,1818656000.0,1337646000.0,1297849000.0,400712000.0,467164000.0,581031000.0,1253883000.0,4252695940.0,3943800940.0,19.017131321173174,3.238857333945577,0.008654192986469128,0.01176619225116361,-0.004687595170897179,19.017131321173174,-0.004892923837846485,11.184417858476623,-162.44063941940414,3.179238707400912,-1.6128342245989304,0.3595608495932231,0.0024821901562988302,0.20907417345556278,1.5367296212741322,-0.0035988114299790614,-243.44243746064458,0.4505593923741696,-1.2432432432432432,0.40681462076456165,0.6473247274176519,0.31067586967781213,-0.2511474205984946,-1.2472517094178535,-1.203118625628938,0.2043518812294855,0.2578014726852354,0.2135407087236258,Apparel Manufacturing,Consumer Cyclical,COLM
2015Q1,2015,Q1,2015-05-07,2015-03-31,26471000.0,478982000.0,44122000.0,0.37,228774000.0,0.4776254640049104,1689073000.0,1361329000.0,1172110000.0,249446000.0,314638000.0,363656000.0,1270984000.0,4267872000.0,3934949000.0,19.425356735159816,4.698852657488995,0.0093204971010726,0.01156443446073653,0.021283808572717597,19.425356735159816,0.019444968850292618,8.910297255429223,40.307053001397755,3.1350775602370917,0.3988137962298364,0.6880348461183096,0.0024735980835413995,0.28357684955001944,2.8312500501110462,0.015671909976655834,322.34682779456193,0.4776254640049104,-0.5316455696202532,1.7615545791496197,0.534975539913913,0.3085751689891187,-0.25495100290172246,-0.5239285650054853,-0.4625822168087698,5.532189079225735,0.38299733106961625,0.2141399554729838,Apparel Manufacturing,Consumer Cyclical,COLM
2014Q4,2014,Q4,2015-02-26,2014-12-31,55603000.0,676964000.0,82100000.0,0.79,307059000.0,0.453582465241874,1792209000.0,1343603000.0,1266041000.0,373120000.0,436975000.0,384650000.0,1255070000.0,3108669300.0,2738106300.0,19.25070563793968,3.3931201758147513,0.008775762201841415,0.011705838703843324,0.04222051164253937,19.25070563793968,0.04138350390703206,4.592074763207497,13.977075427584841,2.3136814222653563,0.1882452385662644,0.9616664500194982,0.003367035535108221,0.3777260353005704,2.1044570111492282,0.03102484141079528,11.227821159236036,0.453582465241874,-0.15053763440860216,1.3281458465102969,0.826249134938838,0.3023782992146616,0.0009061838901366121,-0.1529614283102797,-0.16464866404835066,0.462180406230282,0.24284064938347025,0.2076647018538208,Apparel Manufacturing,Consumer Cyclical,COLM
2014Q3,2014,Q3,2014-11-07,2014-09-30,65644000.0,675296000.0,98282000.0,0.93,306781000.0,0.4542911552859783,1761877000.0,1316059000.0,1233049000.0,380610000.0,435342000.0,494795000.0,1209934000.0,2507927540.0,2340762540.0,18.775897735865207,3.239665274165156,0.010262918467066657,0.013739505599672963,0.05059793577722895,18.775897735865207,0.04987922274001393,3.7138196287257736,9.551244363536652,1.9056345802125894,0.149488148193285,0.7447831930395417,0.003912792472465134,0.38328214739167377,1.6936706865295184,0.03725799247053001,-13.24409089468848,0.4542911552859783,11.333333333333334,0.35144176586488146,0.5012236753389481,0.2961649998552791,1.1300538101024127,11.371938694896508,6.7850373771263754,-0.061268046740693735,0.15072731451943344,0.21786514655745573,Apparel Manufacturing,Consumer Cyclical,COLM
2014Q2,2014,Q2,2014-08-07,2014-06-30,-6329000.0,324246000.0,-16989000.0,-0.09,144025000.0,0.44418435385478927,1685291000.0,1269971000.0,1150131000.0,347619000.0,407326000.0,456448000.0,1154103000.0,2889278700.0,2565085700.0,18.16423994507695,3.308596480629655,0.00933607311734294,0.012389259282298571,-0.005227780460672283,18.16423994507695,-0.004983578365175267,8.910761273847633,-114.12856296413337,2.2750745489463933,-1.5474798546373836,0.39483358454851375,0.0033897733714646494,0.19239763340574417,1.7229495510889796,-0.0037554345213971947,235.72478583666475,0.44418435385478927,-1.2857142857142858,0.37860116430927016,0.7541883209082537,0.32327951339230665,-0.2692276468140812,-1.2843855313412715,-1.4792248455614792,0.5465708746181677,0.17506304371039913,0.21419375914168287,Apparel Manufacturing,Consumer Cyclical,COLM
2014Q1,2014,Q1,2014-05-08,2014-03-31,22255000.0,424084000.0,35451000.0,0.315,197086000.0,0.4647334018732138,1549529000.0,1266322000.0,1192192000.0,206135000.0,274838000.0,290196000.0,1170226000.0,2868698850.0,2395896850.0,18.241983347258635,5.783549615543212,0.010131465755077833,0.012397320744644728,0.018639648310857296,18.241983347258635,0.017574518961212076,6.764459045849407,32.225329701190745,2.26537867145955,0.43864300157268027,0.7822230492494727,0.0034029364915735224,0.27368574579759397,3.961918160428845,0.014362428841280157,111.47937861889403,0.4647334018732138,-0.4,2.14858896702193,0.5217693560099309,0.3231478380037961,-0.1709252139089173,-0.3940920228695889,-0.32039337474120083,0.6970648997923062,0.23981606118140292,0.2031581399896861,Apparel Manufacturing,Consumer Cyclical,COLM
2013Q4,2013,Q4,2014-02-27,2013-12-31,36730000.0,533110000.0,52164000.0,0.525,237718000.0,0.4459079739640975,1605588000.0,1245418000.0,1250472000.0,301254000.0,352724000.0,329228000.0,1157733000.0,2719710000.0,2282221000.0,18.030721565902248,4.1508892827979045,0.0,0.0,0.029179131439188412,18.030721565902248,0.029492106264723972,5.101592541876911,18.51150285869861,2.1837728377139243,0.23503947726653962,0.8972262383515376,0.003174235488342507,0.3320341208329908,2.7754718609545432,0.022876354332493767,11.8111662164627,0.4459079739640975,-0.33121019108280253,0.9413095324538265,0.4732627871733439,0.29384832293914104,0.023107480557265147,-0.32711684314659434,-0.32165567822728514,0.37157279945783245,0.14100193857750853,0.21643946490813146,Apparel Manufacturing,Consumer Cyclical,COLM
2013Q3,2013,Q3,2013-11-07,2013-09-30,54586000.0,523084000.0,76899000.0,0.785,232349000.0,0.44419060800942106,1534302000.0,1211912000.0,1180208000.0,270733000.0,314580000.0,410111000.0,1129636000.0,2075043960.0,1800883960.0,17.588412864274932,4.359306032142369,0.0,0.0,0.04473634904968012,17.588412864274932,0.045041224115282295,3.9669421354887553,9.503553841644377,1.7122067938926258,0.13893672370204815,0.7089178295632158,0.0036548623287961574,0.34092636260657944,2.516283570898265,0.035577089777631785,-16.006818837505303,0.44419060800942106,8.476190476190476,-0.06528417594924411,0.1548279739886699,0.2796840197197093,0.9316700475541219,8.713155291790306,8.69220766229869,0.023058813955775102,0.015425822457136877,0.1518938138433006,Apparel Manufacturing,Consumer Cyclical,COLM
2013Q2,2013,Q2,2013-08-07,2013-06-30,-7077000.0,280495000.0,-9997000.0,-0.105,120284000.0,0.42882760833526445,1477034000.0,1151631000.0,1130269000.0,274775000.0,317578000.0,423765000.0,1082634000.0,2187255510.0,1846827510.0,16.761723866911186,4.113434628332272,0.0,0.0,-0.006204755250091258,16.761723866911186,-0.006145197550256983,7.797841351895756,-77.26633849088597,1.8992676560460773,-1.0682492581602374,0.37806567319150947,0.003456386309434877,0.18990422698461917,2.2256246019470476,-0.004791358898982691,41.1633451897019,0.42882760833526445,-1.7241379310344829,-3.0523094965677884,0.3337443042187135,0.2313814910198303,-0.21538903094505035,-1.700554345674124,-1.785433689503457,0.343353691014353,0.24409893410380143,0.15523138771741266,Apparel Manufacturing,Consumer Cyclical,COLM
2013Q1,2013,Q1,2013-05-08,2013-03-31,10102000.0,348307000.0,12728000.0,0.145,153304000.0,0.44014045080919995,1372481000.0,1164123000.0,1028466000.0,166558000.0,208358000.0,325241000.0,1097271000.0,1949910690.0,1646256690.0,17.035780138730352,6.1748219839335245,0.0,0.0,0.009031132289621322,17.035780138730352,0.008677777176466749,5.598252949266021,48.255560532567806,1.6750040073085062,0.744506038408236,0.5995646305355106,0.003857099732090807,0.2537791051387961,3.6802014913723746,0.0073603933314923846,38.184875942426316,0.44014045080919995,-0.7478260869565216,-0.4754687087197987,0.21218358740653598,0.259063636711184,-0.25906092167903144,-0.744168967001798,-0.7509343874136548,0.08080637330583172,0.14472645264969902,0.1476030622156364,Apparel Manufacturing,Consumer Cyclical,COLM
2012Q4,2012,Q4,2013-02-28,2012-12-31,39487000.0,501060000.0,51103000.0,0.575,206905000.0,0.41293457869317046,1458842000.0,1166167000.0,1122603000.0,252059000.0,292675000.0,363325000.0,1094690000.0,1814186640.0,1523561640.0,17.15001911820936,4.4537310709000675,0.0001069341299469031,0.00013377157817019347,0.03388382108337522,17.15001911820936,0.03386050196927198,3.620697401508801,11.485974118064172,1.5556833969748756,0.18920150935751007,0.8096194866854745,0.004118098896373749,0.34346419968714914,2.6571794698860187,0.027067358905213862,7.522002454557517,0.41293457869317046,-0.38829787234042556,-0.10178201100917564,0.3831238872159083,0.25016884698045877,-0.15093255637400743,-0.3866097087378641,-0.4180805757361816,0.6970485665659448,0.3874340723097403,0.16025942896620707,Apparel Manufacturing,Consumer Cyclical,COLM
2012Q3,2012,Q3,2012-11-07,2012-09-30,64375000.0,545005000.0,87818000.0,0.94,243685000.0,0.44712433830882287,1427846000.0,1127703000.0,1087020000.0,257342000.0,300143000.0,475733000.0,1062674000.0,1825700800.0,1784543800.0,16.646536962683044,4.224028724421198,0.037123751440981734,0.04700439743443088,0.05453283555300018,16.646536962683044,0.0570850658373703,3.349878991935854,7.090100194174757,1.6189553455120718,0.11588349514563107,0.6333804886354321,0.0040861021696435695,0.3816973259020931,2.016957978099183,0.04508539436325766,-13.012278876170656,0.44712433830882287,9.17391304347826,0.09620347857314167,0.23343310155484295,0.27961561448547906,1.0674398479655207,9.14770282242754,9.170636397469297,0.3712711963983146,0.25359002070149783,0.1491678791268564,Apparel Manufacturing,Consumer Cyclical,COLM
2012Q2,2012,Q2,2012-08-08,2012-06-30,-7901000.0,290357000.0,-10748000.0,-0.115,117868000.0,0.40594165113980374,1386095000.0,1058718000.0,1052372000.0,286681000.0,327377000.0,523078000.0,1005759000.0,1811283600.0,1694000600.0,15.670781527531084,3.67088157220046,0.02936018093997886,0.03843894219234961,-0.007316576789660002,15.670781527531084,-0.007462799347890562,6.238126168819763,-57.31184660169599,1.710827245782163,-0.9403872927477535,0.3297577034400223,0.004102063310240318,0.20947842680335763,1.5057433174852886,-0.005700186495153651,-140.3008210689388,0.40594165113980374,-3.0909090909090913,-1.8430921605453545,0.4228480793765447,0.30993857540981595,-0.2032500540774389,-3.0269368907131864,-3.007096171802054,0.19720560045102054,0.6256266913644335,0.1416290589053123,Apparel Manufacturing,Consumer Cyclical,COLM
2012Q1,2012,Q1,2012-05-09,2012-03-31,3898000.0,333141000.0,5355000.0,0.055,147936000.0,0.44406422505785836,1300072000.0,1078511000.0,961554000.0,181581000.0,221561000.0,366564000.0,1021090000.0,1599302250.0,1358577250.0,15.999273104880581,5.295454920944372,0.0,0.0,0.003454885243325995,15.999273104880581,0.0036142422284056444,4.800676740479257,102.57197601334018,1.4828798686336997,1.9032837352488456,0.5052460143385602,0.004638897994422255,0.2562481154889883,2.786910524779575,0.0029982954790196237,156.6561122538936,0.44406422505785836,-0.8990538553692006,-0.8395940109457082,0.23468388792815364,0.3343484198765491,-0.33890443036277673,-0.8938684382487475,-0.8939813898237973,-0.43209201457102103,0.23104180628405932,0.16047708274749156,Apparel Manufacturing,Consumer Cyclical,COLM
2011Q4,2011,Q4,2012-02-28,2011-12-31,36728000.0,526078000.0,50510000.0,0.5448449784898383,223774000.0,0.4253627789035086,1382542000.0,1074545000.0,1049526000.0,267002000.0,307997000.0,365199000.0,1024611000.0,1568967750.0,1327933750.0,15.940439103990506,3.9307795447225113,0.0,0.0,0.03416111123527627,15.940439103990506,0.034180048299512815,2.9823861670702825,10.679643255826617,1.4601228892228801,0.2014267044216946,0.82777882743381,0.004715202081113522,0.3805150223284356,2.2301331076171715,0.026565558225355904,9.362053070625581,0.4253627789035086,-0.44965153687895126,0.0270683391117222,0.5610119442710143,0.38856132028289414,-0.10341567001222028,-0.4561956795333067,-0.41685139004341,0.9890643914842153,0.48967398957095964,0.14385385666508582,Apparel Manufacturing,Consumer Cyclical,COLM
2011Q3,2011,Q3,2011-11-04,2011-09-30,67539000.0,566791000.0,86616000.0,0.99,249585000.0,0.4403475002249506,1344376000.0,1043704000.0,1029970000.0,260646000.0,300672000.0,432104000.0,995281000.0,1570593600.0,1525100600.0,15.417058111022483,3.951604858697237,0.029772920671002755,0.038349953626698755,0.061990224396997036,15.417058111022483,0.06471087588051785,2.771027768613122,5.813654333052014,1.5048266558334547,0.11015857504552926,0.7340964212319256,0.004737062471157402,0.42160154599606064,1.9503119173131374,0.050238177414651856,-9.156592003544652,0.4403475002249506,5.949999999999999,0.1802616615552227,0.31582274095811247,0.40368366916579446,1.2202503269194844,5.981486944977135,5.646781115879828,0.17712218792134932,0.2736127572779788,0.12170228479446767,Apparel Manufacturing,Consumer Cyclical,COLM
2011Q2,2011,Q2,2011-08-05,2011-06-30,-13558000.0,268030000.0,-18640000.0,-0.2,112413000.0,0.41940454426743273,1312851000.0,1015958000.0,1000408000.0,252618000.0,296893000.0,422004000.0,935182000.0,2152810400.0,2080498400.0,14.959918718341383,3.960161191997403,0.033724314488087374,0.043579557422649365,-0.013112038940062364,14.959918718341383,-0.013345039854009713,8.031975525127784,-39.69631214043369,2.118995470285189,-0.5513350051630034,0.3687571681785007,0.0034722054482828587,0.2041587354543661,1.8727604525409907,-0.010327142988808326,-56.681245886100946,0.41940454426743273,-2.081081081081081,-4.020014984155565,0.3639375355262024,0.5266480334803216,-0.24825460089878024,-2.0617071260767426,-2.0401785714285716,-6.854113731761875,0.289374285114052,0.09901387012416699,Apparel Manufacturing,Consumer Cyclical,COLM
2011Q1,2011,Q1,2011-05-06,2011-03-31,12770000.0,333086000.0,17920000.0,0.185,149536000.0,0.44894111430681566,1256033000.0,1024904000.0,950188000.0,189240000.0,231129000.0,303086000.0,956215000.0,2008336580.0,1773354580.0,15.161750347643421,5.021073768759248,0.0,0.0,0.01223909924299459,15.161750347643421,0.012459703542965975,6.029483616843698,39.317474158183245,1.9595362882767557,0.5295223179326547,0.6056036900417703,0.003366965511328783,0.2651888923300582,2.9285986049461004,0.01016693032746751,73.53581267621105,0.44894111430681566,-0.5228315781440782,-0.2838328714296781,0.39750458839814684,0.45427003068056176,-0.21666657935954992,-0.5127442002442002,-0.5158196211936992,-0.32971742244166447,0.17183259128358025,0.12055969120024697,Apparel Manufacturing,Consumer Cyclical,COLM
2010Q4,2010,Q4,2011-03-11,2010-12-31,26208000.0,457259000.0,37011000.0,0.3877037782182905,190897000.0,0.41748112120264447,1294754000.0,1001974000.0,990880000.0,251626000.0,292780000.0,314298000.0,950207000.0,2038079700.0,1803822700.0,14.82253912837658,3.9379078473607656,0.0,0.0,0.025813911558944226,14.82253912837658,0.026156367330888827,4.4571669447730935,19.441389079670326,2.034064456762351,2.1837225274725274,0.8474823256909048,0.028080844924759322,0.35316284019975996,2.397407263160405,0.02024168297607113,16.467467922820852,0.41748112120264447,-0.4931976755316464,-0.21887690874939014,0.5893552794167738,0.4726953616421755,-0.10912773414348449,-0.49797912077387224,-0.46003238842770233,-0.4003141778643686,0.2696847470879746,0.08050472268978304,Apparel Manufacturing,Consumer Cyclical,COLM
2010Q3,2010,Q3,2010-11-05,2010-09-30,52205000.0,504028000.0,68543000.0,0.765,214281000.0,0.4251370955581833,1332565000.0,1029414000.0,1036004000.0,263919000.0,303151000.0,358210000.0,981230000.0,1969953960.0,1796016960.0,15.26912693939304,3.9254619788647274,0.0,0.0,0.05060478943939979,15.26912693939304,0.05071331845107994,3.90842167498631,9.433741787185134,1.913665405755119,0.11602336940906044,0.8088746824488429,0.00307469114658903,0.3782389602008157,2.2745956145635593,0.03917632535748725,-15.0163808913993,0.4251370955581833,5.935483870967742,-0.11952510536695644,0.3786923200272952,0.5321805530744574,1.21086027939993,5.923142210486609,5.657403003329483,-0.10673358536425723,0.14621146349305406,0.17373441064699538,Apparel Manufacturing,Consumer Cyclical,COLM
2010Q2,2010,Q2,2010-08-06,2010-06-30,-10604000.0,221831000.0,-14717000.0,-0.155,96922000.0,0.43691819448138447,1212007000.0,980836000.0,932741000.0,192645000.0,231171000.0,310520000.0,937461000.0,1577446000.0,1230803000.0,14.509408284023669,4.841760751641621,0.0,0.0,-0.011107030917109802,14.509408284023669,-0.010811185560073244,7.111025961204701,-37.189881176914376,1.6082668254427857,-0.5739343643907959,0.40225750354244494,0.003858135238860791,0.18302782079641455,2.8227672662150587,-0.008749124386245293,-133.95431385869566,0.43691819448138447,-2.1481481481481484,-2.935938633251382,0.3728652698584335,0.6584589289877544,-0.23865707283353232,-2.1491114000866927,-2.178302642113691,-2.1308516948827796,0.08640414355501749,0.2128580558807518,Apparel Manufacturing,Consumer Cyclical,COLM
2010Q1,2010,Q1,2010-05-07,2010-03-31,9228000.0,300406000.0,12490000.0,0.135,127304000.0,0.4237731603230295,1189982000.0,1001510000.0,903782000.0,150702000.0,188472000.0,222704000.0,954151000.0,1771994490.0,1406046490.0,14.844662496664986,5.997146686838927,0.0,0.0,0.008836297853631681,14.844662496664986,0.00921408672903915,5.898665439438626,48.00591921326398,1.7693228125530451,0.6572388383181621,0.7772738702492995,0.003422696873058561,0.252445835315156,4.074265769531924,0.007754739147314833,127.68370730652832,0.4237731603230295,-0.6054790782292299,-0.4853297230720694,0.4549487637463824,0.49017742713616697,-0.1551198922197814,-0.6002772242917785,-0.5460987753025403,-0.620575215911357,0.11243761044886758,0.2380532425553242,Apparel Manufacturing,Consumer Cyclical,COLM
2009Q4,2009,Q4,2010-03-12,2009-12-31,23086000.0,358316000.0,27517000.0,0.3421871757626064,150677000.0,0.42051429464495027,1212883000.0,997228000.0,921712000.0,179287000.0,215655000.0,222161000.0,952948000.0,1316936320.0,930272320.0,14.78119349005425,5.140986239939315,0.0,0.0,0.02290956234486932,14.78119349005425,0.02315017227755338,3.675348909900758,14.261200727713765,1.3205970149253732,0.26301654682491554,0.9346329913891277,0.004610701297994424,0.29542503275254084,3.5472231673239,0.019033987614633895,6.396092803683395,0.42051429464495027,-0.5040765568657878,-0.3019579847733157,0.4129811321913058,0.5209521314226152,-0.20107211597092242,-0.5079185761483535,-0.581407730806091,-0.35495484376133263,0.062335396302934026,0.28758018609214797,Apparel Manufacturing,Consumer Cyclical,COLM
2009Q3,2009,Q3,2009-11-06,2009-09-30,46915000.0,434473000.0,65737000.0,0.69,188599000.0,0.4340868132196937,1184317000.0,980684000.0,894458000.0,165817000.0,203633000.0,301477000.0,936944000.0,1393266000.0,1200387000.0,14.485731166912851,5.394247875670167,0.0,0.0,0.047608033171180945,14.485731166912851,0.04783905926883685,3.206795358975126,7.424416497921773,1.4207084035224393,0.11546413726953,0.8155647031116802,0.0038879869314258735,0.3668553267410668,3.1966806780969383,0.03961354941286835,-14.161510001626281,0.4340868132196937,5.758620689655173,-0.18640374646510371,0.24271489203513735,0.6138399673221194,1.5381054274832788,5.749443207126949,5.138046078307944,-0.1801723441633057,0.00861263645103489,0.3188887353537383,Apparel Manufacturing,Consumer Cyclical,COLM
2009Q2,2009,Q2,2009-08-07,2009-06-30,-9878000.0,179268000.0,-15886000.0,-0.145,74307000.0,0.41450230939152555,1111859000.0,930779000.0,828464000.0,148501000.0,181080000.0,293407000.0,895621000.0,1048311680.0,733045680.0,13.726684167059934,5.578844586905139,0.0,0.0,-0.011004700779049567,13.726684167059934,-0.010612615884114274,5.847734565008814,-26.531476007288926,1.1262734548158049,-0.5489977728285078,0.3577317514578725,0.005173079822977838,0.16123267428693747,3.1275816324469194,-0.0088842200314968,51.98927196984725,0.41450230939152555,-2.4499999999999997,-2.0986513442968566,0.2506022938421621,0.6371202323384916,-0.3275080320376488,-2.432009278051609,-2.528381758706946,-3.2036776933827693,-0.086350893559447,0.40079740969146804,Apparel Manufacturing,Consumer Cyclical,COLM
2009Q1,2009,Q1,2009-05-08,2009-03-31,6898000.0,271966000.0,10394000.0,0.1,110495000.0,0.40628240294742723,1073054000.0,934001000.0,793957000.0,106768000.0,139053000.0,223701000.0,910922000.0,1013480160.0,741368160.0,13.786806601127742,7.436282406713622,0.0,0.0,0.0067884834177608915,13.786806601127742,0.007385431064848967,3.726495811976497,36.73094230211656,1.0850953692769065,0.7855900260945201,0.7218161742683313,0.00534692262747403,0.25345043213109497,4.807648359058894,0.006428381050720654,18.90080677346562,0.40628240294742723,-0.6349302150132026,-0.5886945566191684,0.5663272109380025,0.6675485612757889,-0.2605963677244075,-0.6282804332596864,-0.16325873450330058,-0.613991502539216,0.13857505897853095,0.32238951302382624,Apparel Manufacturing,Consumer Cyclical,COLM
2008Q4,2008,Q4,2009-02-27,2008-12-31,18557000.0,354910000.0,12422000.0,0.2739202314527795,149438000.0,0.4210588599926742,1148236000.0,944090000.0,872519000.0,173189000.0,204146000.0,256312000.0,909443000.0,1198088010.0,967471010.0,13.935730522835296,5.037958530853576,0.0,0.0,0.017994428275587487,13.935730522835296,0.019655965003336547,3.375751627173086,16.14064786872878,1.2690400385556462,0.2919114080939807,0.8016479915103467,0.004521370679604749,0.3090915108043991,3.190935913943726,0.01616131178607882,9.606144995630247,0.4210588599926742,-0.6758340456180123,-0.31376543997805545,0.6409905686455607,0.7535435606680518,-0.26040197373956336,-0.681856366472938,-0.8505677990568762,-0.44812140100422804,0.23091241473783694,0.38458637378699884,Apparel Manufacturing,Consumer Cyclical,COLM
2008Q3,2008,Q3,2008-11-06,2008-09-30,58329000.0,452415000.0,83128000.0,0.845,202053000.0,0.4466098604157687,1162759000.0,945913000.0,867827000.0,180392000.0,216846000.0,301378000.0,900297000.0,1443885560.0,1300930560.0,13.744340472523321,4.810784291986341,0.0,0.0,0.06035658483396569,13.744340472523321,0.061664233391442974,3.1915068244863676,6.188540691594233,1.5264464702356348,0.09444701606405047,0.8307242068100525,0.0038153993312323173,0.3890875065254279,2.8354361612488357,0.050164307479021876,-10.700442132254311,0.4466098604157687,34.8,0.06612370857817916,0.4078006443913769,0.8547988337455088,1.3558910977671543,33.954237288135594,20.198152424942265,-0.036308599636797646,0.21226694755559283,0.3791758540237492,Apparel Manufacturing,Consumer Cyclical,COLM
2008Q2,2008,Q2,2008-08-08,2008-06-30,-1770000.0,213147000.0,-4330000.0,-0.025,85765000.0,0.40237488681520267,1134807000.0,947867000.0,835687000.0,153523000.0,186940000.0,272851000.0,877136000.0,1279524750.0,954639750.0,13.612129132320419,5.443399360356429,0.0,0.0,-0.0040367588851586795,13.612129132320419,-0.0018673505882154354,6.003015524497178,-180.7238347457627,1.3498990364681964,-3.1451977401129945,0.4668555365382571,0.00435083416713901,0.187826652461608,3.257257870156263,-0.0015597365895698564,21.552431444549253,0.40237488681520267,-1.0892857142857144,-1.2149451902998631,0.6072378178213499,1.0868681983931232,-0.3430738003140439,-1.0888063820179619,-1.1575347449610711,-1.3137043108439614,0.2805904501309288,0.5558978464262165,Apparel Manufacturing,Consumer Cyclical,COLM
2008Q1,2008,Q1,2008-05-08,2008-03-31,19931000.0,297363000.0,27486000.0,0.28,130555000.0,0.43904251705827557,1107657000.0,956851000.0,814888000.0,119648000.0,150806000.0,238086000.0,886663000.0,1556856770.0,1280611770.0,13.53051556887921,6.81071142016582,0.0,0.0,0.01924591411431461,13.53051556887921,0.02082978436559088,5.235542989544765,19.52808150619638,1.627062907391015,0.2812202097235462,0.7006207840864226,0.0036002027341282008,0.2684612655361723,4.381377039315325,0.017993837442457368,32.3012732893481,0.43904251705827557,-0.5669063867016623,0.5025299972889606,0.980457971787897,1.1771896787035483,-0.1786255795957143,-0.5640638670166229,-0.5161682127831858,0.06048757186086489,0.37398192354165927,0.35825714345395715,Apparel Manufacturing,Consumer Cyclical,COLM
2007Q4,2007,Q4,2008-02-28,2007-12-31,45720000.0,376758000.0,56809000.0,0.6465114963658475,158947000.0,0.4218808890587592,1166481000.0,970121000.0,885664000.0,166531000.0,196360000.0,265874000.0,895476000.0,1558978310.0000002,1367028310.0000002,13.718162278344975,5.318313106868992,0.0,0.0,0.045651921776770236,13.718162278344975,0.04712814174726658,4.137877125369601,8.524597058180227,1.606993673984998,0.12530621172353457,0.8192264004754132,0.003674842660254843,0.32298682961831354,3.4471299637905255,0.03919480900246125,8.837344734932657,0.4218808890587592,-0.24824244608622384,0.7647986537719753,0.9498201943628057,1.3081106428352698,-0.2190526258899136,-0.26975354980913285,-0.38644562047737335,0.318845999370593,0.4173843604705135,0.41156856991887814,Apparel Manufacturing,Consumer Cyclical,COLM
2007Q3,2007,Q3,2007-11-06,2007-09-30,62609000.0,471081000.0,92590000.0,0.86,203531000.0,0.432050963634704,1149247000.0,939563000.0,875931000.0,173962000.0,209684000.0,320593000.0,855485000.0,2050078240.0,2027179240.0,13.009013624280017,5.03518584518458,0.02263656115700106,0.02768840407721462,0.06342973119176328,13.009013624280017,0.06663629793850971,4.351859319310267,8.18603651232251,2.1819486718825667,0.08075516299573544,0.834547229665027,0.0024662473369796854,0.4099040502172292,2.9285936009013462,0.05447828012603035,-14.197807665138441,0.432050963634704,5.37037037037037,0.20318526927940456,0.5533789374334019,1.3570677395697572,1.247099089152636,5.2378200657567,6.462722656564843,0.017750016103003783,0.26302349537124003,0.4493204299038043,Apparel Manufacturing,Consumer Cyclical,COLM
2007Q2,2007,Q2,2007-08-07,2007-06-30,10037000.0,218560000.0,12407000.0,0.135,90575000.0,0.41441709370424595,1071498000.0,865618000.0,801241000.0,175201000.0,205880000.0,309722000.0,797932000.0,2484773720.0000005,2398864720.0000005,11.96298957959037,4.5732672758717134,0.02056840050098087,0.025460422495835345,0.009225938132679759,11.96298957959037,0.011595184018816615,11.368840226939973,61.89034870977384,2.8705199291142285,0.5036365447842981,0.4132254085922214,0.002034390479628865,0.2039761156810372,2.5610527337172733,0.009367259668240164,193.98655008197366,0.41441709370424595,-0.6197183098591549,0.4504129700640992,0.9164399278076817,1.4983558776094106,-0.28511105147674,-0.615234225254926,-0.6676666755953178,0.04613847398125221,0.42883312605110907,0.4267722664589248,Apparel Manufacturing,Consumer Cyclical,COLM
2007Q1,2007,Q1,2007-05-08,2007-03-31,26086000.0,289640000.0,37333000.0,0.355,126698000.0,0.4374326750448833,1021444000.0,867644000.0,752008000.0,124353000.0,153800000.0,209712000.0,792950000.0,2254438110.0,2175314110.0,11.990326414416407,6.04736516207892,0.00013901887915539177,0.00016366159392561927,0.028393299418618484,11.990326414416407,0.030065326331997915,7.783586900980527,21.605824101050374,2.5983446090793,0.19454880012267117,0.7769798580910964,0.002251115245740767,0.28355935322934983,4.04416459594863,0.025538355504560212,49.64629178595023,0.4374326750448833,-0.3308018339542032,2.1614635482948747,1.1955810024003044,1.594561994958878,-0.15391396097391583,-0.3204470263370412,-0.3249615767109665,0.4562027710032771,0.5617068448350842,0.450259812881661,Apparel Manufacturing,Consumer Cyclical,COLM
