Quarters,Year,Quarter,FillingDate,Date,NetIncome,Revenue,OperatingIncome,EPSDiluted,GrossProfit,GrossProfitRatio,TotalAssets,CommonStockEquity,CurrentAssets,CurrentLiability,TotalLiability,Inventory,RetainedEarnings,MarketCap,EnterpriseValue,bookValuePerShare,currentRatio,debtToAssets,debtToEquity,roic,shareholdersEquityPerShare,roe,priceToSalesRatio,peRatio,pbRatio,payoutRatio,inventoryTurnover,dividendYield,assetTurnover,quickRatio,returnOnAssets,priceToFreeCashFlowsRatio,grossProfitMargin,epsdilutedGrowth,fiveYNetIncomeGrowthPerShare,fiveYRevenueGrowthPerShare,fiveYShareholdersEquityGrowthPerShare,grossProfitGrowth,netIncomeGrowth,operatingIncomeGrowth,threeYNetIncomeGrowthPerShare,threeYRevenueGrowthPerShare,threeYShareholdersEquityGrowthPerShare,Industry,Sector,Symbol
2023Q1,2023,Q1,2023-05-09,2023-03-31,-30795000.0,137220000.0,-30389000.0,-0.25,54814000.0,0.39946072,1709174000.0,974462000.0,584996000.0,86606000.0,734712000.0,24432000.0,-189882000.0,2176702660.0,2511421660.0,7.794074832434854,6.754682123640395,0.3570894478853528,0.6263230377377466,-0.01672790147397148,7.794074832434854,-0.031602053235528935,15.862867366273138,-17.670909725604805,2.2337481194751567,0.0,3.372871643745907,0.0,0.08028439468421589,6.197688381867307,-0.01801747510785912,-96.23337282815332,0.3994607200116601,-0.38888888888888895,-31.54993654487569,0.3822500219136103,1.9928444029092298,-0.035389353277606686,-0.3573852867280822,-0.22304503561798206,-2.688066106669417,0.08152884601775903,0.6124490682815585,Diagnostics & Research,Healthcare,NEO
2022Q4,2022,Q4,2023-02-24,2022-12-31,-22687000.0,138705000.0,-24847000.0,-0.18,56825000.0,0.4096824195,1740034000.0,998023000.0,605291000.0,89932000.0,742011000.0,24277000.0,-159087000.0,1152357360.0,1500105360.0,8.00249370559841,6.730540853089001,0.35110118537913626,0.6121381972158958,-0.013110419384014915,8.00249370559841,-0.02273194104745081,8.307972747918244,-12.698432582536254,1.1546400834449706,0.0,3.3727396301025663,0.0,0.07971395961228343,6.201352132722501,-0.013038250976705053,-140.20651660785984,0.409682419523449,0.4,-4.184694639505254,0.4219715781500144,2.3747580409299127,0.1622318123248727,0.3843753391946163,0.3711212351303467,-4.016258239512742,0.0864271357871113,0.6464153608309974,Diagnostics & Research,Healthcare,NEO
2022Q3,2022,Q3,2022-11-08,2022-09-30,-36852000.0,128782000.0,-39510000.0,-0.3,48893000.0,0.3796570949,1755582000.0,1012988000.0,603360000.0,85003000.0,742594000.0,23799000.0,-136400000.0,1071299249.9999999,1416750250.0,8.141354229455496,7.098102419914591,0.348361398100459,0.6037356809754904,-0.021595805174842754,8.141354229455496,-0.03637950301484322,8.318703312574737,-7.267578760989905,1.057563613784171,0.0,3.3568217151981177,0.0,0.07335573046431326,6.535463454231027,-0.020991329371114538,-44.422758749378,0.37965709493562766,-0.07142857142857129,-3.6236935928801897,0.30693641349713846,2.246502517738123,0.11256997223865653,-0.04387729088179475,0.0048360284116669185,-15.359608836204169,0.027373504332095167,0.7019449687553627,Diagnostics & Research,Healthcare,NEO
2022Q2,2022,Q2,2022-08-09,2022-06-30,-35303000.0,125072000.0,-39702000.0,-0.28,43946000.0,0.3513656134,1792113000.0,1043519000.0,622260000.0,82670000.0,748594000.0,21863000.0,-99548000.0,1011154200.0,1339415200.0,8.410863397491697,7.5270352001935406,0.341439407001679,0.5863793567726127,-0.01970550984937734,8.410863397491697,-0.033830720858939796,8.08457688371498,-7.160540180721186,0.9689849442128031,0.0,3.7106527009102135,0.0,0.06979024202156896,6.9823273255110685,-0.01969909263534163,-37.05218761451081,0.35136561340667777,0.3,-524.5027323725699,0.21131240301633608,2.397864900673579,0.1494559531282695,0.2854800841968912,0.23691089413392788,-15.048204957094299,-0.025764136373201237,0.6881871370646951,Diagnostics & Research,Healthcare,NEO
2022Q1,2022,Q1,2022-05-09,2022-03-31,-49408000.0,117169000.0,-52028000.0,-0.4,38232000.0,0.3262979116,1829547000.0,1075004000.0,651100000.0,82070000.0,754543000.0,23840000.0,-64245000.0,1502104500.0,1809410500.0,8.695332848014235,7.933471426830754,0.335166027437393,0.5704183426294228,-0.02735632550462159,8.695332848014235,-0.04596075921577966,12.819982247864196,-7.600512568814767,1.39730131236721,0.0,3.3111157718120805,0.0,0.06404262913169216,7.2161082003168024,-0.027005592094655126,-40.31521243189565,0.32629791156363885,-0.1764705882352941,-47.061174942198306,0.20856880796760993,2.524759454996906,-0.15522460613827696,-0.18317009506932638,-0.25166598503620663,-14.619753288116971,-0.060560449897714065,1.5437731096714156,Diagnostics & Research,Healthcare,NEO
2021Q4,2021,Q4,2022-02-25,2021-12-31,-41759000.0,125732000.0,-41567000.0,-0.34,45257000.0,0.3599481437,1869778000.0,1108277000.0,681508000.0,87232000.0,761501000.0,23395000.0,-14837000.0,4199557839.9999995,4495592840.0,9.004379194358233,7.812591709464416,0.32777260188107893,0.5529863021609218,-0.021797093922534122,9.004379194358233,-0.037679208356755575,33.400867241434156,-25.14163318087119,3.7892673402046597,0.0,3.439837572130797,0.0,0.06724434665505745,7.193690388848129,-0.022333667419340692,-132.21540282718885,0.3599481436706646,-1.0,-3.279273788288228,0.3255069946004007,2.787614541389835,-0.04195685768115329,-1.052241006487124,-0.0466849646211568,-90.64432818066935,0.2458729892364154,1.6208668857106954,Diagnostics & Research,Healthcare,NEO
2021Q3,2021,Q3,2021-11-04,2021-09-30,-20348000.0,121340000.0,-39713000.0,-0.17,47239000.0,0.3893110269,1906387000.0,1137245000.0,709930000.0,92737000.0,769142000.0,21834000.0,26922000.0,5912246160.0,6184500160.0,9.279163504924158,7.6553047866547335,0.3214557170186326,0.5388627780293604,-0.019048089891084828,9.279163504924158,-0.017892362683502677,48.72462633921213,-72.639155690977,5.198744474585512,0.0,3.3938353027388475,0.0,0.06364919609711985,6.983976190732933,-0.010673593556817162,-259.94750967288076,0.3893110268666557,-1.288135593220339,-192.64349524986625,0.2733126817907648,1.9465412613668807,-0.10852991130401962,-1.268184993344141,-1.5342220667760769,-8.160791120297214,0.2502194279790387,1.667141653830549,Diagnostics & Research,Healthcare,NEO
2021Q2,2021,Q2,2021-08-09,2021-06-30,75873000.0,121724000.0,74338000.0,0.59,52990000.0,0.4353291052,1896311000.0,1148358000.0,721795000.0,99131000.0,747953000.0,21384000.0,47270000.0,5343023790.0,5562931790.0,9.708235055416065,7.281223835127256,0.3104469678233159,0.5126484946332067,0.04280636391294651,9.708235055416065,0.06607085943582054,43.89457945844698,17.605155292396507,4.652750962678886,0.0,3.2142723531612423,0.0,0.06418989290258824,6.839737317287226,0.040010842103431345,-234.99246998284735,0.43532910518878776,4.105263157894737,119.28470140062956,0.26246833851990503,2.0894915871103157,0.274594698609708,4.430993940490187,5.9207652081816375,137.75486964577235,0.23064190067881027,3.7898232099619586,Diagnostics & Research,Healthcare,NEO
2021Q1,2021,Q1,2021-05-06,2021-03-31,-22114000.0,115533000.0,-15107000.0,-0.19,41574000.0,0.359845239,1494413000.0,843714000.0,942732000.0,67750000.0,650699000.0,21382000.0,-28603000.0,5604277770.0,5577005770.0,7.260940283479203,13.914863468634687,0.39125596471658103,0.6930049756197005,-0.010659061804579633,7.260940283479203,-0.02621030349146749,48.50802601854016,-63.356671904675764,6.642390395323534,0.0,3.4589374240014967,0.0,0.07730995380795001,13.366819188191881,-0.014797783477525958,-411.4439299610895,0.3598452390226169,-2.4615384615384617,-94.09299369352188,0.2626529901838926,1.2922093012232614,-0.2763824343376325,-2.4343906077706428,-2.547689785882594,-24.60452990289362,0.25219852375871776,1.7881262310744597,Diagnostics & Research,Healthcare,NEO
2020Q4,2020,Q4,2021-02-25,2020-12-31,15417000.0,125997000.0,9761000.0,0.13,57453000.0,0.4559870473,988331000.0,694294000.0,448730000.0,73183000.0,294037000.0,29526000.0,-7185000.0,5987008000.0,5977486000.0,6.243651079136691,6.131615265840427,0.22177893843256966,0.31570343399194,0.02061783236880968,6.243651079136691,0.02220529055414565,47.517067866695236,97.08451709152236,8.623159641304692,0.0,2.321479374110953,0.0,0.12748461800752986,5.508137135673586,0.01559902502299331,-1084.6028985507246,0.45598704731065026,5.5,6.728186511890284,1.5278528160645355,0.5958135710303549,0.06266531027466939,5.02933124755573,1.0905975583636753,1.4271746061038466,0.44866986277630805,1.6330307100818449,Diagnostics & Research,Healthcare,NEO
2020Q3,2020,Q3,2020-10-29,2020-09-30,2557000.0,125444000.0,4669000.0,0.02,54065000.0,0.4309891266,959428000.0,666363000.0,422375000.0,64612000.0,293065000.0,20643000.0,-22602000.0,4074906290.0,4061036290.0,6.032563529209404,6.537098371819476,0.22863935594958662,0.3291944480710964,0.005724101492905464,6.032563529209404,0.0038372478664031465,32.48386762220593,398.40695052796247,6.115144883494432,0.0,3.4577822990844354,0.0,0.13074873778959964,5.994319940568316,0.002665129639743681,-555.8458996044196,0.4309891266222378,1.315955766192733,12.210697639891002,1.7361409305440172,4.904595035776644,0.9304791830322073,1.374706916764361,1.246945575712699,1.3613744057657826,0.4339957543786881,1.4055866056209374,Diagnostics & Research,Healthcare,NEO
2020Q2,2020,Q2,2020-07-31,2020-06-30,-6824000.0,86977000.0,-18907000.0,-0.0633,28006000.0,0.3219931706,945485000.0,654229000.0,419000000.0,61700000.0,291256000.0,21627000.0,-25159000.0,3342339260.0,3266991260.0,6.064020688312771,6.790923824959481,0.23261394945451278,0.3361712794755353,-0.007729988062209093,6.064020688312771,-0.010430598460172203,38.42785173091737,-122.44795061547478,5.108821620564053,0.0,2.726730475794146,0.0,0.09199194064421963,6.208217179902755,-0.00721745982220765,-1063.0850063613232,0.3219931706083217,0.05239520958083837,-20.71570296193745,0.9989247115685513,5.019985379455193,-0.3960188919321098,0.022069360848380626,-2.729191321499014,-115.81350318949134,-0.031295855226476633,1.4497750207096671,Diagnostics & Research,Healthcare,NEO
2020Q1,2020,Q1,2020-04-29,2020-03-31,-6978000.0,106030000.0,-5070000.0,-0.0668,46369000.0,0.4373196265,732247000.0,505043000.0,215442000.0,67649000.0,227204000.0,20286000.0,-18335000.0,2884803240.0,2951938240.0,4.833687454538494,3.1847033954677824,0.20947712998482754,0.30371473320093534,-0.008387902069870223,4.833687454538494,-0.013816645315349386,27.207424691125155,-103.35351246775579,5.71199529545009,0.0,2.940993788819876,0.0,0.14480086637432452,2.752827092787772,-0.009529571305857177,-247.81404003092518,0.437319626520796,-2.1133333333333333,-4.289908341755927,1.6565139437719494,3.8434906274992406,-0.07118963203333133,-2.1083227445997457,-3.1844032744506676,-7.031601519955298,0.294081111005101,0.9593942929712438,Diagnostics & Research,Healthcare,NEO
2019Q4,2019,Q4,2020-02-28,2019-12-31,6296000.0,106868000.0,2321000.0,0.06,49923000.0,0.4671463862,709506000.0,507408000.0,290738000.0,63904000.0,202098000.0,14405000.0,-11357000.0,3053495250.0,3013354250.0,4.860555784391674,4.549605658487732,0.18727819074116356,0.26187013212247345,0.008873253407285652,4.860555784391674,0.012408160691199193,28.572587210390388,121.24742892312578,6.01783032589159,0.0,3.953141270392225,0.0,0.1506231096002007,4.182179519278918,0.00887377978480802,-1123.848086124402,0.4671463861960549,1.9999999999999996,2.4586693287838517,1.4587594958589372,3.831427050115541,-0.01788243626062323,1.9379374708352777,-0.3656736813336977,1.7606902838337544,0.3283332630505997,1.044550920260362,Diagnostics & Research,Healthcare,NEO
2019Q3,2019,Q3,2019-11-13,2019-09-30,2143000.0,104672000.0,3659000.0,0.02,50832000.0,0.4856313054,711155000.0,497007000.0,292001000.0,68907000.0,214148000.0,12632000.0,-17653000.0,1986548880.0,1944063880.0,4.783559033291947,4.237610112180185,0.19180909928215367,0.27445488695330245,0.0033497218508967775,4.783559033291947,0.004311810497638866,18.978799296851115,231.74858609426042,3.9970239453367857,0.0,4.262191260291323,0.0,0.14718591586925495,3.9186729940354392,0.0030134077662394274,175.52119455734228,0.48563130541118926,0.0,3.206190684163559,1.3624524647665022,3.4093132651916833,0.03810807499080995,0.07634354595680562,-0.18289414917373828,25.05676336361676,0.29567308572625384,0.5189897300871188,Diagnostics & Research,Healthcare,NEO
2019Q2,2019,Q2,2019-08-07,2019-06-30,1991000.0,101713000.0,4478000.0,0.02,48966000.0,0.4814133887,696667000.0,489734000.0,276345000.0,59162000.0,206933000.0,8733000.0,-51691000.0,2207750620.0,2177778620.0,4.982186638452852,4.67098813427538,0.19731665200160192,0.2806911507063018,0.006185948048409933,4.982186638452852,0.0040654722767869906,21.705687768525163,277.2163008538423,4.508060743178951,0.0,6.039963357380053,0.0,0.1459994516749035,4.3512220682194656,0.0028578933694290098,-270.4913771134526,0.48141338865238464,1.78125,2.688025690650463,1.497521455112053,9.744879237125007,0.03928685132123527,1.8213696369636965,2.7085082029759633,2.7983165167204263,0.2694555470655134,0.5855017536196068,Diagnostics & Research,Healthcare,NEO
2019Q1,2019,Q1,2019-05-08,2019-03-31,-2424000.0,95577000.0,-2621000.0,-0.0256,47115000.0,0.4929533256,533343000.0,323848000.0,115945000.0,72703000.0,209495000.0,9670000.0,-53682000.0,1947854399.9999998,2065549399.9999998,3.418281612835128,1.5947760064921668,0.24541430186577867,0.40417109261134854,-0.002935064330778312,3.418281612835128,-0.007484992959660088,20.379949150946356,-200.89257425742574,6.014718015859291,0.0,5.01158221302999,0.0,0.1792036269342618,1.3174146871518368,-0.004544917623368077,671.442399172699,0.49295332559088484,-8.11111111111111,-13.3607073228278,1.7341517865695313,6.488004580381266,0.26960388035569927,-7.8668555240793205,-1.9291031549096065,-13.515589695397248,0.2811511351292087,0.07911876440700577,Diagnostics & Research,Healthcare,NEO
2018Q4,2018,Q4,2019-02-26,2018-12-31,353000.0,76475000.0,2821000.0,0.0036,37110000.0,0.4852566198,505015000.0,320443000.0,103668000.0,60925000.0,184572000.0,8650000.0,-51258000.0,1176134700.0,1278624700.0,3.43564919052214,1.7015675010258515,0.22237161272437453,0.35045546321810744,0.0015986790530492902,3.43564919052214,0.0011015999725380178,15.379335730630926,832.9565864022662,3.6703398108243896,0.0,4.550867052023121,0.0,0.15143114560953636,1.4235535494460403,0.0006989891389364673,96.1365620402158,0.48525661981039553,-0.8200000000000001,-0.7835118779758743,1.1936285694195274,6.757310071787842,0.1481699204851335,-0.8255066732575383,-0.28035714285714286,1.156370488819479,0.8292534175629295,-0.12188308826944078,Diagnostics & Research,Healthcare,NEO
2018Q3,2018,Q3,2018-11-06,2018-09-30,2023000.0,69096000.0,3920000.0,0.02,32321000.0,0.4677694801,455139000.0,303559000.0,194270000.0,47055000.0,151580000.0,6829000.0,-51557000.0,1310540060.0,1302419060.0,3.4790666223510938,4.128572946551907,0.24238529328402972,0.3634186434926983,0.008937127295501602,3.4790666223510938,0.00666427284317052,18.966945409285632,161.95502471576867,4.31724989211323,0.0,5.385122272660712,0.0,0.1518129626333933,3.8494102645839976,0.004444795985402262,210.25831220920904,0.4677694801435684,5.761904761904762,0.2605928735974694,1.2950863890970983,7.37512505689507,0.05866360956436292,6.323684210526316,3.9370277078085643,12.228620311049477,0.9079635695222982,2.4052653416751792,Diagnostics & Research,Healthcare,NEO
2018Q2,2018,Q2,2018-08-06,2018-06-30,-380000.0,67746000.0,794000.0,-0.0042,30530000.0,0.4506539131,345783000.0,164209000.0,83259000.0,47974000.0,181574000.0,6898000.0,-53580000.0,1062132870.0,1191231870.0,2.026846217460533,1.735502563888773,0.4006385507673888,0.8436443800278913,0.0013037713422554987,2.026846217460533,-0.0023141240735891455,15.678163581613674,-698.771625,6.468176957414027,0.0,5.3951870107277475,0.0,0.195920562896383,1.4632926168341185,-0.0010989551250350654,449.4849217096911,0.4506539131461636,0.86,-6.581887812163481,1.614911005750567,4.087238039534557,0.1181921400578691,-1.5900621118012421,-0.6830339321357285,-0.6103171949321524,1.0733309471379555,1.012127798150931,Diagnostics & Research,Healthcare,NEO
2018Q1,2018,Q1,2018-05-08,2018-03-31,644000.0,63423000.0,2505000.0,-0.03,27303000.0,0.4304905161,349272000.0,208016000.0,87771000.0,43303000.0,141256000.0,7515000.0,-60074000.0,651788160.0,737659160.0,2.6042365666783516,2.026903447798074,0.2892988845369798,0.4857510960695331,0.004636606770662218,2.6042365666783516,0.0030959156987924005,10.27684215505416,253.0233540372671,3.1333558957003307,0.0,4.806387225548902,0.0,0.18158627087198514,1.692769554072466,0.0018438351771685106,67.57082313912503,0.43049051605884303,-2.0,124.30195135793812,1.3644571676633368,5.448216977419621,-0.17593263310394786,-0.8699252676227025,-0.4417205259638957,1.6386112008435676,1.0785649589357207,1.6095182034688889,Diagnostics & Research,Healthcare,NEO
2017Q4,2017,Q4,2018-03-13,2017-12-31,4951000.0,67793000.0,4487000.0,0.03,33132000.0,0.4887230245,343340000.0,205533000.0,84963000.0,35065000.0,137807000.0,7474000.0,-57466000.0,767949360.0,860552360.0,2.371279246850339,2.423014401825182,0.30705423195666104,0.5129297971615264,0.02420786423280423,2.371279246850339,0.024088589180326275,11.32785626834629,38.77748737628762,3.7363798514107223,0.0,4.6375434840781375,0.0,0.19745150579600396,2.0889205760730074,0.01442010834741073,343.4478354203936,0.4887230245010547,1.46801872074883,7.310897761866986,1.448410157578985,10.996367578683834,0.1500173550850399,1.9707843137254901,2.947482638888889,2.275742588091571,0.8785628895274412,1.3570684515956446,Diagnostics & Research,Healthcare,NEO
2017Q3,2017,Q3,2017-11-13,2017-09-30,-5100000.0,63052000.0,-2304000.0,-0.0641,28810000.0,0.4569244433,343895000.0,199658000.0,85747000.0,40114000.0,144237000.0,6088000.0,-59553000.0,886137210.0000001,978987210.0000001,2.5077307610183754,2.137582888767014,0.3055031332238038,0.5262048102254856,-0.007861967866936194,2.5077307610183754,-0.025543679692273787,14.054069815390474,-43.43809852941176,4.438275501106893,0.0,5.624507227332457,0.0,0.18334666104479566,1.8680261255422048,-0.014830108027159453,172.63534190531854,0.45692444331662757,-127.2,-1.9679591042114122,1.5190785542877077,11.284400035676114,-0.07595099108345628,-117.6046511627907,-2.7534246575342465,-5.851672717121432,0.8571072337410781,1.3115363337489958,Diagnostics & Research,Healthcare,NEO
2017Q2,2017,Q2,2017-08-07,2017-06-30,-43000.0,66090000.0,1314000.0,-0.0005,31178000.0,0.4717506431,339880000.0,196574000.0,83357000.0,35204000.0,143306000.0,5457000.0,-51803000.0,711540480.0000001,809917480.0000001,2.475337791041769,2.3678275196000453,0.32161056843591856,0.5560704874500189,0.0018433264516073465,2.475337791041769,-0.00021874713848220008,10.766235133908308,-4136.863255813954,3.61970799800584,0.0,6.3976543888583475,0.0,0.1944509826997764,2.064594932394046,-0.00012651524067317876,425.8171633752245,0.47175064306249054,0.9397590361445782,-1.0441767329851752,1.3965239119220032,10.4493605369371,0.1464185909692602,0.9342507645259939,12.42608695652174,-1.0985915725982462,1.0087096984135608,4.338460311895295,Diagnostics & Research,Healthcare,NEO
2017Q1,2017,Q1,2017-05-09,2017-03-31,-654000.0,61676000.0,-115000.0,-0.0083,27196000.0,0.4409494779,343637000.0,194024000.0,84581000.0,39876000.0,149613000.0,5970000.0,-49120000.0,620548500.0,720500500.0,2.4669294342021613,2.1211004112749525,0.3229803542691852,0.572032325897827,-0.0001609543805079687,2.4669294342021613,-0.0033707170246979755,10.061425838251507,-237.21272935779817,3.198307941285614,0.0,5.775544388609715,0.0,0.17948009090988457,1.8245059685023572,-0.0019031710787837165,-132.22853185595568,0.44094947791685585,0.8953341740226985,-1.6163680010627093,1.3120469365127554,11.717917522552941,-0.002237957221998019,0.8949059938936205,0.9608177172061328,-5.017196813881305,1.1252992029520263,4.403995631437204,Diagnostics & Research,Healthcare,NEO
2016Q4,2016,Q4,2017-03-14,2016-12-31,-6223000.0,60490000.0,-2935000.0,-0.0793,27257000.0,0.4506034055,337118000.0,186596000.0,78825000.0,38113000.0,150522000.0,6253000.0,-52460000.0,672659300.0,766303300.0,2.3773219518409987,2.068191955500748,0.31493127035637375,0.5689778987759652,-0.007154811393637179,2.3773219518409987,-0.03335012540461746,11.120173582410315,-27.023111843162464,3.604896675169886,0.0,5.314728930113546,0.0,0.17943272088704845,1.7851389289743658,-0.018459411837991446,-274.6669252756227,0.4506034055215738,-87.11111111111111,-24.314186101481248,1.6717366477004885,17.019189296496034,-0.003218138599378314,-91.88059701492537,-3.1039426523297493,-5.535099462684898,1.061839427622951,4.367726009911915,Diagnostics & Research,Healthcare,NEO
2016Q3,2016,Q3,2016-11-07,2016-09-30,-67000.0,60761000.0,1395000.0,-0.0009,27345000.0,0.4500419677,355427000.0,246092000.0,92559000.0,35392000.0,109335000.0,5952000.0,-38263000.0,642351900.0,676769900.0,3.1491714121184975,2.615252034358047,0.17824475912071958,0.25743624335614324,0.004001595414877655,3.1491714121184975,-0.00027225590429595436,10.571779595464196,-2396.8354477611942,2.6102104091152905,0.0,5.614247311827957,0.0,0.17095212237674684,2.235505198915009,-0.00018850565657645594,83.20620466321243,0.4500419677095505,0.9871428571428572,0.7415644873010411,1.9606830161324638,24.324806313569397,-0.04404824331410592,-1.162227602905569,-0.36388508891928867,-1.0466157783607395,1.2534618822016534,6.580971353824689,Diagnostics & Research,Healthcare,NEO
2016Q2,2016,Q2,2016-08-05,2016-06-30,413000.0,63129000.0,2193000.0,-0.07,28605000.0,0.4531198023,351556000.0,243368000.0,87509000.0,34953000.0,108188000.0,5545000.0,-32628000.0,622681919.9999999,663218919.9999999,3.1423406672864376,2.5036191457099535,0.17727758877675248,0.2560854344038658,0.003857826225759179,3.1423406672864376,0.0016970185069524342,9.863643016680129,376.9261016949152,2.558602281318825,0.0,6.226149684400361,0.0,0.17957025338779598,2.154292907618802,0.0011747772758820786,238.3927718223583,0.4531198023095566,0.0,1.779991221413606,2.3377627461665385,24.462274136913074,0.05269937069885548,1.664516129032258,0.14099895941727367,5.346196409361057,1.5489899049631328,6.887048774635141,Diagnostics & Research,Healthcare,NEO
2016Q1,2016,Q1,2016-05-10,2016-03-31,155000.0,59704000.0,1922000.0,-0.07,27173000.0,0.4551286346,346844000.0,240172000.0,81203000.0,34316000.0,106672000.0,5334000.0,-27475000.0,511026800.0,553073800.0,3.1676602479556846,2.366330574659051,0.17674516497330212,0.25524624019452724,0.002922235804369756,3.1676602479556846,0.0006453708175807338,8.559339407744874,824.2367741935484,2.127753443365588,0.0,6.098800149981252,0.0,0.1721350232381128,2.0207483389672456,0.00044688678483698725,84.355694948828,0.4551286345973469,-1.8925619834710747,1.095540271456857,2.732332271462148,23.54495595770192,1.2221949623814197,1.1052274270196878,1.3684815950920246,30.771388375978194,1.3448800247228205,6.843281540132015,Diagnostics & Research,Healthcare,NEO
2015Q4,2015,Q4,2016-03-15,2015-12-31,-1473000.0,27279000.0,-5216000.0,-0.0242,12228000.0,0.4482569009,367955000.0,238112000.0,99028000.0,40058000.0,129843000.0,5108000.0,-21941000.0,478960330.0,526919330.0,3.9125191015297656,2.4721154326226973,0.19398839532007991,0.2997706961429915,-0.006985860025602167,3.9125191015297656,-0.006186164494019621,17.557840463360094,-81.28994059742023,2.0114917769789007,0.0,2.946554424432263,0.0,0.07413678303053363,1.8064556393229816,-0.004003206913888927,301.612298488665,0.4482569009127901,-3.033333333333333,-1.6793324030329182,1.1366702104176558,51.08455253054011,0.09461999820964999,-10.784,-46.75438596491228,-1.6740838060222958,0.40314261354902964,18.79354281572524,Diagnostics & Research,Healthcare,NEO
2015Q3,2015,Q3,2015-11-06,2015-09-30,-125000.0,25126000.0,114000.0,-0.006,11171000.0,0.4445992199,83741000.0,61849000.0,60857000.0,15328000.0,21892000.0,2967000.0,-20468000.0,346877010.0,322857010.0,1.0216726960371343,3.9703157620041756,0.11877097240300451,0.16081100745363708,0.004061217748742981,1.0216726960371343,-0.0020210512700286182,13.805500676589986,-693.7540200000001,5.608449772833838,0.0,4.70340411189754,0.0,0.3000441838525931,3.622259916492693,-0.0014926977227403542,185.1986171916711,0.444599219931545,-1.0689655172413794,0.9355781821148137,0.7814954434795262,10.314586470467097,0.033108295570147044,0.2897727272727273,3.0714285714285716,0.9043284823055872,0.32023460906918483,4.004778143946817,Diagnostics & Research,Healthcare,NEO
2015Q2,2015,Q2,2015-07-31,2015-06-30,-176000.0,24370000.0,28000.0,-0.0029,10813000.0,0.4437012721,82966000.0,60867000.0,59601000.0,15125000.0,22099000.0,3416000.0,-20342000.0,326899250.0,303995250.0,1.007314853123707,3.9405619834710746,0.12110985222862378,0.1650812427095142,0.00037805782458868764,1.007314853123707,-0.0028915504296252487,13.41400287238408,-464.3455255681818,5.3707140158049524,0.0,3.9686768149882905,0.0,0.29373478292312516,3.5756694214876035,-0.0021213509148325822,139.34324381926683,0.44370127205580634,0.7698412698412699,0.8888907587614316,0.7722468280773263,7.5740654625900214,0.1329631181894384,0.7687253613666228,1.049910873440285,-1.237636283223717,0.1613857355868144,3.659206904755955,Diagnostics & Research,Healthcare,NEO
2015Q1,2015,Q1,2015-05-11,2015-03-31,-761000.0,23026000.0,-561000.0,-0.0126,9544000.0,0.4144879701,81158000.0,60155000.0,57331000.0,13855000.0,21003000.0,2595000.0,-20167000.0,281493590.0,260331590.0,0.9979760107503691,4.1379285456513895,0.12427610340323812,0.1676668606100906,-0.007030143257688167,0.9979760107503691,-0.012650652481090516,12.225032137583602,-92.47489816031538,4.679471199401546,0.0,5.195375722543353,0.0,0.28371817935385296,3.805990617105738,-0.00937677123635378,-172.8014671577655,0.4144879701207331,-1.6300000000000001,0.37346096631661607,0.6890181577295883,6.278986306119682,-0.16791630340017435,-1.7268385864374403,-1.4253222137983321,-1.9358238091028672,0.12627915065640452,4.144928921858044,Diagnostics & Research,Healthcare,NEO
2014Q4,2014,Q4,2015-03-03,2014-12-31,1047000.0,24999000.0,1319000.0,0.02,11470000.0,0.4588183527,81106000.0,60405000.0,58742000.0,14623000.0,20701000.0,2616000.0,-19406000.0,250379310.0,225171310.0,1.0060290125410123,4.0170963550571015,0.10456686311740192,0.14040228457909112,0.01585248423002716,1.0060290125410123,0.017333002234914328,10.015573022920917,59.78493553008596,4.145009684628755,0.0,5.171636085626911,0.0,0.30822627179246914,3.704027901251453,0.012909032623973565,-3737.0046268656715,0.45881835273410937,3.1505376344086025,1.473565485882359,0.9868950452843618,5.635149837140118,0.11424130561492131,3.056974459724951,19.068493150684933,4.1276584018295654,0.44339316847745464,6.6253143587494705,Diagnostics & Research,Healthcare,NEO
2014Q3,2014,Q3,2014-11-04,2014-09-30,-509000.0,23217000.0,-73000.0,-0.0093,10294000.0,0.4433820046,78820000.0,59065000.0,57243000.0,13954000.0,19755000.0,2970000.0,-20452000.0,283653240.0,257657240.0,1.0848762030710455,4.102264583631934,0.10619132199949251,0.14170828747989503,-0.0018088067376383684,1.0848762030710455,-0.00861762465080843,12.217480294611708,-139.31888015717092,4.802391263861847,0.0,4.351178451178451,0.0,0.29455721897995435,3.774043285079547,-0.00645775183963461,117.5521094073767,0.44338200456562005,-1.9299999999999997,0.5543961859706762,1.1039098912628678,4.541756376291073,0.005371618322101768,-2.8576642335766422,-1.1262975778546713,-1.8180347321659314,0.6237690944392436,7.724288430680382,Diagnostics & Research,Healthcare,NEO
2014Q2,2014,Q2,2014-07-29,2014-06-30,274000.0,20670000.0,578000.0,0.01,10239000.0,0.4953555878,43638000.0,23133000.0,28082000.0,15226000.0,20505000.0,2616000.0,-20161000.0,165634800.0,170385800.0,0.46368009621166567,1.8443451990017077,0.2239791007837206,0.42251329269874205,0.011975289038102367,0.46368009621166567,0.011844551074222972,8.013294629898404,151.1266423357664,7.160108935287251,0.0,3.9873853211009176,0.0,0.4736697373848481,1.5646262971233416,0.006278931206746414,51.923134796238244,0.495355587808418,4.263157894736842,21.53180777860176,0.8366288641850116,5.530485309130071,0.1756803306923872,1.6862745098039216,0.467005076142132,1.80331694724982,0.6965385519459455,2.7571832502066087,Diagnostics & Research,Healthcare,NEO
2014Q1,2014,Q1,2014-05-12,2014-03-31,102000.0,18182000.0,394000.0,0.0019,8709000.0,0.4789902101,42319000.0,22495000.0,28147000.0,15227000.0,19824000.0,2003000.0,-20435000.0,170991190.0,177470190.0,0.45650100452543785,1.8484928088264267,0.28034688910418487,0.527406090242276,0.007532456870836582,0.45650100452543785,0.004534340964658813,9.404421405785943,419.0960539215686,7.60129762169371,0.0,4.729405891163255,0.0,0.4296415321723103,1.6186379457542523,0.0024102648928377326,1204.1633098591549,0.478990210097899,-0.905,1.0072741418340025,0.717114086018194,5.40439426521291,-0.049547091563898284,-0.8809801633605601,-0.6724854530340815,1.096737412003324,0.748872081554243,2.5372471078471266,Diagnostics & Research,Healthcare,NEO
2013Q4,2013,Q4,2014-02-24,2013-12-31,857000.0,18323000.0,1203000.0,0.02,9163000.0,0.5000818643,39916000.0,21711000.0,27491000.0,14323000.0,18205000.0,2301000.0,-20538000.0,177456020.0,182984020.0,0.44289182187225884,1.919360469175452,0.2595951498146107,0.4772695868453779,0.028060245708519227,0.44289182187225884,0.039473078163143105,9.684878022157944,51.76663360560094,8.173553498226706,0.0,3.9808778791829638,0.0,0.45903898186191,1.6398100956503525,0.021470087183084477,-172.28739805825242,0.5000818643235279,0.0,1.5527580501081857,0.9849672871572066,8.276244715770043,0.12140496879206951,-0.04777777777777778,0.03706896551724138,2.935295634951448,0.7817561911338806,4.895900253274912,Diagnostics & Research,Healthcare,NEO
2013Q3,2013,Q3,2013-10-30,2013-09-30,900000.0,16884000.0,1160000.0,0.02,8171000.0,0.4839493011,35230000.0,20327000.0,23827000.0,12246000.0,14903000.0,2068000.0,-21395000.0,146799000.0,149863000.0,0.4154047370894897,1.9456965539768087,0.2268804995742265,0.3932208392778078,0.033469012134857166,0.4154047370894897,0.044276085993998134,8.69456289978678,40.7775,7.221872386481035,0.0,4.213249516441006,0.0,0.47925063866023276,1.686754858729381,0.02554640931024695,111.12717638152914,0.4839493011134802,24.0,3.9635673759776098,1.1478340721537672,4.251489955750957,0.14167947464021238,20.951219512195124,1.297029702970297,1.5738316850197573,0.4810023803792875,3.6004291161656417,Diagnostics & Research,Healthcare,NEO
2013Q2,2013,Q2,2013-08-02,2013-06-30,41000.0,15603000.0,505000.0,0.0008,7157000.0,0.4586938409,34459000.0,19440000.0,23163000.0,12056000.0,15019000.0,1738000.0,-22295000.0,194196140.0,198270140.0,0.3984178058328039,1.9212840079628402,0.2527641545024522,0.4480452674897119,0.0022527249485398415,0.3984178058328039,0.002109053497942387,12.446077036467345,1184.1228048780488,9.989513374485597,0.0,4.859608745684695,0.0,0.4527989784961839,1.7120935633709355,0.0011898197858324386,129.98402945113787,0.4586938409280267,7.0,2.4473494906496933,0.4175716525274951,4.611329123558578,-0.012282638697212255,12.666666666666666,0.6557377049180327,1.0320538727583246,0.40519282933114925,2.391253825036589,Diagnostics & Research,Healthcare,NEO
2013Q1,2013,Q1,2013-05-13,2013-03-31,3000.0,15657000.0,305000.0,0.0001,7246000.0,0.4627961934,33616000.0,18830000.0,22743000.0,11949000.0,14786000.0,1646000.0,-22568000.0,194422080.0,199104080.0,0.40386925188743994,1.9033391915641475,0.27695145168967156,0.4944237918215613,0.0013755261575466027,0.40386925188743994,0.00015932023366967604,12.417581912243724,16201.839999999998,10.325123738714817,0.0,5.1099635479951395,0.0,0.4657603522132318,1.695204619633442,8.924321751546882e-05,-123.91464627151052,0.46279619339592515,1.010989010989011,1.007614021558317,1.5331457928431107,4.8902490275082915,0.12620453838980417,1.0071090047393365,0.5561224489795918,1.0031932052161976,0.4847949058567019,1.945720861307175,Diagnostics & Research,Healthcare,NEO
2012Q4,2012,Q4,2013-02-21,2012-12-31,-422000.0,14894000.0,196000.0,-0.0091,6434000.0,0.4319860346,30071000.0,9216000.0,18581000.0,17758000.0,20855000.0,1859000.0,-22571000.0,115627520.0,127526520.0,0.19766643788606725,1.0463453091564365,0.457816500947757,1.4938151041666667,0.025871787140177842,0.19766643788606725,-0.04578993055555555,7.763362427823284,-68.49971563981043,12.54638888888889,0.0,4.550833781603012,0.0,0.49529446975491337,0.8954837256447798,-0.01403345415849157,-329.42313390313393,0.43198603464482344,0.675,0.822424947182678,1.635286618639422,1.6651612625510435,0.09198913781398506,0.5671794871794872,1.286549707602339,0.7541904988972286,0.5244616127339919,0.30368649094435446,Diagnostics & Research,Healthcare,NEO
2012Q3,2012,Q3,2012-11-05,2012-09-30,-975000.0,14202000.0,-684000.0,-0.028,5892000.0,0.4148711449,29302000.0,9222000.0,17121000.0,16670000.0,20080000.0,1906000.0,-22458000.0,132814500.0,144734500.0,0.2041394576646375,1.0270545890821836,0.47634973721930246,1.5135545434829756,-0.030517393131556624,0.2041394576646375,-0.10572543916720885,9.35181664554288,-34.055,14.40191932335719,0.0,4.3599160545645335,0.0,0.48467681386936046,0.8428914217156569,-0.03327417923691216,-75.50568504832292,0.4148711449091677,-3.413793103448276,-0.14287792683573355,2.152050957501157,0.6547450691429885,-0.2002171847427718,-2.7695099818511797,-1.8152562574493445,-0.02869729266070477,0.5510378870691744,0.04278362633742967,Diagnostics & Research,Healthcare,NEO
2012Q2,2012,Q2,2012-08-06,2012-06-30,551000.0,15611000.0,839000.0,0.0116,7367000.0,0.4719108321,28001000.0,9719000.0,16556000.0,15096000.0,18282000.0,1526000.0,-21483000.0,76421800.0,85998800.0,0.21619878097610892,1.0967143614202437,0.43366308346130494,1.249408375347258,0.014503347265044028,0.21619878097610892,0.05669307541928182,4.895381461789763,34.67413793103449,7.863134067290873,0.0,5.402359108781127,0.0,0.5575158030070355,0.9203100158982512,0.0196778686475483,221.51246376811594,0.4719108321055666,-0.08661417322834648,4.319344494730642,1.2314789038106715,1.9092541324139956,0.031215005599104142,-0.08623548922056384,-0.025551684088269456,49.28543788240772,0.5394189031545891,2.0449505479135293,Diagnostics & Research,Healthcare,NEO
2012Q1,2012,Q1,2012-05-14,2012-03-31,603000.0,15160000.0,861000.0,0.0127,7144000.0,0.4712401055,26440000.0,8670000.0,15988000.0,14749000.0,17770000.0,1312000.0,-22034000.0,75537930.0,84800930.0,0.19397274984898316,1.0840056953013764,0.4545763993948563,1.3862745098039215,0.01893059489272567,0.19397274984898316,0.06955017301038062,4.982713060686016,31.31754975124378,8.71256401384083,0.0,6.109756097560975,0.0,0.573373676248109,0.9111804190114584,0.022806354009077157,-31.751967213114753,0.4712401055408971,2.735294117647059,2.6819370916386664,3.1395349849693406,5.72323738652792,0.2247557003257329,2.9671052631578947,1.296,12.082469033530334,0.578420031513937,1.7213039060709934,Diagnostics & Research,Healthcare,NEO
2011Q4,2011,Q4,2012-03-12,2011-12-31,152000.0,12893000.0,375000.0,0.0034,5833000.0,0.4524160397,19949000.0,5897000.0,13178000.0,11444000.0,14052000.0,1202000.0,-22636000.0,62575799.99999999,68560800.0,0.1319327919099716,1.1515204473960154,0.43175096496064963,1.4605731727997286,,0.1319327919099716,0.0257758182126505,4.853470875668967,102.92072368421051,10.611463455994572,0.0,5.873544093178037,0.0,0.6462980600531355,0.9194337644180357,0.007619429545340619,92.02323529411764,0.4524160397114713,2.0303030303030303,1.277638970173973,3.4787932482882704,65.24285848971543,0.14958612534489554,2.062937062937063,7.928571428571429,1.1075230645036809,0.5318440231468883,1.7632952413030767,Diagnostics & Research,Healthcare,NEO
2011Q3,2011,Q3,2011-10-25,2011-09-30,-143000.0,11320000.0,42000.0,-0.0033,5074000.0,0.4482332155,17485000.0,5360000.0,12313000.0,10539000.0,12125000.0,1096000.0,-22788000.0,45258892.35,50533892.35,0.12435125359403543,1.168327165765253,0.45318844724049184,1.4783582089552239,,0.12435125359403543,-0.02667910447761194,3.998135366607774,-79.12393767482519,8.443823199626866,0.0,5.6989051094890515,0.0,0.6474120674864169,0.9502799127051903,-0.008178438661710037,-137.56502234042554,0.4482332155477032,0.5147058823529411,-3.766815089148839,3.3609705339159754,13.574628039971113,0.0897766323024055,0.5119453924914675,1.368421052631579,0.46544111328610144,0.6347789292266203,0.5720315656714249,Diagnostics & Research,Healthcare,NEO
2011Q2,2011,Q2,2011-07-26,2011-06-30,-293000.0,10466000.0,-114000.0,-0.0068,4656000.0,0.4448690999,16658000.0,5289000.0,12023000.0,10112000.0,11369000.0,1079000.0,-22645000.0,55713551.4,60013551.4,0.12341162656523813,1.1889833860759493,0.4161363909232801,1.3106447343543204,,0.12341162656523813,-0.05539799584042352,5.323289833747372,-47.53715989761093,10.53385354509359,0.0,5.384615384615385,0.0,0.6282867090887262,0.9678599683544303,-0.017589146356105173,127.7833747706422,0.4448690999426715,0.6822429906542056,-2.115114395801062,2.6340279676440512,32.057922363835466,0.20465717981888745,0.671892497200448,0.8396624472573839,-29.048465622118503,0.0825741991411755,0.7381332967379106,Diagnostics & Research,Healthcare,NEO
2011Q1,2011,Q1,2011-05-02,2011-03-31,-893000.0,8805000.0,-711000.0,-0.0214,3865000.0,0.4389551391,15400000.0,5386000.0,10754000.0,8799000.0,10014000.0,911000.0,-22353000.0,57175580.00000001,61601580.00000001,0.12905544639861982,1.2221843391294465,0.4518831168831169,1.292053471964352,,0.12905544639861982,-0.16580022279985146,6.493535491198184,-16.006601343784993,10.615592276271817,0.0,5.422612513721186,0.0,0.5717532467532468,0.9914763041254688,-0.05798701298701299,-35.4028359133127,0.4389551391254969,-1.3777777777777778,-5.976142581774335,2.886122303155244,13.093003728386266,-0.009989754098360656,-1.3687002652519893,-0.26287744227353466,-1.5320007191061762,0.5914775366506924,0.8822148853658737,Diagnostics & Research,Healthcare,NEO
2010Q4,2010,Q4,2011-02-23,2010-12-31,-377000.0,8755000.0,-563000.0,-0.009,3904000.0,0.4459166191,13651000.0,3135000.0,8738000.0,9168000.0,10516000.0,887000.0,-21459000.0,54254200.0,59942200.0,0.07511860832894043,0.9530977312390925,0.49703318438209654,2.164274322169059,,0.07511860832894043,-0.12025518341307816,6.196938892061679,-35.977586206896554,17.3059649122807,0.0,5.468996617812852,0.0,0.6413449564134496,0.6907722513089005,-0.027617024393817302,210.2875968992248,0.4459166190748144,0.719626168224299,0.43583512716168676,5.2932957176047255,2.7007570967695447,0.0035989717223650387,0.6853088480801336,0.44367588932806323,0.8227728024507751,0.7305819754026128,0.012833575371207606,Diagnostics & Research,Healthcare,NEO
2010Q3,2010,Q3,2010-10-29,2010-09-30,-1198000.0,8708000.0,-1012000.0,-0.0321,3890000.0,0.4467156638,14281000.0,3375000.0,9185000.0,9517000.0,10906000.0,768000.0,-21082000.0,40740576.84,46517576.84,0.09029695417537932,0.9651150572659452,0.5134094251102864,2.1724444444444444,,0.09029695417537932,-0.354962962962963,4.678522834175471,-8.501789824707847,12.071282026666667,0.0,6.2734375,0.0,0.609761221202997,0.7549647998318798,-0.08388768293536868,-32.90838193861067,0.4467156637574644,-0.2251908396946563,-2.0091936100558643,8.38266243373397,3.8938973930509326,-0.006385696040868455,-0.2249488752556237,-0.2697616060225847,-0.6972645198353113,1.3359289404157915,-0.2680570361570886,Diagnostics & Research,Healthcare,NEO
2010Q2,2010,Q2,2010-08-16,2010-06-30,-978000.0,8490000.0,-797000.0,-0.0262,3915000.0,0.461130742,14651000.0,4383000.0,9522000.0,8832000.0,10268000.0,807000.0,-19883000.0,47380184.64,51639184.64,0.11748392376041192,1.078125,0.43928742065388027,1.4684006388318502,,0.11748392376041192,-0.22313483915126625,5.58070490459364,-12.111499141104295,10.809989650924026,0.0,5.669144981412639,0.0,0.5794826291720702,0.8562047101449275,-0.06675312265374377,-152.83930529032259,0.46113074204946997,-0.07377049180327866,-2.2028058413949756,13.620360500137638,6.32262976101815,-0.0390279823269514,-0.304,-0.34856175972927245,-12.376814752970759,0.46232890762749806,0.5809089632654256,Diagnostics & Research,Healthcare,NEO
2010Q1,2010,Q1,2010-05-04,2010-03-31,-750000.0,8418000.0,-591000.0,-0.0244,4074000.0,0.4839629366,14218000.0,5103000.0,9250000.0,7484000.0,9115000.0,582000.0,-18906000.0,52108000.0,56354000.0,0.13710370768404084,1.2359700694815607,0.4154592769728513,1.157554379776602,-0.049522400442477875,0.13710370768404084,-0.14697236919459142,6.190068899976241,-17.369333333333334,10.211248285322359,0.0,7.463917525773196,0.0,0.5920663947109298,0.9557723142704436,-0.052750035166690114,-31.053635280095353,0.4839629365645046,0.3369565217391304,-1.0362917104734009,20.364228699892024,10.102740846617431,0.1034824975866399,0.45275646568235794,0.574083522869769,-1.5122086432752102,1.7603444792155816,3.752114789580433,Diagnostics & Research,Healthcare,NEO
2009Q4,2009,Q4,2010-03-29,2009-12-31,-1370505.0,7799409.0,-1387596.0,-0.0368,3691948.0,0.473362533,12945300.0,5643339.0,8520136.0,5776233.0,7301961.0,601802.0,-18155630.0,55830000.0,57759018.0,0.15162114454594305,1.4750332959214076,0.2750100036306613,0.6308476240750378,,0.15162114454594305,-0.2428535659473939,7.158234681627801,-10.184202173651318,9.893079256801691,0.0,6.825269773114745,0.0,0.6024896294408009,1.0843205251588708,-0.10586892540149707,-56.61841137844485,0.47336253298166564,-0.7523809523809523,-1.4706959541370845,31.068926075568925,8.386619825216835,0.01860582020581535,-0.8145053984814081,-1.2151137731433443,-2.0062110532302073,2.2536492518541786,75.1282913580674,Diagnostics & Research,Healthcare,NEO
2009Q3,2009,Q3,2009-11-23,2009-09-30,-755305.0,7296800.0,-626422.0,-0.021,3624511.0,0.4967260991,12917479.0,7047519.0,8630580.0,4303616.0,5869960.0,613631.0,-16626885.0,62280143.589999996,61714372.589999996,0.19576396532196885,2.005425205222771,0.1983572800853789,0.36357135042842736,,0.19576396532196885,-0.10717317683003054,8.535268006523406,-20.614236497176638,8.837172853311923,0.0,5.9845232721293415,0.0,0.56487802302601,1.6968686332609602,-0.058471548511903906,-77.26508959653027,0.4967260991119395,-106.0,-1.5524158868884697,33.572767607179955,30.74817103436001,-0.11061295990887522,-94.71029776674938,-5.522510684994802,-18.49756347056112,2.365737859848402,21.944577523216495,Diagnostics & Research,Healthcare,NEO
2009Q2,2009,Q2,2009-08-07,2009-06-30,8060.0,7459326.0,138512.0,0.0002,4075291.0,0.5463350174,9381839.0,2347832.0,6102969.0,5503061.0,7034007.0,598612.0,-15871579.0,44309700.940000005,47871163.940000005,0.0710023948087608,1.1090135108442374,0.45398188990452726,1.8140927459886398,,0.0710023948087608,0.0034329543170039424,5.940174881752052,1374.3703765508685,18.872602869370553,0.0,5.653135921097472,0.0,0.7950814333948814,0.88479575276378,0.0008591066207808512,-132.4262802339517,0.5463350173996954,-0.7777777777777778,1.0271589415065114,33.899375379111014,4.692633393055594,0.06597118866002734,-0.7570679365844837,-0.06407016500668947,-0.9602433013333285,2.3568396240433107,18.868550370747897,Diagnostics & Research,Healthcare,NEO
2009Q1,2009,Q1,2009-05-14,2009-03-31,33178.0,6913520.0,147994.0,0.0009,3823078.0,0.5529857439,8817160.0,2293320.0,5887344.0,5152506.0,6523840.0,577730.0,-15879639.0,32495434.98,35138346.980000004,0.07127934128057023,1.1426175922939246,0.39696478231085747,1.5262161407915162,,0.07127934128057023,0.01446723527462369,4.700273519133524,244.8567950147688,14.169603448275863,0.0,5.3492842677375245,0.0,0.7840982810791683,0.934002988060567,0.0037628896379333027,-96.3041712380529,0.552985743875768,1.0284810126582278,1.1121716095852707,21.164623336774017,3.6839264281613477,0.215969685027975,1.033365648406639,1.2129057781805888,-0.7601826551302244,2.957996068422834,7.679155075721558,Diagnostics & Research,Healthcare,NEO
2008Q4,2008,Q4,2009-04-14,2008-12-31,-994376.0,5920360.0,-695115.0,-0.0316,3144057.0,0.5310584154,7295375.0,1501110.0,4355569.0,4390994.0,5794265.0,491459.0,-15912817.0,19178599.47,21897449.47,0.04774473242597,0.9919323506249382,0.43685499374603776,2.1231095655881314,,0.04774473242597,-0.662427137251767,3.2394312964076506,-4.821767487851678,12.776278533884923,0.0,5.6491039944329025,0.0,0.811522368623957,0.7701449831177177,-0.13630224628617446,-217.40746437680664,0.5310584153666331,-4.096774193548388,-3.050782919858099,24.441297630235272,3.3949364884786095,0.24988451499078904,-4.096097373478539,-4.786356447182219,-0.9752327724277093,4.649019346579537,2.080986380248837,Diagnostics & Research,Healthcare,NEO
2008Q3,2008,Q3,2008-11-07,2008-09-30,-195125.0,5050796.0,-120130.0,-0.0062,2515478.0,0.4980359531,8027418.0,2487001.0,5257185.0,4486096.0,5540417.0,344608.0,-14918441.0,30811520.46,32860473.46,0.07910226251781668,1.1718841950774126,0.33389540696647413,1.077730969951359,,0.07910226251781668,-0.0784579499565943,6.100329623291062,-39.476643766816146,12.389026164444646,0.0,7.357107205868697,0.0,0.6291930979550336,0.8944148765429897,-0.024307317745257566,219.31000448420917,0.49803595314481125,-4.263157894736842,0.17096897808248274,31.84402018635322,7.522270106734631,-0.06752781315844493,-3.699683163385309,-1.8488372914649915,0.4173337667953565,5.469654978850948,3.535122401140266,Diagnostics & Research,Healthcare,NEO
2008Q2,2008,Q2,2008-05-15,2008-05-13,72277.0,4881402.0,141523.0,0.0019,2697644.0,0.5526371317,7665656.0,2331023.0,5194477.0,4480340.0,5334633.0,364259.0,-14723316.0,31367144.0,33153403.0,0.07431416134028651,1.1593934835302677,0.290705192093149,0.9559948571936012,,0.07431416134028651,0.03100655806484964,6.425847328288062,108.4962851252819,13.456385458230143,0.0,5.995069442347341,0.0,0.6367885540389498,0.9115399724128079,0.009428677728298791,-36.39352676913938,0.5526371317092917,1.223529411764706,1.2649721191588332,33.02085203598235,13.477185242602024,0.1707060922940188,1.272370300305619,1.6730632957144964,1.2815204352834035,8.997997320491946,4.366816106870608,Diagnostics & Research,Healthcare,NEO
2008Q1,2008,Q1,2008-04-29,2008-03-30,-265363.0,4162762.0,-210267.0,-0.0085,2304288.0,0.5535478608,6221899.0,2153029.0,3940988.0,3178402.0,4068870.0,245986.0,-14795594.0,31871961.205,32720486.205,0.06856573465762036,1.2399274855729387,0.1894731817408158,0.5475462708584046,,0.06856573465762036,-0.12325101055303946,7.656445697592127,-30.026756937666516,14.803312544791545,0.0,7.555202328587805,0.0,0.669050076190565,1.0282723834178307,-0.04264984050689347,188.00965771606212,0.553547860771286,0.8333333333333333,0.6700567946043449,7.468367579145918,4.843764711101257,0.21508414355184186,0.8337179741844685,0.8654262778029872,0.146010125952288,11.522570959310704,5.552292013754958,Diagnostics & Research,Healthcare,NEO
2007Q4,2007,Q4,2007-11-19,2007-12-31,-1595861.0,3795317.0,-1562467.0,-0.051,1896402.0,0.4996689341,6520900.0,2322114.0,4152242.0,3361705.0,4198786.0,304750.0,-14530231.0,33814101.24,34683575.24,0.07416678332509777,1.2351595395788744,0.16562851753592295,0.465113685202363,,0.07416678332509777,-0.6872448983986144,8.90942739170404,-5.297156400212801,14.561774848263266,0.0,6.231058244462674,0.0,0.5820234936895213,1.0254689212765546,-0.24473017528255303,-60.07924530715587,0.4996689341101152,-1.6984126984126982,-1.1494120672006447,8.09677809121585,12.622419120988244,0.18421432233400628,-1.6990713100599901,-1.7082060810693698,-2.420078047155901,17.55124464186343,4.613228443317323,Diagnostics & Research,Healthcare,NEO
2007Q3,2007,Q3,2007-08-17,2007-09-30,-591263.0,3122714.0,-576938.0,-0.0189,1601401.0,0.5128234606,6323039.0,3862513.0,4295698.0,1747768.0,2460526.0,416631.0,-12934370.0,41328345.96,41416598.96,0.12336610724597215,2.457819344443885,0.14204989088316552,0.23253954096724075,,0.12336610724597215,-0.15307728414117958,13.234752193124315,-17.474603501318366,10.699859381703053,0.0,3.6514637652983097,0.0,0.493862840320928,2.070663840967451,-0.09350930778696763,-51.223432541133455,0.5128234606179112,0.43749999999999994,0.889409774435667,14.345300741771274,4.606035022570174,0.35917091814000623,0.39264388502141234,0.34509340516512343,-1.2974136177920326,16.012311394256486,19.746637319899737,Diagnostics & Research,Healthcare,NEO
2007Q2,2007,Q2,2008-04-14,2007-05-11,-973503.0,2344032.0,-880947.0,-0.0336,1178219.0,0.5026462949,6513303.0,4350460.0,4488237.0,1563731.0,2162843.0,362470.0,-12343106.0,52962882.78,52093539.78,0.1503192685539841,2.870210413427885,0.11553815322271972,0.1729782597702312,,0.1503192685539841,-0.22377013005521254,22.59477804910513,-13.601109287798804,12.174087976903593,0.0,3.2163020387894172,0.0,0.3598837640441417,2.4900587121442244,-0.14946379740048943,-38.30573106732358,0.5026462949311272,-3.1999999999999997,0.89111488667006,37.88975715940189,5.30845715754614,-0.0977910710169864,-3.4341843357853743,-3.0126033387232685,-2.747905107537007,11.530116154790296,8.817679279370505,Diagnostics & Research,Healthcare,NEO
2007Q1,2007,Q1,2007-03-31,2007-03-31,-219545.0,2242661.0,-219545.0,-0.008,1305927.0,0.5823113703,4272023.0,789690.0,2822851.0,2872277.0,3482333.0,155190.0,-11369603.0,45162534.449999996,45339515.449999996,0.028851093408908544,0.9827920496525927,0.1761165611701997,0.9527460142587598,,0.028851093408908544,-0.2780141574541909,20.137922962944465,-51.42742313648683,57.19020685332219,0.0,6.036046136993363,0.0,0.5249646361922677,0.8918436487845706,-0.051391343164585025,-111.1148863695076,0.5823113702873506,0.34426229508196726,0.9440723015005398,0.0,1.602931548860564,0.2714540659109562,0.3451461262669347,0.4388310652611776,0.1275050558455598,7.451453023771099,2.0863485925988607,Diagnostics & Research,Healthcare,NEO
