Quarters,Year,Quarter,FillingDate,Date,NetIncome,Revenue,OperatingIncome,EPSDiluted,GrossProfit,GrossProfitRatio,TotalAssets,CommonStockEquity,CurrentAssets,CurrentLiability,TotalLiability,Inventory,RetainedEarnings,MarketCap,EnterpriseValue,bookValuePerShare,currentRatio,debtToAssets,debtToEquity,roic,shareholdersEquityPerShare,roe,priceToSalesRatio,peRatio,pbRatio,payoutRatio,inventoryTurnover,dividendYield,assetTurnover,quickRatio,returnOnAssets,priceToFreeCashFlowsRatio,grossProfitMargin,epsdilutedGrowth,fiveYNetIncomeGrowthPerShare,fiveYRevenueGrowthPerShare,fiveYShareholdersEquityGrowthPerShare,grossProfitGrowth,netIncomeGrowth,operatingIncomeGrowth,threeYNetIncomeGrowthPerShare,threeYRevenueGrowthPerShare,threeYShareholdersEquityGrowthPerShare,Industry,Sector,Symbol
2023Q1,2023,Q1,2023-05-03,2023-03-31,-11857000.0,128843000.0,-4497000.0,-0.0829,83011000.0,0.6442802481,2065870000.0,1275979000.0,229954000.0,254321000.0,789891000.0,58909000.0,-312759000.0,3706600800.0,4113226800.0,8.915946950640057,0.9041880143598051,0.2475392933727679,0.40077775574676383,-0.002107783438002536,8.915946950640057,-0.009292472681760436,28.76835218056084,-78.15216327907565,2.9049073691651666,-0.10542295690309522,0.7780135463172011,0.00033723620844197736,0.06236742873462512,0.6616166183681254,-0.00573947053783636,-45.06779500273573,0.644280248053833,-1.0673316708229428,0.7740231603765293,-0.39274978496810153,1.179416294447564,0.03875416072277699,-1.071815481390879,-3.954664914586071,0.483182889892697,0.7466393988060652,0.0,Software—Application,Technology,INST
2022Q4,2022,Q4,2023-02-17,2022-12-31,-5723000.0,124726000.0,1522000.0,-0.0401,79914000.0,0.6407164505,2153489000.0,1276127000.0,285036000.0,334057000.0,877362000.0,24510000.0,-300902000.0,3343551920.0,3671896920.0,8.946299502954929,0.8532555821311931,0.2388212802572941,0.4030155305859056,0.0007127567559608737,8.946299502954929,-0.0044846633603081824,26.807176691307344,-146.05765857067973,2.620077719537319,0.0,1.8283149734802122,0.0,0.05791810406275583,0.7704733024603586,-0.0026575478212333566,213.49542941063788,0.6407164504594071,0.43361581920903963,0.9086854246846106,-0.4135275418207774,59.36955512654989,0.01988360814742968,0.4308304326205868,1.2563152576625127,0.934053435036307,-0.5221705076932072,1.324082133495708,Software—Application,Technology,INST
2022Q3,2022,Q3,2022-11-02,2022-09-30,-10055000.0,122429000.0,-5938000.0,-0.0708,78356000.0,0.6400117619,2182916000.0,1274808000.0,376354000.0,365437000.0,908108000.0,41846000.0,-293754000.0,3166166240.0,3423509240.0,8.970698342106004,1.0298738223004238,0.23661194475646338,0.4051621891296572,-0.0025072391433982677,8.970698342106004,-0.007887462268827933,25.861243986310434,-78.72118945798111,2.4836416464283246,0.0,1.0532189456578884,0.0,0.05608507152817607,0.907113948505488,-0.004606223968306614,17.756725665702042,0.6400117619191531,0.2245345016429354,0.8334748224668745,-0.41586369243494414,25.04738430655683,0.08557890799262943,0.22168898521557395,0.4072669195448193,0.8740303653866396,-0.5303775464328455,1.2169343411626663,Software—Application,Technology,INST
2022Q2,2022,Q2,2022-08-03,2022-06-30,-12919000.0,114577000.0,-10018000.0,-0.0913,72179000.0,0.6299606378,2145171000.0,1274488000.0,304082000.0,319998000.0,870683000.0,50315000.0,-283705000.0,3212821800.0,3648950800.0,9.004818630152473,0.9502621891386821,0.24210797181203736,0.4075071715073033,-0.004859090470861177,9.004818630152473,-0.010136619568014763,28.040721959904694,-62.17241659571174,2.5208725386194297,0.0,0.8426512968299712,0.0,0.0534115928287302,0.7840049000306252,-0.00602236371832362,491.48260670032124,0.6299606378243452,-1.3231552162849873,0.7969553812738298,-0.3848464110009046,64.21522626981006,-0.0037542615008764545,-1.3298467087466186,-1.9949177877428999,0.8384228100103128,-0.5270415012528816,1.1126937646400474,Software—Application,Technology,INST
2022Q1,2022,Q1,2022-05-04,2022-03-31,-5545000.0,113462000.0,-3345000.0,-0.0393,72451000.0,0.638548589,2056145000.0,1279526000.0,203026000.0,221046000.0,776619000.0,62807000.0,-270792000.0,2827497120.0,3249029120.0,9.077742777683182,0.9184785067361545,0.25406087605689287,0.4082652482247332,-0.0012827513666604689,9.077742777683182,-0.004333636049599617,24.920212229645166,-127.47958160504959,2.2098004417260766,0.0,0.6529686181476587,0.0,0.055181905945349184,0.6218615129882468,-0.0026967942435966335,-42.02706858111121,0.6385485889548924,0.738,0.9112316670131331,-0.3194518260804646,160.77190866904763,0.053020943854192405,0.7315290016461702,0.3840913275639845,0.9129249312368339,-0.5047740923594148,1.2245603310299962,Software—Application,Technology,INST
2021Q4,2021,Q4,2022-02-23,2021-12-31,-20654000.0,110593000.0,-5431000.0,-0.15,68803000.0,0.6221279828,2133782000.0,1274385000.0,246812000.0,297097000.0,859397000.0,0.0,-266660000.0,3369933380.0,3728612380.0,9.068355024869957,0.8307455140913573,0.24538917283958717,0.4108703413803521,-0.0017860293048216553,9.068355024869957,-0.01620703319640454,30.471488973081478,-40.79032366611795,2.644360518995437,0.0,0.0,0.0,0.05182956834390767,0.7288360367152815,-0.009679526774525233,-656.6510872954015,0.6221279827837205,-0.5463917525773195,0.840768005498538,-0.6507477287027181,11.741566674847391,0.04636980259756061,-0.5574994344317925,0.1822014756813733,0.3183189538361082,-0.5076833522063008,1.4845872197104735,Software—Application,Technology,INST
2021Q3,2021,Q3,2021-11-10,2021-09-30,-13261000.0,107221000.0,-6641000.0,-0.097,65754000.0,0.6132567314,2215290000.0,1288993000.0,312183000.0,325938000.0,926297000.0,0.0,-246006000.0,3086855730.0,3408534730.0,9.433013531215467,0.9577987224564181,0.2478980178667353,0.42604265500278127,-0.002631972764967545,9.433013531215467,-0.010287875884508295,28.789656224060586,-58.19424873689767,2.3947808327896274,-0.0005278636603574391,0.0,2.26767967546057e-06,0.04840043515747374,0.8659499659444434,-0.005986123712922462,19.294054190886932,0.6132567314238815,0.39375,0.8581779569969492,-0.531470469516112,8.753805351670405,0.2502424276995037,0.3886968146406675,0.44992959496396917,0.7129654102584353,-0.517975625734549,1.5415846692466209,Software—Application,Technology,INST
2021Q2,2021,Q2,2021-08-18,2021-06-30,-21693000.0,93567000.0,-12073000.0,-0.16,52593000.0,0.5620891981,2184835000.0,1037198000.0,248026000.0,287289000.0,1147637000.0,0.0,-232745000.0,2905730000.0,3645855000.0,7.488794223826715,0.8633327415947009,0.3708861309892967,0.7812635581634365,-0.005018235543559612,7.488794223826715,-0.020915003692641133,31.055072835508245,-33.48695431706081,2.8015190927865268,-0.01659521504632831,0.0,0.00012389313528786227,0.04282565960358563,0.7459492009788053,-0.009928896232438604,562.1454826852389,0.5620891981147199,0.3333333333333333,0.7316172740836784,-0.3476496647158974,6.270956370952964,0.08784594382161916,0.3440476550452058,0.49533921330936753,0.582174990475845,-0.5486907077587655,0.9247428147125869,Software—Application,Technology,INST
2021Q1,2021,Q1,2021-03-31,2021-03-31,-33071000.0,93980000.0,-23923000.0,-0.24,48346000.0,0.5144286018,2109100000.0,1057016000.0,156821000.0,182443000.0,1052084000.0,0.0,-211052000.0,2905730000.0,3635863000.0,7.631884476534296,0.8595616165048809,0.3855412261154047,0.769283530239845,-0.009791020124699219,7.631884476534296,-0.0312871328343185,30.91859970206427,-21.965846209670104,2.74899339272064,0.0,0.0,0.0,0.044559290692712535,0.6178916154634598,-0.015680147930396852,-49.130581810188865,0.5144286018301766,0.2,0.39171028322493895,0.019333811912722102,6.74473634904901,0.10007281332483844,0.19796769656109037,0.11517550024041129,0.34872753720528704,-0.5423130104042522,0.8655397432917891,Software—Application,Technology,INST
2020Q4,2020,Q4,2020-12-31,2020-12-31,-41234000.0,87531000.0,-27037000.0,-0.3,43948000.0,0.5020849756,,,,,,,,2905730000.0,,,0.0,0.0,0.0,0.0,,0.0,33.19658178245422,-17.617318232526557,0.0,0.0,0.0,0.0,0.0,0.0,0.0,-496.5362269309638,0.5020849756086415,0.3023255813953489,0.6774448412217263,-0.7195239042361152,0.0,0.07869029502724462,0.31474249248001596,0.0011821640991540139,0.3224013765249619,-0.5761099642201083,0.0,Software—Application,Technology,INST
2020Q3,2020,Q3,2020-09-30,2020-09-30,-60173000.0,81772000.0,-27069000.0,-0.43,40742000.0,0.498239006,,,,,,,,2905730000.0,,,0.0,0.0,0.0,0.0,,0.0,35.53453504867192,-12.072399581207518,0.0,0.0,0.0,0.0,0.0,0.0,0.0,29.20977502563381,0.49823900601672944,0.21818181818181825,0.36507934646986395,-0.6474570262982826,0.0,0.8660742912105528,0.21418497140021417,0.6558690041826111,-0.02251161183910114,-0.599683701119211,0.0,Software—Application,Technology,INST
2020Q2,2020,Q2,2020-06-30,2020-06-30,-76574000.0,61370000.0,-78659000.0,-0.55,21833000.0,0.3557601434,,,,,,,,2905730000.0,,,0.0,0.0,0.0,0.0,,0.0,47.34772690239531,-9.486673022174628,0.0,0.0,0.0,0.0,0.0,0.0,0.0,-49.77610661915856,0.3557601433925371,-2.4375,0.0526373090712941,-0.5721275655264637,0.0,-0.5353791151497095,-2.448813223438274,-3.742207753059625,-0.2298578768474165,-0.6632921466195136,0.0,Software—Application,Technology,INST
2020Q1,2020,Q1,2020-03-31,2020-03-31,-22203000.0,71389000.0,-16587000.0,-0.16,46991000.0,0.6582386642,,,,,,,,2905730000.0,,,0.0,0.0,0.0,0.0,,0.0,40.702769334211155,-32.717763365310994,0.0,0.0,0.0,0.0,0.0,0.0,0.0,-50.28084443675376,0.6582386642199779,0.7377049180327868,0.5916102754208619,-0.22569459992937518,0.0,0.01573611741564533,0.03486198652466855,0.25675494018013173,0.6382657409484284,-0.5642261092883553,0.0,Software—Application,Technology,INST
2019Q4,2019,Q4,2020-02-28,2019-12-31,-23005000.0,69195000.0,-22317000.0,-0.61,46263000.0,0.6685887709,367500000.0,145557000.0,183125000.0,177360000.0,221943000.0,0.0,-348241000.0,793316740.0,733873740.0,3.8493904212836854,1.0325045105999098,0.11372244897959184,0.28712463158762547,-0.12276406197980516,3.8493904212836854,-0.15804804990484828,11.464943131729171,-8.621133883938274,5.450213593300219,0.0,0.0,0.0,0.18828571428571428,0.8730773567884529,-0.06259863945578231,-51.25778510047167,0.6685887708649468,-0.08928571428571416,0.34085736792384735,-0.1878854047447005,4.408617613204696,-0.01662238282495483,-0.09950771877837786,-0.07474115097519865,0.34085736792384735,-0.1878854047447005,4.408617613204696,Software—Application,Technology,INST
2019Q3,2019,Q3,2019-10-30,2019-09-30,-20923000.0,68335000.0,-20765000.0,-0.56,47045000.0,0.6884466233,390958000.0,150730000.0,199938000.0,190949000.0,240228000.0,0.0,-325236000.0,781505000.0,659306000.0,4.046442953020134,1.0470753970955595,0.0,0.0,-0.13881111921979702,4.046442953020134,-0.138811119219797,11.436379600497549,-9.337869808344884,5.184800636900419,0.0,0.0,0.0,0.1747885962174965,0.884319896935831,-0.053517257608234135,9.805460408275929,0.6884466232530914,0.0,0.1791472799366619,0.09540353615244433,3.184051766679826,0.10902876001885903,-0.008385946310665575,0.07509687764464834,0.1791472799366619,0.09540353615244433,3.184051766679826,Software—Application,Technology,INST
2019Q2,2019,Q2,2019-07-31,2019-06-30,-20749000.0,62867000.0,-22451000.0,-0.56,42420000.0,0.6747578221,391449000.0,156548000.0,195989000.0,184736000.0,234901000.0,0.0,-304313000.0,770574420.0,741884420.0,4.262245092433772,1.0609139528841156,0.0,0.0,-0.13250540625738294,4.262245092433772,-0.13254081815162122,12.257216345618527,-9.284476601281991,4.922288499373994,0.0,0.0,0.0,0.160600742370015,0.8478206738264334,-0.05300562780847569,-45.112957086821616,0.674757822068812,-0.24444444444444452,0.03200573729625685,0.6528048951145213,3.1382627407217485,0.06265187003682457,-0.28540453475405775,-0.1885124404446797,0.03200573729625685,0.6528048951145213,3.1382627407217485,Software—Application,Technology,INST
2019Q1,2019,Q1,2019-05-01,2019-03-31,-16142000.0,58076000.0,-18890000.0,-0.45,39919000.0,0.6873579448,306098000.0,145799000.0,156802000.0,112763000.0,160299000.0,0.0,-283564000.0,749594420.0,700255420.0,4.080690755408772,1.3905447708911611,0.0,0.0,-0.11068476806838916,4.080690755408772,-0.11071406525421985,12.907128934499621,-11.609379568826665,5.141286428576327,0.0,0.0,0.0,0.1897300864429039,1.0451743923095342,-0.05273474508164052,-19.45735029201817,0.6873579447620359,-1.0454545454545454,-0.1509313043294013,1.4417803721684554,3.141031500124877,0.020189629175291983,-1.1275866613944905,-1.5049728152764885,-0.1509313043294013,1.4417803721684554,3.141031500124877,Software—Application,Technology,INST
2018Q4,2018,Q4,2019-02-20,2018-12-31,-7587000.0,56251000.0,-7541000.0,-0.22,39129000.0,0.6956143002,273997000.0,128438000.0,212627000.0,132017000.0,145559000.0,0.0,-267422000.0,738286200.0,643966200.0,3.6498437055981814,1.6106031798934985,0.0,0.0,-0.05896183918717335,3.6498437055981814,-0.05907130288543889,13.124854669250324,-24.327342823250298,5.748191345240505,0.0,0.0,0.0,0.2052978682248346,1.427573721566162,-0.027690084198002167,-344.02898415657035,0.6956143001902189,0.35294117647058826,0.7664127594605603,-0.29059422860785966,4.128242862141162,0.0007160942175391934,0.33870827159417766,0.3369383627890618,0.7664127594605603,-0.29059422860785966,4.128242862141162,Software—Application,Technology,INST
2018Q3,2018,Q3,2018-10-31,2018-09-30,-11473000.0,55239000.0,-11373000.0,-0.34,39101000.0,0.7078513369,302181000.0,125945000.0,239974000.0,163285000.0,176236000.0,0.0,-259835000.0,711935320.0,613835320.0,3.7114693228030884,1.469663471843709,0.042792233793653475,0.10267180118305609,-0.08243206527733873,3.7114693228030884,-0.09109531938544603,12.888273140353736,-15.513277259653098,5.652747786732304,0.0,0.0,0.0,0.18280103646490017,1.3407906421287932,-0.03796731098249063,13.382242857142858,0.7078513369177574,0.081081081081081,0.50590608912068,-0.02799618546702662,2.8376865699940024,0.10252361483152404,0.08486878838637632,0.08459433354797166,0.50590608912068,-0.02799618546702662,2.8376865699940024,Software—Application,Technology,INST
2018Q2,2018,Q2,2018-08-01,2018-06-30,-12537000.0,50063000.0,-12424000.0,-0.37,35465000.0,0.7084074067,293041000.0,130124000.0,230539000.0,149588000.0,162917000.0,0.0,-248362000.0,701655120.0,644347120.0,3.890802535581868,1.541159718694013,0.036319149880050916,0.08179121453382927,-0.08891892652664393,3.890802535581868,-0.09634656174110848,14.015442941893214,-13.991687006460875,5.392203744120993,0.0,0.0,0.0,0.17083957534952446,1.4063962349921117,-0.042782409287437595,-28.494766081871344,0.7084074066675988,0.0,0.3576671577846129,0.4454617852969162,2.777624893764678,0.04290419337763924,-0.05637007077856421,-0.060068259385665526,0.3576671577846129,0.4454617852969162,2.777624893764678,Software—Application,Technology,INST
2018Q1,2018,Q1,2018-05-02,2018-03-31,-11868000.0,47991000.0,-11720000.0,-0.37,34006000.0,0.7085911942,242756000.0,132425000.0,180351000.0,97597000.0,110331000.0,0.0,-235825000.0,679122600.0,552912600.0,4.090979301822675,1.847915407235878,0.04334805318921057,0.07946384746082688,-0.08295949115266264,4.090979301822675,-0.08962053992826129,14.15104082015378,-14.305750758341759,5.128356428166887,0.0,0.0,0.0,0.19769233304223172,1.662428148406201,-0.04888859595643362,-39.49765034314296,0.7085911941822425,0.15909090909090912,0.06599810137097795,1.227141769559692,3.151472182191755,0.11359989520909061,0.08128193218764515,-0.05709389374943628,0.06599810137097795,1.227141769559692,3.151472182191755,Software—Application,Technology,INST
2017Q4,2017,Q4,2018-02-15,2017-12-31,-12918000.0,43835000.0,-11087000.0,-0.44,30537000.0,0.6966351089,135410000.0,4357000.0,86098000.0,116616000.0,131053000.0,0.0,-246544000.0,616832980.0,590340980.0,0.14819223835923948,0.738303491802154,0.06794919134480466,2.111774156529722,-0.8574385205073729,0.14819223835923948,-2.9648840945604773,14.071700239534618,-11.937470583681685,141.57286665136562,0.0,0.0,0.0,0.32372055239642566,0.6190145434588735,-0.09539915811239938,-20.580994294484668,0.6966351089312194,-0.047619047619047665,0.5239731197739717,-0.3383281698333568,-0.7917812789011087,0.001935822560535468,-0.04404752283197284,0.09876442854820354,0.5239731197739717,-0.3383281698333568,-0.7917812789011087,Software—Application,Technology,INST
2017Q3,2017,Q3,2017-11-01,2017-09-30,-12373000.0,42948000.0,-12302000.0,-0.42,30478000.0,0.7096488777,135481000.0,-10863000.0,110123000.0,134094000.0,146344000.0,0.0,-234822000.0,610937600.0,560406600.0,-0.3730425824175824,0.8212373409697675,0.06041437544747972,-0.7534750989597717,4.620238984316654,-0.3730425824175824,1.139003958390868,14.225053553134023,-12.34416875454619,-56.240228297891925,0.0,0.0,0.0,0.31700386031989725,0.7626739451429594,-0.0913264590606801,15.391570302068375,0.7096488777125827,0.06666666666666672,0.37905775721396406,-0.1193389460100357,-1.385728773179945,0.12668662896011237,0.0479378270236996,0.0453945836889889,0.37905775721396406,-0.1193389460100357,-1.385728773179945,Software—Application,Technology,INST
2017Q2,2017,Q2,2017-08-02,2017-06-30,-12996000.0,38044000.0,-12887000.0,-0.45,27051000.0,0.7110451057,130054000.0,-4118000.0,107321000.0,122003000.0,134172000.0,0.0,-222449000.0,606510820.0,588665820.0,-0.1424469888270089,0.8796586969172889,0.06073630953296323,-1.9181641573579407,-3.436119391465122,-0.1424469888270089,3.1559009227780477,15.942351487751026,-11.667259541397353,-147.28286061194754,0.0,0.0,0.0,0.2925246436095776,0.8091112513626714,-0.09992772233072417,-38.61404596676641,0.7110451056671223,-0.02272727272727275,0.22969742377294108,0.27075276141549415,-1.1383034184114031,0.11033123999507449,-0.020815332652580315,-0.01584423774239319,0.22969742377294108,0.27075276141549415,-1.1383034184114031,Software—Application,Technology,INST
2017Q1,2017,Q1,2017-05-03,2017-03-31,-12731000.0,33979000.0,-12686000.0,-0.44,24363000.0,0.7170016775,83850000.0,1612000.0,62925000.0,70600000.0,82238000.0,0.0,-209453000.0,602692460.0,582609460.0,0.05611445678281756,0.8912889518413598,0.09759093619558735,5.076302729528536,-1.298311978230899,0.05611445678281756,-7.897642679900744,17.737204155507815,-11.83513588877543,373.87869727047143,0.0,0.0,0.0,0.40523553965414433,0.723314447592068,-0.15183064997018486,-19.508398394510262,0.7170016775066953,0.04347826086956525,-0.12897718244849718,0.7768512904849302,-0.9430557846506635,0.08671216378964271,0.01478099365423309,0.011300755981607045,-0.12897718244849718,0.7768512904849302,-0.9430557846506635,Software—Application,Technology,INST
2016Q4,2016,Q4,2017-02-10,2016-12-31,-12922000.0,31546000.0,-12831000.0,-0.46,22419000.0,0.7106764725,111336000.0,9964000.0,92876000.0,89799000.0,101372000.0,0.0,-196469000.0,293720000.0,257553000.0,0.7117142857142857,1.0342654149823494,0.07519580369332471,0.8402248093135287,-0.7029260041822953,0.7117142857142857,-1.2968687274187074,9.310847651049261,-5.682556879739979,29.478121236451223,0.0,0.0,0.0,0.2833405187899691,0.9633292130201896,-0.11606308830926206,-17.313292071912763,0.7106764724529259,-0.02222222222222224,0.0,0.0,0.0,0.04240479843771795,-0.04911910367784363,-0.045210166177908115,0.0,0.0,0.0,Software—Application,Technology,INST
2016Q3,2016,Q3,2016-11-02,2016-09-30,-12317000.0,30145000.0,-12276000.0,-0.45,21507000.0,0.7134516504,128354000.0,17408000.0,111440000.0,99121000.0,110946000.0,0.0,-183547000.0,377640000.0,327197000.0,0.9671111111111111,1.1242824426710787,0.06647241223491282,0.49011948529411764,-0.4736304861635746,0.9671111111111111,-0.7075482536764706,12.527450655166694,-7.665015831777219,21.69347426470588,0.0,0.0,0.0,0.23485828256228866,1.0733951433096922,-0.09596116988952429,18.752607011619823,0.7134516503566097,0.15094339622641512,0.0,0.0,0.0,0.1781429745275267,0.15579163810829336,0.15402108745089932,0.0,0.0,0.0,Software—Application,Technology,INST
2016Q2,2016,Q2,2016-08-03,2016-06-30,-14590000.0,25890000.0,-14511000.0,-0.53,18255000.0,0.7050984936,125581000.0,25749000.0,108920000.0,87885000.0,99832000.0,0.0,-171230000.0,524500000.0,471194000.0,1.02996,1.2393468737554758,0.0694452186238364,0.33869276476756377,-0.4229168737898836,1.02996,-0.5666239465610315,20.25878717651603,-8.987320082248115,20.369723096042566,0.0,0.0,0.0,0.20616176013887452,1.1760141093474428,-0.11617999538146694,-49.092100336952456,0.7050984936268829,-0.06000000000000005,0.0,0.0,0.0,0.1445141065830721,-0.06194046146007715,-0.05950642523364486,0.0,0.0,0.0,Software—Application,Technology,INST
2016Q1,2016,Q1,2016-05-06,2016-03-31,-13739000.0,23299000.0,-13696000.0,-0.5,15950000.0,0.6845787373,98568000.0,34490000.0,82129000.0,52053000.0,64078000.0,0.0,-156640000.0,734300000.0,673596000.0,0.9854285714285714,1.5777957082204677,0.09084084084084085,0.2596114815888663,-0.31599241137304734,0.9854285714285714,-0.398347347057118,31.516374093308727,-13.361598369604776,21.2902290518991,0.0,0.0,0.0,0.23637488840191542,1.4706164870420533,-0.13938600762925088,-34.771285159579506,0.684578737284862,0.0,0.0,0.0,0.0,0.0,0.0,0.0,0.0,0.0,0.0,Software—Application,Technology,INST
