Year,Date,FillingDate,NetIncome,Revenue,OperatingIncome,EPSDiluted,GrossProfit,GrossProfitRatio,TotalAssets,CommonStockEquity,CurrentAssets,CurrentLiability,TotalLiability,Inventory,RetainedEarnings,EnterpriseValue,bookValuePerShare,currentRatio,debtToAssets,debtToEquity,roic,shareholdersEquityPerShare,roe,priceToSalesRatio,peRatio,pbRatio,payoutRatio,inventoryTurnover,dividendYield,assetTurnover,quickRatio,returnOnAssets,priceToFreeCashFlowsRatio,grossProfitMargin,epsdilutedGrowth,fiveYNetIncomeGrowthPerShare,fiveYRevenueGrowthPerShare,fiveYShareholdersEquityGrowthPerShare,grossProfitGrowth,netIncomeGrowth,operatingIncomeGrowth,threeYNetIncomeGrowthPerShare,threeYRevenueGrowthPerShare,threeYShareholdersEquityGrowthPerShare,Industry,Sector,Price,MarketCap,AvgVolume,Symbol
2022,2022-12-31,2023-02-16,124000000.0,3756000000.0,203000000.0,4.35,368000000.0,0.0979765708,2450000000.0,675000000.0,1710000000.0,1035000000.0,1676000000.0,348000000.0,1788000000.0,3633323000.0000005,24.02135231316726,1.6521739130434783,0.1946938775510204,0.7066666666666667,0.1178125,24.02135231316726,0.1837037037037037,0.9787867412140576,29.64776612903226,5.446404444444445,0.0,9.735632183908047,0.0,1.5330612244897959,1.1516908212560386,0.05061224489795919,42.74794186046512,0.0979765708200213,2.020833333333333,-0.20769977353607252,0.34260304561178084,0.19164008335335228,0.44881889763779526,2.024390243902439,0.9333333333333333,0.7714285714285715,0.27538200339558583,0.4062500000000001,Auto Parts,Consumer Cyclical,153.305,4346120098,289054,VC
2021,2021-12-31,2022-02-17,41000000.0,2773000000.0,105000000.0,1.44,254000000.0,0.0915975478,2234000000.0,516000000.0,1424000000.0,852000000.0,1618000000.0,262000000.0,1664000000.0,3157920000.0,18.428571428571427,1.6713615023474178,0.22291853178155774,0.9651162790697675,0.0559230498833605,18.428571428571427,0.07945736434108527,1.1222214208438515,75.90048780487805,6.030852713178295,0.0,9.614503816793894,0.0,1.2412712623097584,1.1748826291079812,0.018352730528200537,-259.32666666666665,0.09159754778218536,1.8372093023255816,-0.3166666666666667,0.09656754191711488,0.10068259385665514,0.036734693877551024,1.8541666666666667,0.4583333333333333,-0.7366071428571428,-0.020927087322864746,0.16912442396313349,Auto Parts,Consumer Cyclical,153.305,4346120098,289054,VC
2020,2020-12-31,2021-02-18,-48000000.0,2548000000.0,72000000.0,-1.72,245000000.0,0.0961538462,2271000000.0,387000000.0,1341000000.0,824000000.0,1761000000.0,177000000.0,1623000000.0,3533008000.0,13.870967741935484,1.6274271844660195,0.23205636283575518,1.3617571059431524,0.15824175824175823,13.870967741935484,-0.12403100775193798,1.374414442700157,-72.9585,9.049116279069768,0.0,13.01129943502825,0.0,1.1219726992514312,1.1893203883495145,-0.021136063408190225,54.718875,0.09615384615384616,-1.6935483870967742,-1.0318626066323937,0.19047666385009213,-0.444898831141087,-0.24382716049382716,-1.6857142857142857,-0.3949579831932773,-1.3088954056695992,-0.08267424982967495,-0.3118954777940953,Auto Parts,Consumer Cyclical,153.305,4346120098,289054,VC
2019,2019-12-31,2020-02-20,70000000.0,2945000000.0,119000000.0,2.48,324000000.0,0.1100169779,2271000000.0,480000000.0,1345000000.0,798000000.0,1676000000.0,169000000.0,1679000000.0,2521179000.0,17.081850533807827,1.6854636591478698,0.24394539850286218,1.1541666666666666,0.07652253015260592,17.081850533807827,0.14583333333333334,0.8262067911714771,34.7597,5.069122916666667,0.0,15.50887573964497,0.0,1.2967855570233378,1.2280701754385965,0.030823425803610745,59.34582926829268,0.1100169779286927,-0.5507246376811594,1.3867543277640388,-0.3607623402332385,-0.09555057289202482,-0.2116788321167883,-0.573170731707317,-0.4541284403669725,0.16251482799525507,0.16043956538822232,0.02024704553459715,Auto Parts,Consumer Cyclical,153.305,4346120098,289054,VC
2018,2018-12-31,2019-02-21,164000000.0,2984000000.0,218000000.0,5.52,411000000.0,0.13773458445040215,2007000000.0,465000000.0,1296000000.0,721000000.0,1425000000.0,184000000.0,1609000000.0,1720260000.0,15.76271186440678,1.7975034674063801,0.20179372197309417,0.8709677419354839,0.20069178373776075,15.76271186440678,0.35268817204301073,0.5959316353887399,10.843048780487804,3.824215053763441,0.08536585365853659,13.983695652173912,0.007872864485508306,1.4867962132536123,1.447988904299584,0.0817140009965122,23.094285714285714,0.13773458445040215,0.009140767824497225,-0.5971505772537461,-0.3201200270676075,-0.5895127118644067,-0.17635270541082165,-0.06818181818181818,-0.21299638989169675,-0.8970405770429517,0.3185678096680683,-0.36919327165145993,Auto Parts,Consumer Cyclical,153.305,4346120098,289054,VC
2017,2017-12-31,2018-02-22,176000000.0,3146000000.0,277000000.0,5.47,499000000.0,0.1586141131595677,2304000000.0,637000000.0,1603000000.0,801000000.0,1543000000.0,189000000.0,1445000000.0,3641424000.0,20.158227848101266,2.0012484394506864,0.17057291666666666,0.6169544740973313,0.2110453219556794,20.158227848101266,0.27629513343799056,1.2569688493324858,22.46831818181818,6.207886970172685,0.005681818181818182,14.005291005291005,0.00025288132987256806,1.3654513888888888,1.6953807740324593,0.0763888888888889,33.51206779661017,0.1586141131595677,1.5801886792452828,1.9463291139240506,-0.23194351886550382,-0.2300575789425582,0.07543103448275862,1.3466666666666667,0.13524590163934427,1.8647071443896162,-0.39276749756831886,0.06733738201507285,Auto Parts,Consumer Cyclical,153.305,4346120098,289054,VC
2016,2016-12-31,2017-02-23,75000000.0,3161000000.0,244000000.0,2.12,464000000.0,0.14678899082568808,2373000000.0,586000000.0,1708000000.0,911000000.0,1649000000.0,151000000.0,1269000000.0,2315900000.0,16.742857142857144,1.8748627881448958,0.16097766540244415,0.6518771331058021,0.20509727426723473,16.742857142857144,0.12798634812286688,0.8895602657386903,37.492000000000004,4.798464163822525,23.14666666666667,17.86092715231788,0.6173761513567338,1.3320691108301728,1.646542261251372,0.0316055625790139,62.486666666666665,0.14678899082568808,-0.959718791563747,0.3714285714285714,-0.4253645546698858,-0.3441206689255656,0.07906976744186046,-0.9671628721541156,0.31891891891891894,-0.84472049689441,-0.39296756476484934,-0.5639880952380952,Auto Parts,Consumer Cyclical,153.305,4346120098,289054,VC
2015,2015-12-31,2016-02-25,2284000000.0,3245000000.0,185000000.0,52.63,430000000.0,0.1325115562403698,4682000000.0,1057000000.0,4053000000.0,2772000000.0,3483000000.0,187000000.0,1194000000.0,2499350000.0,24.988179669030732,1.4621212121212122,0.08201623237932508,0.3632923368022706,0.07814621488700481,24.988179669030732,2.160832544938505,1.492557781201849,2.1205560420315237,4.582166508987701,0.0,15.053475935828876,0.0,0.6930798803929944,1.358946608946609,0.4878257155061939,32.07516556291391,0.1325115562403698,9.172360248447205,4.803439186355698,0.13308741155333637,1.1869615182558444,-0.46115288220551376,8.742372881355932,-0.5520581113801453,27.563498817966906,-0.40817152563806863,-0.045577830691894854,Auto Parts,Consumer Cyclical,153.305,4346120098,289054,VC
2014,2014-12-31,2015-02-26,-295000000.0,7509000000.0,413000000.0,-6.44,798000000.0,0.10627247303236116,5323000000.0,865000000.0,3134000000.0,1832000000.0,3502000000.0,537000000.0,661000000.0,5053188000.0,18.88646288209607,1.710698689956332,0.18429457073079092,1.1341040462427745,0.11743523326816188,18.88646288209607,-0.34104046242774566,0.6517762684778267,-16.59046779661017,5.658020809248555,0.0,12.497206703910615,0.0,1.4106706744317115,1.3040393013100438,-0.05541987600976893,-87.39621428571428,0.10627247303236116,-1.4770370370370371,-7.561817685589519,2.198105646154298,4.190148652623481,0.16666666666666666,-1.4275362318840579,0.3028391167192429,-5.1222707423580776,0.04316398798977403,-0.26014774325683343,Auto Parts,Consumer Cyclical,153.305,4346120098,289054,VC
2013,2013-12-31,2014-02-25,690000000.0,7439000000.0,317000000.0,13.5,684000000.0,0.09194784245194247,6027000000.0,1920000000.0,3753000000.0,1802000000.0,3154000000.0,472000000.0,956000000.0,3147500000.0,38.4,2.0826859045504995,0.1211216193794591,0.3802083333333333,0.10511059769819878,38.4,0.359375,0.5504100013442667,5.934057971014492,2.1325520833333336,0.0,14.311440677966102,0.0,1.2342790774846524,1.611542730299667,0.11448481831757093,95.22093023255815,0.09194784245194247,6.180851063829788,3.6222026431718066,1.0171974015088012,6.601984216459978,0.16129032258064516,5.9,0.4409090909090909,0.48323099415204696,1.1975240423252076,2.3607619047619046,Auto Parts,Consumer Cyclical,153.305,4346120098,289054,VC
2012,2012-12-31,2013-02-28,100000000.0,6857000000.0,220000000.0,1.88,589000000.0,0.08589762286714306,5156000000.0,1385000000.0,2663000000.0,1552000000.0,3015000000.0,385000000.0,266000000.0,2591078000.0,26.18147448015123,1.7158505154639174,0.11035686578743212,0.4108303249097473,0.06577396968769673,26.18147448015123,0.07220216606498195,0.4152075251567741,28.470779999999998,2.0556519855595665,0.0,16.28051948051948,0.0,1.3299069045771916,1.3917525773195876,0.019394879751745538,284.7078,0.08589762286714306,0.2207792207792207,1.6586617324227089,0.4913163338458858,38.706188642092,-0.08398133748055987,0.25,-0.10204081632653061,0.925803402646503,1.528451672833545,5.422363046906374,Auto Parts,Consumer Cyclical,153.305,4346120098,289054,VC
2011,2011-12-31,2012-02-27,80000000.0,8047000000.0,245000000.0,1.54,643000000.0,0.07990555486516715,4973000000.0,1307000000.0,2498000000.0,1557000000.0,2976000000.0,381000000.0,166000000.0,2456928000.0,25.52734375,1.6043673731535004,0.1252764930625377,0.47666411629686306,0.06957018789298029,25.52734375,0.061208875286916604,0.3177492233130359,31.961599999999997,1.9563335883703137,0.0,19.433070866141733,0.0,1.6181379449024733,1.2658959537572254,0.016086869093102755,-30.806361445783132,0.07990555486516715,-0.826381059751973,2.220703125,0.7528777824932398,18.291211067362035,-0.20519159456118666,-0.9220272904483431,-0.4082125603864734,1.2968979441997064,1.130923633303646,4.724056686865841,Auto Parts,Consumer Cyclical,153.305,4346120098,289054,VC
2010,2010-12-31,2011-03-09,1026000000.0,7466000000.0,414000000.0,8.87,809000000.0,0.10835788909724083,5208000000.0,1260000000.0,2702000000.0,1842000000.0,3258000000.0,364000000.0,86000000.0,4476256944.177235,11.425980503287237,1.4668838219326819,0.1077188940092166,0.4452380952380952,0.20008770578265556,11.425980503287237,0.8142857142857143,0.645627771789075,4.698106183408611,3.8256007493470117,0.0,18.28846153846154,0.0,1.433563748079877,1.1813246471226928,0.19700460829493088,-137.72162697649242,0.10835788909724083,8.051020408163264,5.3476694735887556,-0.49681748397406783,31.03324307413285,0.35510887772194305,7.015625,0.6235294117647059,4.241816276756789,-0.22106321043573465,17.45553525277715,Auto Parts,Consumer Cyclical,153.305,4346120098,289054,VC
2009,2009-12-31,2010-02-26,128000000.0,6685000000.0,255000000.0,0.98,597000000.0,0.08930441286462229,5019000000.0,-772000000.0,2705000000.0,1665000000.0,5474000000.0,319000000.0,-4576000000.0,3717644442.76544,-5.920245398773006,1.6246246246246245,0.04602510460251046,-0.29922279792746115,-0.32851621576205686,-5.920245398773006,-0.16580310880829016,0.6654666331735887,34.755034709105004,-5.762492801509637,0.0,19.0846394984326,0.0,1.3319386331938634,1.2114114114114114,0.02550308826459454,-444.864444276544,0.08930441286462229,1.19140625,1.0820731681243527,-0.6556084704140718,-2.823122086191043,0.3006535947712418,1.1879588839941262,3.7127659574468086,1.7668711656441716,-0.42824309752145734,-3.0101396276595747,Auto Parts,Consumer Cyclical,153.305,4346120098,289054,VC
2008,2008-12-31,2009-03-31,-681000000.0,9544000000.0,-94000000.0,-5.12,459000000.0,0.04809304274937133,5248000000.0,-887000000.0,2772000000.0,4271000000.0,5871000000.0,354000000.0,-4704000000.0,5996529071.27184,-6.854714064914992,0.6490283306017326,0.526295731707317,-3.1138669673055244,-0.061085247959824236,-6.854714064914992,0.7677564825253664,0.46254495717433364,-6.482421543717827,-4.976921162651455,0.0,25.663841807909606,0.0,1.8185975609756098,0.5078435963474596,-0.12976371951219512,-10.76714407627278,0.04809304274937133,-0.7839721254355401,0.45463718499103606,-0.47502461215366326,-1.4637427380074968,-0.19895287958115182,-0.8306451612903226,-4.875,-1.4592295078138415,-0.4518356627776717,-17.017647908294695,Auto Parts,Consumer Cyclical,153.305,4346120098,289054,VC
TTM,,,,,,,,,,,,,,,,4343120098.0,25.53191489361702,1.7261410788381744,0.2,0.6680555555555555,0.12125978210833205,25.53191489361702,0.2191780821917808,1.1129628932138285,31.788242647058826,6.004445833333334,0.0,9.78491620111732,0.0,1.6237006237006237,1.2230290456431536,0.05654885654885655,49.38772838636364,0.1029449423815621,,,,,,,,,,,Auto Parts,Consumer Cyclical,153.305,4346120098,289054,VC
