Quarters,Year,Quarter,FillingDate,Date,NetIncome,Revenue,OperatingIncome,EPSDiluted,GrossProfit,GrossProfitRatio,TotalAssets,CommonStockEquity,CurrentAssets,CurrentLiability,TotalLiability,Inventory,RetainedEarnings,MarketCap,EnterpriseValue,bookValuePerShare,currentRatio,debtToAssets,debtToEquity,roic,shareholdersEquityPerShare,roe,priceToSalesRatio,peRatio,pbRatio,payoutRatio,inventoryTurnover,dividendYield,assetTurnover,quickRatio,returnOnAssets,priceToFreeCashFlowsRatio,grossProfitMargin,epsdilutedGrowth,fiveYNetIncomeGrowthPerShare,fiveYRevenueGrowthPerShare,fiveYShareholdersEquityGrowthPerShare,grossProfitGrowth,netIncomeGrowth,operatingIncomeGrowth,threeYNetIncomeGrowthPerShare,threeYRevenueGrowthPerShare,threeYShareholdersEquityGrowthPerShare,Industry,Sector,Symbol
2023Q1,2023,Q1,2023-04-27,2023-03-31,34000000.0,967000000.0,56000000.0,1.18,110000000.0,0.113753878,2405000000.0,720000000.0,1664000000.0,964000000.0,1598000000.0,358000000.0,1822000000.0,4422606000.0,4419606000.0,25.53191489361702,1.7261410788381744,0.2,0.6680555555555555,0.030769230769230774,25.53191489361702,0.04722222222222222,4.573532574974147,32.519161764705885,6.142508333333334,0.0,2.393854748603352,0.0,0.4020790020790021,1.2230290456431536,0.014137214137214138,-110.56515,0.11375387797311272,0.0,-0.43426077468630664,0.2848510986808861,0.5389790597931209,-0.03508771929824561,0.0,-0.0967741935483871,1.961094224924012,0.4878892161080044,0.8079706231774488,Auto Parts,Consumer Cyclical,VC
2022Q4,2022,Q4,2023-02-16,2022-12-31,34000000.0,1064000000.0,62000000.0,1.18,114000000.0,0.1071428571,2450000000.0,675000000.0,1710000000.0,1035000000.0,1676000000.0,348000000.0,1788000000.0,3689406000.0000005,3646406000.0000005,23.93617021276596,1.6521739130434783,0.1946938775510204,0.7066666666666667,0.0302734375,23.93617021276596,0.05037037037037037,3.467486842105264,27.12798529411765,5.465786666666667,0.0,2.7298850574712645,0.0,0.4342857142857143,1.1516908212560386,0.013877551020408163,26.734826086956524,0.10714285714285714,-0.23376623376623382,0.49503546099290785,0.4675600879183461,0.16486856608437167,0.09615384615384616,-0.22727272727272727,0.0,-0.03546099290780145,0.419964920308091,0.39627659574468094,Auto Parts,Consumer Cyclical,VC
2022Q3,2022,Q3,2022-10-27,2022-09-30,44000000.0,1026000000.0,62000000.0,1.54,104000000.0,0.1013645224,2326000000.0,555000000.0,1594000000.0,980000000.0,1677000000.0,341000000.0,1754000000.0,2980286000.0,3091286000.0,19.750889679715304,1.626530612244898,0.20335339638865005,0.8522522522522522,0.04546815134099617,19.750889679715304,0.07927927927927927,2.9047621832358677,16.93344318181818,5.369884684684685,0.0,2.7038123167155423,0.0,0.4411006018916595,1.2183673469387755,0.018916595012897677,53.21939285714286,0.10136452241715399,0.811764705882353,0.13614168666721846,0.4891354406531295,0.0019963544831179203,0.40540540540540543,0.8333333333333334,0.631578947368421,2.131672597864769,0.39856190759014853,0.1667192215865581,Auto Parts,Consumer Cyclical,VC
2022Q2,2022,Q2,2022-07-28,2022-06-30,24000000.0,848000000.0,38000000.0,0.85,74000000.0,0.0872641509,2146000000.0,532000000.0,1399000000.0,801000000.0,1520000000.0,306000000.0,1710000000.0,2910598000.0,3067598000.0,18.93238434163701,1.7465667915106118,0.22320596458527492,0.900375939849624,0.025533158048495472,18.93238434163701,0.045112781954887216,3.432308962264151,30.318729166666664,5.471048872180451,0.0,2.5294117647058822,0.0,0.3951537744641193,1.2671660424469413,0.011183597390493943,-44.099969696969694,0.08726415094339622,0.049382716049382616,-0.40213523131672596,0.22817181163618294,0.04810212084633718,-0.02631578947368421,0.043478260869565216,-0.07317073170731707,2.428571428571429,0.15688949522510232,0.11530398322851157,Auto Parts,Consumer Cyclical,VC
2022Q1,2022,Q1,2022-04-28,2022-03-31,23000000.0,818000000.0,41000000.0,0.81,76000000.0,0.0929095355,2243000000.0,541000000.0,1451000000.0,849000000.0,1601000000.0,331000000.0,1686000000.0,3055640000.0,3141640000.0,19.321428571428573,1.7090694935217903,0.21756576014266607,0.9020332717190388,0.02604396818382678,19.321428571428573,0.04251386321626617,3.7355012224938875,33.213478260869564,5.648133086876155,0.0,2.2416918429003023,0.0,0.36469014712438697,1.2237926972909305,0.010254123941150245,-72.75333333333333,0.09290953545232274,-0.3414634146341463,-0.5762471655328798,0.17217813051146388,0.14588764337851934,-0.23232323232323232,-0.34285714285714286,-0.06818181818181818,0.6545918367346938,0.11783291335530138,0.11881783514227057,Auto Parts,Consumer Cyclical,VC
2021Q4,2021,Q4,2022-02-17,2021-12-31,35000000.0,786000000.0,44000000.0,1.23,99000000.0,0.1259541985,2234000000.0,516000000.0,1424000000.0,852000000.0,1618000000.0,262000000.0,1664000000.0,3111920000.0,3157920000.0,18.428571428571427,1.6713615023474178,0.22291853178155774,0.9651162790697675,0.028885470983231423,18.428571428571427,0.06782945736434108,3.959185750636132,22.228,6.030852713178295,0.05714285714285714,2.622137404580153,0.0006426900434458469,0.35183527305282003,1.2816901408450705,0.01566696508504924,57.62814814814815,0.12595419847328243,5.833333333333334,19.6875,0.13868172268907566,0.040931253047293996,1.1063829787234043,6.0,7.8,-0.16569767441860458,0.10212038303693581,0.13741935483870948,Auto Parts,Consumer Cyclical,VC
2021Q3,2021,Q3,2021-10-28,2021-09-30,5000000.0,631000000.0,5000000.0,0.18,47000000.0,0.07448494453248812,2060000000.0,399000000.0,1233000000.0,711000000.0,1567000000.0,253000000.0,1633000000.0,2642920000.0,2753920000.0,14.25,1.7341772151898733,0.24660194174757283,1.2731829573934836,0.002998886128009596,14.25,0.012531328320802004,4.188462757527733,132.146,6.6238596491228074,0.0,2.308300395256917,0.0,0.3063106796116505,1.2784810126582278,0.0024271844660194173,-77.73294117647059,0.07448494453248812,1.4615384615384617,-0.7831632653061223,-0.0049165120593693025,-0.2523148148148148,0.34285714285714286,1.4545454545454546,1.5555555555555556,-0.7508503401360543,-0.030401720159429445,-0.1228466386554621,Auto Parts,Consumer Cyclical,VC
2021Q2,2021,Q2,2021-07-29,2021-06-30,-11000000.0,610000000.0,-9000000.0,-0.39,35000000.0,0.05737704918032787,2122000000.0,394000000.0,1244000000.0,755000000.0,1635000000.0,210000000.0,1628000000.0,3386320000.0,3438320000.0,14.071428571428571,1.647682119205298,0.24410933081998115,1.3147208121827412,-0.013156146179401992,14.071428571428571,-0.027918781725888325,5.551344262295082,-76.96181818181819,8.594720812182741,0.0,2.738095238095238,0.0,0.2874646559849199,1.2701986754966887,-0.0051837888784165885,-135.4528,0.05737704918032787,-1.6964285714285714,-1.5137362637362637,-0.04176677139160969,-0.22333024118738404,-0.5205479452054794,-1.6875,-1.3214285714285714,-1.3322448979591837,-0.14926498303807018,-0.1928017718715393,Auto Parts,Consumer Cyclical,VC
2021Q1,2021,Q1,2021-04-29,2021-03-31,16000000.0,746000000.0,28000000.0,0.56,73000000.0,0.09785522788203753,2171000000.0,384000000.0,1292000000.0,775000000.0,1665000000.0,188000000.0,1639000000.0,3402405000.0,3437405000.0,13.763440860215054,1.6670967741935483,0.23813910640257946,1.3463541666666667,0.01605359244394822,13.763440860215054,0.041666666666666664,4.560864611260054,53.162578125,8.8604296875,0.0,3.5797872340425534,0.0,0.34362045140488257,1.3303225806451613,0.007369875633348687,-486.05785714285713,0.09785522788203753,-0.12499999999999993,0.14997170345217872,0.2702383825382779,-0.10514147308158099,-0.1797752808988764,-0.1111111111111111,-0.2222222222222222,-0.7309070857457954,0.0018669696089051006,-0.17038548174593052,Auto Parts,Consumer Cyclical,VC
2020Q4,2020,Q4,2021-02-18,2020-12-31,18000000.0,787000000.0,36000000.0,0.64,89000000.0,0.11308767471410419,2271000000.0,387000000.0,1341000000.0,824000000.0,1761000000.0,177000000.0,1623000000.0,3489456000.0,3520456000.0,13.920863309352518,1.6274271844660195,0.23205636283575518,1.3617571059431524,0.022735884804850323,13.920863309352518,0.046511627906976744,4.433870393900889,48.464666666666666,9.016682170542635,0.0,3.943502824858757,0.0,0.3465433729634522,1.3349514563106797,0.007926023778071334,69.78912,0.11308767471410419,2.047619047619048,0.251798561151079,0.42071657877653396,-0.46529134308447284,-0.10101010101010101,2.0,-0.3333333333333333,-0.19712230215827337,0.10111659731186191,-0.3225325548038806,Auto Parts,Consumer Cyclical,VC
2020Q3,2020,Q3,2020-10-29,2020-09-30,6000000.0,747000000.0,54000000.0,0.21,99000000.0,0.13253012048192772,2164000000.0,385000000.0,1268000000.0,788000000.0,1662000000.0,164000000.0,1605000000.0,1924316000.0,1872316000.0,13.848920863309353,1.6091370558375635,0.17513863216266173,0.9844155844155844,0.02611218568665377,13.848920863309353,0.015584415584415584,2.57605890227577,80.17983333333333,4.998223376623376,0.0,3.951219512195122,0.0,0.3451940850277264,1.3172588832487309,0.0027726432532347504,20.916478260869564,0.13253012048192772,1.1296296296296295,0.7482014388489209,0.34685073723199655,-0.791105662955669,23.75,1.1333333333333333,2.4594594594594597,-0.8433996988455748,0.09589504866694872,-0.29742060010528154,Auto Parts,Consumer Cyclical,VC
2020Q2,2020,Q2,2020-07-30,2020-06-30,-45000000.0,371000000.0,-37000000.0,-1.62,4000000.0,0.01078167115902965,2320000000.0,358000000.0,1426000000.0,598000000.0,1852000000.0,170000000.0,1599000000.0,1904300000.0,1948300000.0,12.877697841726619,2.3846153846153846,0.3443965517241379,2.2318435754189943,-0.029409538228614685,12.877697841726619,-0.12569832402234637,5.13288409703504,-10.579444444444444,5.31927374301676,0.0,2.1588235294117646,0.0,0.15991379310344828,1.971571906354515,-0.01939655172413793,-32.27627118644068,0.01078167115902965,-0.2960000000000001,-1.0318169377541446,-0.28671545522202935,-0.7920788369304557,-0.9245283018867925,-0.2857142857142857,-36.0,-2.133093525179856,-0.4568763593776142,-0.2870870263367513,Auto Parts,Consumer Cyclical,VC
2020Q1,2020,Q1,2020-04-30,2020-03-31,-35000000.0,643000000.0,-1000000.0,-1.25,53000000.0,0.08242612752721618,2488000000.0,394000000.0,1583000000.0,729000000.0,1987000000.0,180000000.0,1644000000.0,1338642000.0,1330642000.0,14.121863799283155,2.1714677640603566,0.3271704180064309,2.065989847715736,-0.0008427360831499603,14.121863799283155,-0.08883248730964467,2.081869362363919,-9.56172857142857,3.3975685279187813,0.0,3.2777777777777777,0.0,0.2584405144694534,1.8271604938271604,-0.014067524115755627,-70.45484210526315,0.08242612752721618,-2.0080645161290325,-2.1139784946236557,-0.49567825667604676,-0.28990854735201355,-0.49038461538461536,-2.0,-1.02,-1.6471525288729592,-0.075290942077083,-0.16248070533448447,Auto Parts,Consumer Cyclical,VC
2019Q4,2019,Q4,2020-02-20,2019-12-31,35000000.0,744000000.0,50000000.0,1.24,104000000.0,0.13978494623655913,2271000000.0,480000000.0,1345000000.0,798000000.0,1676000000.0,169000000.0,1679000000.0,2424520000.0,2373520000.0,17.142857142857142,1.6854636591478698,0.18273888154997797,0.8645833333333334,0.03916040100250627,17.142857142857142,0.07291666666666667,3.258763440860215,17.318,5.051083333333334,0.0,3.78698224852071,0.0,0.3276089828269485,1.3759398496240602,0.015411712901805373,75.76625,0.13978494623655913,1.48,1.401268115942029,-0.42270020318083096,-0.12204789430222956,0.23809523809523808,1.5,0.5625,19.6875,0.07783613445378154,-0.03169185763042414,Auto Parts,Consumer Cyclical,VC
2019Q3,2019,Q3,2019-10-24,2019-09-30,14000000.0,731000000.0,32000000.0,0.5,84000000.0,0.11491108071135431,2164000000.0,474000000.0,1287000000.0,762000000.0,1580000000.0,192000000.0,1644000000.0,2311120000.0,2291120000.0,16.928571428571427,1.688976377952756,0.1954713493530499,0.8924050632911392,0.017578661458174383,16.928571428571427,0.029535864978902954,3.1615868673050618,41.27,4.875780590717301,0.0,3.3697916666666665,0.0,0.3378003696857671,1.337270341207349,0.006469500924214418,121.6378947368421,0.11491108071135431,1.0,2.0476190476190474,-0.4168963016678753,-0.3828855485856315,0.2,1.0,1.6666666666666667,-0.39285714285714285,0.15278293135435989,-0.11177248677248684,Auto Parts,Consumer Cyclical,VC
2019Q2,2019,Q2,2019-07-25,2019-06-30,7000000.0,733000000.0,12000000.0,0.25,70000000.0,0.09549795361527967,2192000000.0,477000000.0,1283000000.0,762000000.0,1599000000.0,187000000.0,1630000000.0,1583716000.0,1579716000.0,16.97508896797153,1.6837270341207349,0.19662408759124086,0.9035639412997903,0.0055762081784386614,16.97508896797153,0.014675052410901468,2.1605948158253754,56.56128571428572,3.3201593291404614,0.0,3.5454545454545454,0.0,0.3343978102189781,1.3425196850393701,0.0031934306569343066,68.85721739130435,0.09549795361527967,-0.4897959183673469,1.0742509470784065,-0.3237116119678397,-0.4017932034170216,0.06060606060606061,-0.5,0.3333333333333333,-0.6742403503969341,0.14735305897897455,-0.06306327124832461,Auto Parts,Consumer Cyclical,VC
2019Q1,2019,Q1,2019-04-25,2019-03-31,14000000.0,737000000.0,9000000.0,0.49,66000000.0,0.08955223880597014,2182000000.0,487000000.0,1283000000.0,739000000.0,1577000000.0,195000000.0,1623000000.0,2016017999.9999998,2016017999.9999998,17.26950354609929,1.736129905277402,0.19798350137488543,0.8870636550308009,0.012021036814425245,17.26950354609929,0.028747433264887063,2.7354382632293075,36.000321428571425,4.139667351129363,0.0,3.4410256410256412,0.0,0.3377635197066911,1.3667117726657645,0.006416131989000917,-61.09145454545454,0.08955223880597014,-0.6711409395973155,0.26465098917506524,-0.361795163564277,-0.5671444994141867,-0.3125,-0.6744186046511628,-0.7857142857142857,-0.004479283314669705,0.24156364408128628,0.1228124319221552,Auto Parts,Consumer Cyclical,VC
2018Q4,2018,Q4,2019-02-21,2018-12-31,43000000.0,731000000.0,42000000.0,1.49,96000000.0,0.13132694938440492,2007000000.0,465000000.0,1296000000.0,721000000.0,1425000000.0,184000000.0,1609000000.0,1730036000.0,1672036000.0,16.202090592334496,1.7975034674063801,0.20179372197309417,0.8709677419354839,0.04724871606749816,16.202090592334496,0.09247311827956989,2.366670314637483,10.058348837209303,3.72050752688172,0.0,3.4510869565217392,0.0,0.36422521175884404,1.447988904299584,0.02142501245640259,26.212666666666667,0.13132694938440492,1.0985915492957747,-0.8580597836053548,-0.36779334669167496,-0.589884581881533,0.17073170731707318,1.0476190476190477,0.0,1.8966318234610913,0.27824173173746575,-0.3776680434732445,Auto Parts,Consumer Cyclical,VC
2018Q3,2018,Q3,2018-10-25,2018-09-30,21000000.0,681000000.0,42000000.0,0.71,82000000.0,0.12041116005873716,1998000000.0,476000000.0,1304000000.0,695000000.0,1407000000.0,222000000.0,1566000000.0,2729881000.0,2670881000.0,16.245733788395903,1.8762589928057554,0.19019019019019018,0.7983193277310925,0.035265771028037386,16.245733788395903,0.04411764705882353,4.0086358296622615,32.498583333333336,5.7350441176470595,0.0,2.6981981981981984,0.0,0.3408408408408408,1.4302158273381296,0.010510510510510511,-59.345239130434784,0.12041116005873716,-0.39316239316239315,-0.1766013175648861,-0.3374664463565125,-0.3887743723177779,-0.21153846153846154,-0.4,-0.14285714285714285,4.805460750853243,0.164992565809482,-0.7549526188342517,Auto Parts,Consumer Cyclical,VC
2018Q2,2018,Q2,2018-07-26,2018-06-30,35000000.0,758000000.0,49000000.0,1.17,104000000.0,0.13720316622691292,2036000000.0,516000000.0,1336000000.0,703000000.0,1420000000.0,197000000.0,1545000000.0,3825504000.0000005,3678504000.0000005,17.43243243243243,1.9004267425320056,0.1856581532416503,0.7325581395348837,0.04138702460850112,17.43243243243243,0.06782945736434108,5.0468390501319265,27.32502857142857,7.413767441860466,0.0,3.3197969543147208,0.0,0.37229862475442044,1.5135135135135136,0.01719056974459725,191.2752,0.13720316622691292,-0.44549763033175355,-0.09043659043659046,-0.32325295697388723,-0.3553094514632976,-0.1937984496124031,-0.46153846153846156,-0.4235294117647059,-0.976758348021935,0.3687092264678471,-0.7185388513513513,Auto Parts,Consumer Cyclical,VC
2018Q1,2018,Q1,2018-04-26,2018-03-31,65000000.0,814000000.0,85000000.0,2.11,129000000.0,0.15847665847665848,2145000000.0,506000000.0,1417000000.0,787000000.0,1530000000.0,199000000.0,1510000000.0,3362320000.0,3221320000.0,16.59016393442623,1.8005082592121981,0.1780885780885781,0.7549407114624506,0.07287827600327601,16.59016393442623,0.12845849802371542,4.130614250614251,12.931999999999999,6.644901185770751,0.2153846153846154,3.442211055276382,0.004163791667658046,0.37948717948717947,1.4409148665819569,0.030303030303030304,90.87351351351352,0.15847665847665848,1.670886075949367,0.5937277263007842,-0.25801300169587343,-0.34452338513293,-0.07857142857142857,1.6,0.11842105263157894,0.8924590163934427,-0.41598300058980847,-0.1657947013719994,Auto Parts,Consumer Cyclical,VC
2017Q4,2017,Q4,2018-02-22,2017-12-31,25000000.0,797000000.0,76000000.0,0.79,140000000.0,0.17565872020075282,2304000000.0,637000000.0,1603000000.0,801000000.0,1543000000.0,189000000.0,1445000000.0,3879340000.0,3566340000.0,20.548387096774192,2.0012484394506864,0.17057291666666666,0.6169544740973313,0.044271844660194175,20.548387096774192,0.03924646781789639,4.867427854454204,38.793400000000005,6.090015698587128,0.0,3.4761904761904763,0.0,0.3459201388888889,1.6953807740324593,0.010850694444444444,69.27392857142857,0.17565872020075282,-0.4148148148148148,0.06699751861042176,-0.2722877921894078,-0.2344427623151276,0.20689655172413793,-0.4186046511627907,0.22580645161290322,1.2588826554464705,-0.4414228986378522,0.0523624836845049,Auto Parts,Consumer Cyclical,VC
2017Q3,2017,Q3,2017-10-26,2017-09-30,43000000.0,765000000.0,62000000.0,1.35,116000000.0,0.15163398692810456,2279000000.0,615000000.0,1596000000.0,810000000.0,1546000000.0,174000000.0,1420000000.0,3861624000.0,3520624000.0,19.71153846153846,1.9703703703703703,0.17156647652479157,0.6357723577235772,0.052665823242364,19.71153846153846,0.06991869918699187,5.047874509803922,22.451302325581395,6.279063414634146,0.0,3.7298850574712645,0.0,0.3356735410267661,1.6839506172839507,0.018867924528301886,167.89669565217392,0.15163398692810456,-0.04255319148936158,3.8972222222222226,-0.1952740147783251,-0.2991160773849233,0.03571428571428571,-0.044444444444444446,0.05084745762711865,3.8876678876678876,-0.452362358453729,-0.28143521764068585,Auto Parts,Consumer Cyclical,VC
2017Q2,2017,Q2,2017-07-27,2017-06-30,45000000.0,774000000.0,59000000.0,1.41,112000000.0,0.14470284237726097,2246000000.0,569000000.0,1577000000.0,805000000.0,1541000000.0,165000000.0,1377000000.0,3214890000.0,2873890000.0,18.063492063492063,1.9590062111801243,0.1731967943009795,0.6836555360281195,0.05096825282557051,18.063492063492063,0.07908611599297012,4.153604651162791,17.8605,5.650070298769772,0.0,4.012121212121212,0.0,0.3446126447016919,1.693167701863354,0.020035618878005344,39.69,0.14470284237726097,-0.2617801047120419,0.015238095238095307,-0.2264281495232469,-0.32813389603340753,-0.1450381679389313,-0.2857142857142857,-0.2625,1.4258064516129032,-0.3629629629629629,-0.3634375794558861,Auto Parts,Consumer Cyclical,VC
2017Q1,2017,Q1,2017-04-27,2017-03-31,63000000.0,810000000.0,80000000.0,1.91,131000000.0,0.1617283950617284,2238000000.0,548000000.0,1580000000.0,823000000.0,1558000000.0,162000000.0,1332000000.0,3183375000.0,2891375000.0,16.861538461538462,1.919805589307412,0.1769436997319035,0.7226277372262774,0.06666666666666667,16.861538461538462,0.11496350364963503,3.9300925925925925,12.632440476190476,5.8090784671532845,0.015873015873015872,4.191358024691358,0.00031413201397887465,0.36193029490616624,1.654921020656136,0.028150134048257374,-75.79464285714286,0.1617283950617284,30.833333333333332,4.469177718832891,-0.2466466556157878,-0.3740244305051172,0.015503875968992248,30.5,0.1111111111111111,3.9379757085020244,-0.39138399441123956,-0.5773700354539298,Auto Parts,Consumer Cyclical,VC
2016Q4,2016,Q4,2017-02-23,2016-12-31,2000000.0,816000000.0,72000000.0,0.06,129000000.0,0.15808823529411764,2373000000.0,586000000.0,1708000000.0,911000000.0,1649000000.0,151000000.0,1269000000.0,2659254000.0,2163254000.0,17.70392749244713,1.8748627881448958,0.16097766540244415,0.6518771331058021,0.06781720952843948,17.70392749244713,0.0034129692832764505,3.258889705882353,332.40675,4.537976109215018,0.0,4.549668874172186,0.0,0.3438685208596713,1.646542261251372,0.0008428150021070375,42.21038095238095,0.15808823529411764,-0.9259259259259258,1.1206135254473624,-0.31174379884582065,-0.2969901783794905,0.22857142857142856,-0.9285714285714286,0.38461538461538464,-0.9942757195102561,-0.38809254156007267,-0.551869335347432,Auto Parts,Consumer Cyclical,VC
2016Q3,2016,Q3,2016-10-27,2016-09-30,28000000.0,770000000.0,52000000.0,0.81,105000000.0,0.13636363636363635,2373000000.0,648000000.0,1727000000.0,869000000.0,1579000000.0,176000000.0,1267000000.0,2436440000.0,1957440000.0,19.058823529411764,1.9873417721518987,0.15634218289085547,0.5725308641975309,0.042525351651946354,19.058823529411764,0.043209876543209874,3.164207792207792,21.75392857142857,3.759938271604938,0.0,3.778409090909091,0.0,0.32448377581120946,1.6939010356731876,0.011799410029498525,487.288,0.13636363636363635,0.06578947368421058,0.03443328550932566,-0.4274307661208813,-0.2851206032303672,-0.03669724770642202,0.07692307692307693,-0.05454545454545454,-0.05389876880984956,-0.3544346763517871,-0.28293535235876527,Auto Parts,Consumer Cyclical,VC
2016Q2,2016,Q2,2016-07-28,2016-06-30,26000000.0,773000000.0,55000000.0,0.76,109000000.0,0.1410090556274256,2344000000.0,616000000.0,1711000000.0,870000000.0,1580000000.0,187000000.0,1239000000.0,2237540000.0,1763540000.0,18.11764705882353,1.9666666666666666,0.15870307167235495,0.6038961038961039,0.04523026315789474,18.11764705882353,0.04220779220779221,2.8946183699870636,21.514807692307695,3.63237012987013,0.0,3.550802139037433,0.0,0.329778156996587,1.650574712643678,0.011092150170648464,37.29233333333333,0.1410090556274256,0.5510204081632654,0.5,-0.46763085399449034,-0.35966735966735963,-0.09917355371900827,0.3684210526315789,-0.15384615384615385,-0.411764705882353,-0.3991729884342744,-0.32996867386007656,Auto Parts,Consumer Cyclical,VC
2016Q1,2016,Q1,2016-04-28,2016-03-31,19000000.0,802000000.0,65000000.0,0.49,121000000.0,0.15087281795511223,2368000000.0,586000000.0,1732000000.0,928000000.0,1636000000.0,182000000.0,1213000000.0,3032379000.0,2613379000.0,15.380577427821523,1.8663793103448276,0.16131756756756757,0.6518771331058021,0.04933378310001686,15.380577427821523,0.032423208191126277,3.7810211970074814,39.89972368421053,5.17470819112628,91.36842105263158,3.741758241758242,0.572487805778895,0.33868243243243246,1.5700431034482758,0.008023648648648648,-36.53468674698795,0.15087281795511223,-0.057692307692307744,-0.35170603674540685,-0.45908345339245166,-0.428721409823772,0.06140350877192982,-0.09523809523809523,0.27450980392156865,-0.6270683555859865,-0.4147773554167798,-0.3923140924382921,Auto Parts,Consumer Cyclical,VC
2015Q4,2015,Q4,2016-02-25,2015-12-31,21000000.0,809000000.0,51000000.0,0.52,114000000.0,0.14091470951792337,4682000000.0,1057000000.0,4053000000.0,2772000000.0,3483000000.0,187000000.0,1194000000.0,4648700000.0,2304700000.0,26.03448275862069,1.4621212121212122,0.08201623237932508,0.3632923368022706,0.028650738574402694,26.03448275862069,0.019867549668874173,5.746229913473424,55.34166666666666,4.398013245033113,0.0,3.716577540106952,0.0,0.172789406236651,1.358946608946609,0.00448526270824434,166.025,0.14091470951792337,3.3333333333333335,-0.698075380914194,-0.4699042711213097,0.037246852764094215,0.08571428571428572,3.2,0.10869565217391304,-0.31564986737400524,-0.4359916664189652,-0.030051039462218345,Auto Parts,Consumer Cyclical,VC
2015Q3,2015,Q3,2015-11-05,2015-09-30,5000000.0,808000000.0,46000000.0,0.12,105000000.0,0.12995049504950495,4866000000.0,2685000000.0,3891000000.0,959000000.0,2018000000.0,202000000.0,2924000000.0,4100220000.0,1622220000.0,66.29629629629629,4.0573514077163715,0.07850390464447185,0.14227188081936684,0.010160185954542109,66.29629629629629,0.00186219739292365,5.074529702970297,205.011,1.5270837988826815,0.0,3.48019801980198,0.0,0.16605014385532266,3.724713242961418,0.0010275380189066995,100.00536585365853,0.12995049504950495,-0.9975869696360347,1.1141093474426806,0.49226004424463,8.827318194106514,0.06060606060606061,-0.9977355072463768,0.35294117647058826,-0.5613168724279836,-0.3452168095846257,1.357299928347293,Auto Parts,Consumer Cyclical,VC
2015Q2,2015,Q2,2015-08-05,2015-06-30,2208000000.0,812000000.0,34000000.0,49.73,99000000.0,0.12192118226600986,4938000000.0,2688000000.0,3927000000.0,1001000000.0,2088000000.0,204000000.0,2919000000.0,4556132000.0,2077132000.0,61.935483870967744,3.923076923076923,0.07654921020656136,0.140625,0.008098976084200033,61.935483870967744,0.8214285714285714,5.611,0.5158663949275362,1.6949895833333333,0.0,3.4950980392156863,0.0,0.1644390441474281,3.5874125874125875,0.4471445929526124,-126.55922222222222,0.12192118226600986,44.209090909090904,33.75273402572392,0.24474666224396727,8.305789984414973,-0.5330188679245284,43.16,-0.7068965517241379,35.155576036866364,-0.4109711716174761,1.3036715215091286,Auto Parts,Consumer Cyclical,VC
2015Q1,2015,Q1,2015-05-07,2015-03-31,50000000.0,2029000000.0,116000000.0,1.1,212000000.0,0.10448496796451454,5339000000.0,883000000.0,3252000000.0,1929000000.0,3516000000.0,541000000.0,711000000.0,4280160000.0000005,4330160000.0,19.88738738738739,1.6858475894245724,0.17924705000936506,1.0838052095130237,0.06237280296022202,19.88738738738739,0.056625141562853906,2.109492360768852,21.4008,4.847293318233295,0.0,3.358595194085028,0.0,0.38003371417868514,1.312597200622084,0.009365049634763064,36.27254237288136,0.10448496796451454,1.3525641025641026,-0.3702393380504968,2.12735043341661,4.540063629202973,-0.09012875536480687,1.3623188405797102,-0.09375,3.015377446411929,0.38132585118607254,-0.26169141244248534,Auto Parts,Consumer Cyclical,VC
2014Q4,2014,Q4,2015-02-26,2014-12-31,-138000000.0,2039000000.0,128000000.0,-3.12,233000000.0,0.114271701814615,5323000000.0,865000000.0,3134000000.0,1832000000.0,3502000000.0,537000000.0,661000000.0,4733898000.0,4892898000.0,19.525959367945823,1.710698689956332,0.18429457073079092,1.1341040462427745,0.034081936206548286,19.525959367945823,-0.15953757225433526,2.3216763119176065,-8.575902173913043,5.472714450867052,0.0,3.363128491620112,0.0,0.38305466842006386,1.3040393013100438,-0.02592523013338343,-175.32955555555554,0.114271701814615,-5.500000000000001,-2.470654627539503,1.952894914380155,4.295637960677903,0.21354166666666666,-5.571428571428571,0.5058823529411764,-5.218267060253516,0.284995088259544,-0.2246386448382646,Auto Parts,Consumer Cyclical,VC
2014Q3,2014,Q3,2014-11-06,2014-09-30,-21000000.0,1970000000.0,85000000.0,-0.48,192000000.0,0.09746192893401015,5693000000.0,1207000000.0,3475000000.0,1971000000.0,3516000000.0,562000000.0,799000000.0,4279000000.0,4324000000.0,27.431818181818183,1.763064434297311,0.1723168803794133,0.8127589063794531,0.022412459569680774,27.431818181818183,-0.01739850869925435,2.1720812182741116,-50.94047619047619,3.545153272576636,0.0,3.1637010676156585,0.0,0.34603899525733356,1.2252663622526636,-0.003688740558580713,-147.55172413793105,0.09746192893401015,0.8567164179104477,-0.6252392344497609,2.343099197398101,4.5819145032565824,-0.010309278350515464,0.864516129032258,-0.16666666666666666,-1.59950110864745,0.13195653144106756,0.028942925246639745,Auto Parts,Consumer Cyclical,VC
2014Q2,2014,Q2,2014-08-06,2014-06-30,-155000000.0,1782000000.0,102000000.0,-3.35,194000000.0,0.10886644219977554,5649000000.0,1311000000.0,3625000000.0,1933000000.0,3428000000.0,462000000.0,820000000.0,4481862000.0,4124862000.0,28.376623376623378,1.8753233316088982,0.16427686316162152,0.7078565980167811,0.016820696052495965,28.376623376623378,-0.11823035850495804,2.5150740740740742,-7.228809677419354,3.418659038901602,0.0,3.4372294372294374,0.0,0.3154540626659586,1.2488360062079669,-0.02743848468755532,-101.8605,0.10886644219977554,-9.81578947368421,-2.8761982065553497,2.1810980606391692,4.7127755964965266,-0.005128205128205128,-9.157894736842104,0.009900990099009901,-7.580919080919082,-0.09681227863046045,0.0029160029160030087,Auto Parts,Consumer Cyclical,VC
2014Q1,2014,Q1,2014-05-08,2014-03-31,19000000.0,1982000000.0,101000000.0,0.38,195000000.0,0.09838546922300706,6120000000.0,1931000000.0,3917000000.0,2343000000.0,3277000000.0,489000000.0,975000000.0,4280496000.0,3275496000.0,39.896694214876035,1.6717883055911225,0.11813725490196078,0.37441740031071985,0.02200815318546227,39.896694214876035,0.00983946141895391,2.159685166498486,56.32231578947368,2.2167250129466596,0.0,3.65439672801636,0.0,0.3238562091503268,1.2987622705932564,0.0031045751633986926,97.284,0.09838546922300706,-0.9631782945736433,24.398760330578515,2.919366472688151,6.188575106939656,-0.034653465346534656,-0.9629629629629629,0.020202020202020204,-0.4896694214876033,0.05229901186681347,0.4818772136953956,Auto Parts,Consumer Cyclical,VC
2013Q4,2013,Q4,2014-02-25,2013-12-31,513000000.0,1958000000.0,99000000.0,10.32,202000000.0,0.10316649642492338,6027000000.0,1920000000.0,3753000000.0,1802000000.0,3154000000.0,472000000.0,956000000.0,3979854000.0,3032854000.0,39.50617283950617,2.0826859045504995,0.1211216193794591,0.3802083333333333,0.03332303986659667,39.50617283950617,0.2671875,2.032611848825332,1.9395,2.072840625,0.0,3.7203389830508473,0.0,0.32487141197942593,1.611542730299667,0.08511697361871579,142.13764285714285,0.10316649642492338,11.141176470588237,4.9476557482337835,2.1235924027349364,6.763358247386808,0.4125874125874126,10.930232558139535,0.7678571428571429,5.161498708010336,0.07178638333322412,0.573976092494611,Auto Parts,Consumer Cyclical,VC
2013Q3,2013,Q3,2013-11-07,2013-09-30,43000000.0,1733000000.0,56000000.0,0.85,143000000.0,0.08251586843623773,5304000000.0,1313000000.0,2724000000.0,1633000000.0,3219000000.0,454000000.0,443000000.0,3736616000.0,3706616000.0,26.57894736842105,1.6680955296999387,0.1521493212669683,0.6146230007616146,0.01981132075471698,26.57894736842105,0.03274942878903275,2.1561546451240625,21.724511627906978,2.845861386138614,0.0,3.502202643171806,0.0,0.3267345399698341,1.210042865890998,0.008107088989441931,-128.8488275862069,0.08251586843623773,-0.3410852713178295,1.599125678353002,1.151411247769442,7.489275074478648,-0.22702702702702704,-0.3384615384615385,-0.40425531914893614,1.8045401966454597,1.6239755680887413,4.1380618517095655,Auto Parts,Consumer Cyclical,VC
2013Q2,2013,Q2,2013-08-08,2013-06-30,65000000.0,1892000000.0,94000000.0,1.29,185000000.0,0.09778012684989429,5422000000.0,1352000000.0,2942000000.0,1750000000.0,3325000000.0,415000000.0,400000000.0,3173000000.0,2989000000.0,27.04,1.681142857142857,0.14736259682773883,0.5909763313609467,0.03006601580660158,27.04,0.04807692307692308,1.677061310782241,12.203846153846154,2.3468934911242605,0.0,4.113253012048193,0.0,0.34894872740686095,1.250857142857143,0.01198819623755072,-211.53333333333333,0.09778012684989429,-0.030075187969924838,5.0625,0.7096385542168676,18.144927536231883,0.2012987012987013,-0.057971014492753624,0.38235294117647056,1.8369154228855722,1.5174786632390749,4.18958614402917,Auto Parts,Consumer Cyclical,VC
2013Q1,2013,Q1,2013-05-09,2013-03-31,69000000.0,1856000000.0,68000000.0,1.33,154000000.0,0.08297413793103449,5367000000.0,1306000000.0,2870000000.0,1743000000.0,3328000000.0,427000000.0,335000000.0,2960808000.0,2757808000.0,25.310077519379846,1.6465863453815262,0.14477361654555618,0.5949464012251149,0.041548465936368004,25.310077519379846,0.052833078101071976,1.5952629310344828,10.727565217391305,2.2670811638591117,0.0,3.9859484777517564,0.0,0.34581702999813674,1.2398164084911072,0.012856344326439352,50.183186440677964,0.08297413793103449,0.7733333333333334,2.650875686600221,0.630296208597604,25.124529294915643,-0.2222222222222222,0.7692307692307693,-0.2916666666666667,-0.25219582792693884,1.4615334505895383,5.505332104884144,Auto Parts,Consumer Cyclical,VC
2012Q4,2012,Q4,2013-02-28,2012-12-31,39000000.0,1823000000.0,96000000.0,0.75,198000000.0,0.1086121777290181,5156000000.0,1385000000.0,2663000000.0,1552000000.0,3015000000.0,385000000.0,266000000.0,2777112000.0,2521112000.0,26.84108527131783,1.7158505154639174,0.11035686578743212,0.4108303249097473,0.03731391627690036,26.84108527131783,0.02815884476534296,1.5233746571585298,17.802,2.0051350180505416,0.0,4.220779220779221,0.0,0.3535686578743212,1.3917525773195876,0.0075640031031807605,-396.73028571428574,0.1086121777290181,1.6785714285714284,3.2785089102217415,0.6024298412317393,39.659999472437555,0.5348837209302325,1.6,1.4,-0.6431791371755983,1.2665821243592534,5.530302345664136,Auto Parts,Consumer Cyclical,VC
2012Q3,2012,Q3,2012-11-01,2012-09-30,15000000.0,1624000000.0,40000000.0,0.28,129000000.0,0.07943349753694581,5170000000.0,1499000000.0,2761000000.0,1576000000.0,2948000000.0,408000000.0,227000000.0,2398500000.0,2092500000.0,28.123827392120074,1.7519035532994924,0.11508704061895551,0.39693128752501666,0.010347023241006049,28.123827392120074,0.01000667111407605,1.4769088669950738,39.975,1.6000667111407605,0.0,3.6642156862745097,0.0,0.31411992263056093,1.3128172588832487,0.0029013539651837525,21.415178571428573,0.07943349753694581,-0.7999999999999999,1.3350308234504362,0.552914800835361,23.527169248720263,0.0078125,-0.8,-0.024390243902439025,1.9583292189197194,1.275068773147672,4.6722737280931765,Auto Parts,Consumer Cyclical,VC
2012Q2,2012,Q2,2012-08-02,2012-06-30,75000000.0,1693000000.0,41000000.0,1.4,128000000.0,0.07560543414057885,5044000000.0,1433000000.0,2678000000.0,1559000000.0,2916000000.0,380000000.0,212000000.0,1998750000.0,1914750000.0,26.885553470919323,1.7177677998717127,0.1183584456780333,0.41660851360781576,0.01351770683836934,26.885553470919323,0.052337752965806,1.1805965741287654,6.6625000000000005,1.39480111653873,0.0,4.118421052631579,0.0,0.33564631245043614,1.3559974342527261,0.01486915146708961,-32.76639344262295,0.07560543414057885,3.4999999999999996,3.706018187673266,0.37613247722916937,34.96176630283633,-0.04477611940298507,3.586206896551724,-0.046511627906976744,2.6257370678102387,1.6196367949853936,4.517685155851325,Auto Parts,Consumer Cyclical,VC
2012Q1,2012,Q1,2012-05-02,2012-03-31,-29000000.0,1717000000.0,43000000.0,-0.56,134000000.0,0.07804309842748981,5158000000.0,1398000000.0,2687000000.0,1706000000.0,3067000000.0,381000000.0,137000000.0,2750700000.0,2650700000.0,26.936416184971097,1.5750293083235638,0.11554866227219852,0.4263233190271817,-0.02322351670395803,26.936416184971097,-0.02074391988555079,1.6020384391380313,-23.71293103448276,1.9675965665236053,0.0,4.15485564304462,0.0,0.3328809616130283,1.1060961313012896,-0.005622334238076774,-80.90294117647059,0.07804309842748981,-0.11785372085595676,0.5304480157920587,0.453197646211967,33.67220302868361,-0.10067114093959731,-0.11538461538461539,-0.47560975609756095,-37.152215799614645,2.1663616878156673,4.503087692799256,Auto Parts,Consumer Cyclical,VC
2011Q4,2011,Q4,2012-02-27,2011-12-31,-26000000.0,1859000000.0,82000000.0,-0.50096,149000000.0,0.08015061861215707,4973000000.0,1307000000.0,2498000000.0,1557000000.0,2976000000.0,381000000.0,166000000.0,2591886000.0,2491886000.0,25.183044315992294,1.6043673731535004,0.1252764930625377,0.47666411629686306,-0.0074977141115513575,25.183044315992294,-0.019892884468247895,1.3942366863905324,-24.921980769230768,1.983080336648814,0.0,4.488188976377953,0.0,0.37381862055097526,1.2658959537572254,-0.005228232455258395,55.14651063829787,0.08015061861215707,-1.6341265822784812,-0.6515276685934491,0.6210084138939923,18.222446778071582,0.006756756756756757,-1.6341463414634145,0.7446808510638298,0.8126454831991268,1.7770901085301387,4.673828561994817,Auto Parts,Consumer Cyclical,VC
2011Q3,2011,Q3,2011-11-03,2011-09-30,41000000.0,2037000000.0,47000000.0,0.79,148000000.0,0.07265586647029947,5234000000.0,1373000000.0,2704000000.0,1735000000.0,3167000000.0,406000000.0,192000000.0,2214500000.0,2044500000.0,26.660194174757283,1.5585014409221902,0.1123423767672908,0.4282592862345229,0.01691813900470948,26.660194174757283,0.02986161689730517,1.0871379479626901,13.503048780487806,1.6128914785142023,0.0,4.652709359605911,0.0,0.38918609094382883,1.2426512968299712,0.007833397019487964,-92.27083333333333,0.07265586647029947,0.5800000000000001,1.576896019965992,0.9400203619150159,34.52411469826766,-0.24873096446700507,0.5769230769230769,-0.29850746268656714,1.5479652964263582,1.425691805089035,7.5091115588935695,Auto Parts,Consumer Cyclical,VC
2011Q2,2011,Q2,2011-08-04,2011-06-30,26000000.0,2178000000.0,67000000.0,0.5,197000000.0,0.09044995408631772,5594000000.0,1443000000.0,2978000000.0,1926000000.0,3438000000.0,419000000.0,151000000.0,3488910000.0,3245910000.0,28.294117647058822,1.546209761163032,0.10654272434751519,0.41302841302841303,0.01853598420543001,28.294117647058822,0.018018018018018018,1.6018870523415978,33.54721153846154,2.417817047817048,0.0,4.727923627684964,0.0,0.3893457275652485,1.259086188992731,0.004647836968180193,-3488.91,0.09044995408631772,-0.3333333333333333,0.30718954039215685,0.8244295612834938,62.63949078224974,0.3221476510067114,-0.3333333333333333,0.3673469387755102,2.593137254901961,0.9294826364280652,18.94011082693947,Auto Parts,Consumer Cyclical,VC
2011Q1,2011,Q1,2011-05-05,2011-03-31,39000000.0,1973000000.0,49000000.0,0.75,149000000.0,0.07551951343132286,5449000000.0,1365000000.0,2860000000.0,1936000000.0,3391000000.0,414000000.0,125000000.0,3168243000.0,2903243000.0,26.923076923076923,1.4772727272727273,0.10387227014131033,0.4146520146520147,0.016916968755394442,26.923076923076923,0.02857142857142857,1.605799797263051,20.30925,2.3210571428571427,0.0,4.405797101449275,0.0,0.3620847861993026,1.0697314049586777,0.007157276564507249,-30.17374285714286,0.07551951343132286,-0.5481927710843373,37.46153846153846,0.9713874051026262,270.2307692307692,-0.38934426229508196,-0.5465116279069767,-0.5916666666666667,1.9496676190476192,0.7638326367222522,26.661974264705883,Auto Parts,Consumer Cyclical,VC
2010Q4,2010,Q4,2011-03-09,2010-12-31,86000000.0,1887000000.0,120000000.0,1.66,244000000.0,0.1293057763645999,5208000000.0,1260000000.0,2702000000.0,1842000000.0,3948000000.0,364000000.0,115000000.0,2194304226.68508,1850304226.68508,25.099601593625497,1.4668838219326819,0.1077188940092166,0.4452380952380952,0.05580060583514907,25.099601593625497,0.06825396825396825,1.1628533262772018,6.378791356642674,1.7415112910199049,0.0,4.513736263736264,0.0,0.3623271889400922,1.1465798045602607,0.01651305683563748,35.39200365621097,0.1293057763645999,2.5343136303431777,-0.807943115430654,0.9680440541498926,79.43625498007968,5.1,1.6142857142857143,2.142857142857143,6.164527091633465,0.704944475492014,37.15168964143426,Auto Parts,Consumer Cyclical,VC
2010Q3,2010,Q3,2010-10-27,2010-09-30,-140000000.0,1730000000.0,-105000000.0,-1.081917,40000000.0,0.023121387283236993,5147000000.0,-1096000000.0,2877000000.0,1693000000.0,5884000000.0,395000000.0,-4684000000.0,4414529071.27184,3636529071.27184,-8.469860896445132,1.6993502658003543,0.02720031086069555,-0.12773722627737227,0.1298982137109752,-8.469860896445132,0.12773722627737227,2.5517509082496184,-7.883087627271144,-4.0278549920363504,0.0,4.2784810126582276,0.0,0.3361181270643093,1.1836975782634376,-0.02720031086069555,-21.639848388587453,0.023121387283236993,0.303482276384242,0.3402947950033227,-0.5905171578303461,0.2524043992607083,-0.6153846153846154,0.3034825870646766,-3.5652173913043477,-0.28799588077648414,-0.3186023363314397,-5.784353611158815,Auto Parts,Consumer Cyclical,VC
2010Q2,2010,Q2,2010-08-09,2010-06-30,-201000000.0,1945000000.0,-23000000.0,-1.553323,104000000.0,0.05347043701799486,4974000000.0,-1097000000.0,2828000000.0,1720000000.0,5744000000.0,351000000.0,-4544000000.0,4414529071.27184,3653529071.27184,-8.47758887171561,1.6441860465116278,0.04382790510655408,-0.19872379216043756,0.0364677111606783,-8.47758887171561,0.18322698268003645,2.269680756437964,-5.490707800089353,-4.024183291952452,0.0,5.245014245014245,0.0,0.39103337354242057,1.169186046511628,-0.040410132689987936,47.984011644259134,0.05347043701799486,-1.8686609465149222,0.8423022307568422,-0.6223936926020586,0.13019745094785976,-0.7511961722488039,-1.8626609442060085,-1.0754098360655737,-1.987159675425039,-0.34879785152413134,-9.708869816801528,Auto Parts,Consumer Cyclical,VC
2010Q1,2010,Q1,2010-04-30,2010-03-31,233000000.0,1904000000.0,305000000.0,1.788181,418000000.0,0.21953781512605042,5098000000.0,-732000000.0,2842000000.0,1731000000.0,5506000000.0,353000000.0,-4343000000.0,4445232905.61608,3707232905.6160803,-5.617805065234076,1.6418255343731947,0.04433111023930953,-0.3087431693989071,-0.5475683736553302,-5.617805065234076,-0.31830601092896177,2.334681147907605,4.76956320345073,-6.072722548655847,0.0,4.209631728045326,0.0,0.37347979599843073,1.2755632582322356,0.045704197724597884,296.3488603744054,0.21953781512605042,-0.15651839622641514,2.375523934619966,-0.6326099324706247,-7.125098480429777,0.17415730337078653,-0.15579710144927536,0.3926940639269406,2.5026732155056957,-0.3581341399587455,-5.814049293213051,Auto Parts,Consumer Cyclical,VC
2009Q4,2009,Q4,2010-02-26,2009-12-31,276000000.0,2031000000.0,219000000.0,2.12,356000000.0,0.17528311176760217,5019000000.0,-772000000.0,2705000000.0,1665000000.0,5474000000.0,319000000.0,-4576000000.0,4445232905.61608,3714232905.6160803,-5.9247889485802,1.6246246246246245,0.04602510460251046,-0.29922279792746115,-0.3828896711680422,-5.9247889485802,-0.35751295336787564,2.188691730977883,4.026479081173986,-5.758073711937928,0.0,5.2507836990595615,0.0,0.4046622833233712,1.2114114114114114,0.05499103407053198,19.49663555094772,0.17528311176760217,8.310344827586208,2.3279414328472754,-0.5806944068554025,-2.8252515510417275,2.0689655172413794,8.263157894736842,9.428571428571429,7.983040007084243,-0.2945946570135849,-3.05190734916151,Auto Parts,Consumer Cyclical,VC
2009Q3,2009,Q3,2009-10-29,2009-09-30,-38000000.0,1733000000.0,21000000.0,-0.29,116000000.0,0.06693594922100404,4907000000.0,-991000000.0,2524000000.0,1509000000.0,5606000000.0,360000000.0,-4852000000.0,4414529071.27184,3904529071.27184,-7.658423493044822,1.6726308813783963,0.04116568167923375,-0.20383451059535823,-0.12243346007604561,-7.658423493044822,0.03834510595358224,2.5473335668042933,-29.04295441626211,-4.454620657186519,0.0,4.491666666666666,0.0,0.35316894232728757,1.218025182239894,-0.0077440391277766455,80.26416493221528,0.06693594922100404,0.6666666666666667,0.9729592024615874,-0.5962552587085761,-2.9693345558397786,0.45,0.6607142857142857,2.235294117647059,0.7872006802364673,-0.3431188875557434,-8.630157451434977,Auto Parts,Consumer Cyclical,VC
2009Q2,2009,Q2,2009-08-06,2009-06-30,-112000000.0,1569000000.0,-17000000.0,-0.87,80000000.0,0.05098789037603569,4647000000.0,-989000000.0,2277000000.0,1277000000.0,5369000000.0,329000000.0,-4814000000.0,4414529071.27184,3965529071.27184,-7.642967542503864,1.7830853563038371,0.04260813428018076,-0.20020222446916078,0.031289506953223765,-7.642967542503864,0.11324570273003033,2.8135940543478903,-9.85385953408893,-4.463628990163641,0.0,4.525835866261398,0.0,0.3376371852808263,1.288175411119812,-0.024101570905960833,630.6470101816915,0.05098789037603569,-57.288819875776404,-4.462132921174652,-0.6912681813709777,-1.5173187637939298,0.7777777777777778,-57.0,0.8924050632911392,-3.219315971561051,-0.4820020172770848,-18.190660212044794,Auto Parts,Consumer Cyclical,VC
2009Q1,2009,Q1,2009-05-11,2009-03-31,2000000.0,1352000000.0,-158000000.0,0.015456,45000000.0,0.03328402366863906,4561000000.0,-995000000.0,2247000000.0,3960000000.0,5311000000.0,328000000.0,-4702000000.0,4414529071.27184,6525529071.27184,-7.689335394126739,0.5674242424242424,0.5952641964481473,-2.728643216080402,-0.03594539939332659,-7.689335394126739,-0.0020100502512562816,3.265184224313491,551.81613390898,-4.43671263444406,0.0,3.9847560975609757,0.0,0.29642622231966675,0.3765151515151515,0.0004385003288752467,-14.715096904239466,0.03328402366863906,1.0057803641150687,-0.9356002060793405,-0.737323447161912,-1.5198306783482112,5.5,1.0057803468208093,-0.19696969696969696,-0.22720247295208656,-0.4707080767128779,-75.89335394126739,Auto Parts,Consumer Cyclical,VC
2008Q4,2008,Q4,2009-03-31,2008-12-31,-346000000.0,1669000000.0,-132000000.0,-2.67388,-10000000.0,-0.005991611743559017,5248000000.0,-887000000.0,2772000000.0,4271000000.0,5871000000.0,354000000.0,-4704000000.0,4414529071.27184,5996529071.27184,-6.854714064914992,0.6490283306017326,0.526295731707317,-3.1138669673055244,-0.06750684931506849,-6.854714064914992,0.3900789177001127,2.6450144225715038,-3.1896886353120233,-4.976921162651455,0.0,4.742937853107344,0.0,0.31802591463414637,0.5078435963474596,-0.06592987804878049,-163.50107671377185,-0.005991611743559017,-0.8440551724137931,0.612705758460924,-0.6384281585997511,-1.4611621410733981,-1.2325581395348837,-0.8404255319148937,-0.76,-1.2997622694602893,-0.3247125274120589,-20.420981452859348,Auto Parts,Consumer Cyclical,VC
2008Q3,2008,Q3,2008-10-30,2008-09-30,-188000000.0,2110000000.0,-75000000.0,-1.45,43000000.0,0.02037914691943128,5941000000.0,-530000000.0,3133000000.0,2018000000.0,6193000000.0,429000000.0,-4358000000.0,4414529071.27184,5870529071.27184,-4.095826893353942,1.5525272547076314,0.43578522134320824,-4.884905660377359,-0.04395337542496357,-4.095826893353942,0.35471698113207545,2.0921938726406824,-5.870384403287021,-8.329300134475169,0.0,4.818181818181818,0.0,0.35515906413061776,1.184340931615461,-0.0316445042922067,-18.705631657931526,0.02037914691943128,-3.5312499999999996,-0.08422339331714139,-0.4736514389871975,-1.187548083981471,-0.8138528138528138,-3.4761904761904763,-1.9146341463414633,0.11411015329017608,-0.5005729497237169,0.6384802295695031,Auto Parts,Consumer Cyclical,VC
2008Q2,2008,Q2,2008-07-30,2008-06-30,-42000000.0,2905000000.0,82000000.0,-0.32,231000000.0,0.07951807228915662,7016000000.0,-207000000.0,3935000000.0,2618000000.0,6928000000.0,466000000.0,-4170000000.0,4477642508.535,5636642508.535,-1.5771428571428572,1.50305576776165,0.3798460661345496,-12.8743961352657,-0.029511172310195906,-1.5771428571428572,0.2028985507246377,1.5413571457951807,-26.652633979375,-21.63112322963768,0.0,5.738197424892704,0.0,0.41405359179019385,1.2597402597402598,-0.0059863169897377425,84.48382091575472,0.07951807228915662,0.6049382716049383,0.7593984958083831,-0.3975400228340198,-1.0687134711212452,0.18461538461538463,0.6,1.6451612903225807,0.9675126904038772,-0.4439667848890666,0.8381847836548105,Auto Parts,Consumer Cyclical,VC
2008Q1,2008,Q1,2008-04-30,2008-03-31,-105000000.0,2860000000.0,31000000.0,-0.81,195000000.0,0.06818181818181818,7228000000.0,-136000000.0,4084000000.0,2624000000.0,7079000000.0,484000000.0,-4128000000.0,4422362984.027916,5653362984.027916,-1.049142854145306,1.5564024390243902,0.39346983951300496,-20.91176470588235,0.02534817472040515,-1.049142854145306,0.7720588235294118,1.5462807636461244,-10.529435676256941,-32.51737488255821,0.0,5.506198347107438,0.0,0.39568345323741005,1.2648628048780488,-0.014526840066408411,-22.11181492013958,0.06818181818181818,-1.4418920141087095,-5.749999980714286,-0.41372084715613283,-1.0440224426882052,-0.034653465346534656,-1.441860465116279,1.2142857142857142,0.3769230806145755,-0.445289183727029,-2.1438815030174814,Auto Parts,Consumer Cyclical,VC
2007Q4,2007,Q4,2008-02-22,2007-12-31,-43000000.0,2858000000.0,14000000.0,-0.33171,202000000.0,0.07067879636109167,7205000000.0,-90000000.0,4072000000.0,2528000000.0,7002000000.0,495000000.0,-4016000000.0,4422362984.027916,5504362984.027916,-0.6942857123020408,1.610759493670886,0.3941707147814018,-31.555555555555557,0.002115702479338843,-0.6942857123020408,0.4777777777777778,1.547362835559103,-25.711412697836717,-49.13736648919906,0.0,5.365656565656566,0.0,0.39666897987508676,1.321993670886076,-0.005968077723802915,23.648999914587787,0.07067879636109167,0.6051071428571427,-0.2195378116416567,-0.3933681348108101,-1.0291422814095887,1.0404040404040404,0.6055045871559633,1.736842105263158,0.7920406605727409,-0.4069066004569273,-1.2138888126216023,Auto Parts,Consumer Cyclical,VC
2007Q3,2007,Q3,2007-11-08,2007-09-30,-109000000.0,2546000000.0,-19000000.0,-0.84,99000000.0,0.038884524744697564,7119000000.0,-162000000.0,3959000000.0,2533000000.0,6993000000.0,535000000.0,-3973000000.0,4426875594.792232,5717875594.792232,-1.2484403646817608,1.562968811685748,0.3810928501193988,-16.746913580246915,-0.009382620515509579,-1.2484403646817608,0.6728395061728395,1.7387571071454169,-10.1533843917253,-27.326392560445875,0.0,4.573831775700935,0.0,0.3576344992274196,1.3000394788788,-0.015311139204944514,-31.3962808141293,0.038884524744697564,-0.6153846153846153,-1.099999996146789,-0.41282883173275875,-1.0534752050769782,-0.36129032258064514,-0.6268656716417911,-1.4130434782608696,0.9226519335830995,-0.4085013210379674,-1.3210317049332463,Auto Parts,Consumer Cyclical,VC
2007Q2,2007,Q2,2007-08-08,2007-06-30,-67000000.0,2974000000.0,46000000.0,-0.52,155000000.0,0.05211835911230666,7326000000.0,-102000000.0,4178000000.0,2657000000.0,7154000000.0,523000000.0,-3863000000.0,4395634409.231596,5627634409.231596,-0.7916417900995322,1.5724501317275121,0.36923286923286924,-26.519607843137255,0.045161565714773554,-0.7916417900995322,0.6568627450980392,1.478020984946737,-16.40162092996864,-43.09445499246662,0.0,5.390057361376673,0.0,0.40595140595140594,1.3308242378622506,-0.009145509145509146,66.60052135199388,0.05211835911230666,0.5630252100840336,-1.9461111099814261,-0.3999375623625192,-1.0332494628095668,0.3963963963963964,0.5620915032679739,1.6764705882352942,-3.079999997516418,-0.41229115274440337,-1.0535827412512784,Auto Parts,Consumer Cyclical,VC
2007Q1,2007,Q1,2007-05-09,2007-03-31,-153000000.0,2927000000.0,-68000000.0,-1.19,111000000.0,0.037922787837376154,6836000000.0,-106000000.0,3554000000.0,2621000000.0,6679000000.0,518000000.0,-3794000000.0,4386262063.798017,5743262063.798017,-0.8244444416962963,1.355971003433804,0.32606787595084846,-21.028301886792452,-0.03621870357621653,-0.8244444416962963,1.4433962264150944,1.4985521229238183,-7.167094875486955,-41.37983079054733,0.0,5.436293436293436,0.0,0.42817437097717964,1.1030141167493324,-0.022381509654768872,-22.4936516092206,0.037922787837376154,-2.9231200342860912,0.5387869837858974,-0.3326722381210967,-1.0368986067175316,-0.1590909090909091,-2.923076923076923,-6.666666666666667,-5.958333316805556,-0.42765598653282455,-1.0557358329973159,Auto Parts,Consumer Cyclical,VC
