Quarters,Year,Quarter,FillingDate,Date,NetIncome,Revenue,OperatingIncome,EPSDiluted,GrossProfit,GrossProfitRatio,TotalAssets,CommonStockEquity,CurrentAssets,CurrentLiability,TotalLiability,Inventory,RetainedEarnings,MarketCap,EnterpriseValue,bookValuePerShare,currentRatio,debtToAssets,debtToEquity,roic,shareholdersEquityPerShare,roe,priceToSalesRatio,peRatio,pbRatio,payoutRatio,inventoryTurnover,dividendYield,assetTurnover,quickRatio,returnOnAssets,priceToFreeCashFlowsRatio,grossProfitMargin,epsdilutedGrowth,fiveYNetIncomeGrowthPerShare,fiveYRevenueGrowthPerShare,fiveYShareholdersEquityGrowthPerShare,grossProfitGrowth,netIncomeGrowth,operatingIncomeGrowth,threeYNetIncomeGrowthPerShare,threeYRevenueGrowthPerShare,threeYShareholdersEquityGrowthPerShare,Industry,Sector,Symbol
2023Q1,2023,Q1,2023-04-04,2023-03-31,453000000.0,3319000000.0,830000000.0,0.9,2007000000.0,0.6047002109,64630000000.0,21267000000.0,4161000000.0,6150000000.0,41547000000.0,569000000.0,3896000000.0,27782424322.170002,56739424322.17,44.021941626992344,0.6765853658536586,0.45695497447006034,1.38867729345935,0.01344980275943937,44.021941626992344,0.021300606573564678,8.37072139866526,15.332463753956954,1.3063631129059106,0.4105960264900662,2.305799648506151,0.0066948801099252706,0.051353860436329876,0.3986991869918699,0.007009128887513538,-712.3698544146155,0.6047002109068996,0.12499999999999997,0.16727697045079434,0.31963130318181954,0.19938403812969,0.05631578947368421,0.17357512953367876,0.10225763612217796,0.32620815263213687,0.33295353677858236,0.035692196001711536,Utilities—Regulated Electric,Utilities,FTS
2022Q4,2022,Q4,2022-12-31,2022-12-31,386000000.0,3168000000.0,753000000.0,0.8,1900000000.0,0.5997474747,64252000000.0,21030000000.0,4269000000.0,6617000000.0,41410000000.0,661000000.0,3733000000.0,25986429268.8,54812429268.8,43.867334167709636,0.6451564152939399,0.45189254809188817,1.380646695197337,0.011966880506009926,43.867334167709636,0.0183547313361864,8.202787016666667,16.830588904663212,1.235683750299572,0.5103626943005182,1.9183055975794252,0.007580879926297664,0.04930585818340285,0.29741574731751547,0.0060075950943161305,-106.06705824,0.5997474747474747,0.1764705882352941,1.2469698233903488,0.3103826490835003,0.22394628291696672,0.08633504859919955,0.1286549707602339,0.08034433285509325,-0.029799646252029993,0.24267113771836465,0.03543100560985353,Utilities—Regulated Electric,Utilities,FTS
2022Q3,2022,Q3,2022-09-30,2022-09-30,342000000.0,2553000000.0,697000000.0,0.68,1749000000.0,0.6850763807,64084000000.0,21124000000.0,3827000000.0,6143000000.0,41133000000.0,690000000.0,3635000000.0,24904554584.7,53581554584.7,44.063412599082184,0.622985511964838,0.4536545783658948,1.3762544972543078,0.011735747067322643,44.063412599082184,0.016190115508426434,9.755015505170388,18.205083760745616,1.1789696357081993,0.5380116959064327,1.1652173913043478,0.007388206818725421,0.03983833718244804,0.35861956698681424,0.005336745521503027,-78.31620938584906,0.6850763807285546,0.15254237288135608,0.01573395315573041,0.1726540079360114,0.219581097194909,0.034911242603550295,0.14,0.13517915309446255,0.061352200454649924,0.13570595618975212,0.10887386633902238,Utilities—Regulated Electric,Utilities,FTS
2022Q2,2022,Q2,2022-06-30,2022-06-30,300000000.0,2487000000.0,614000000.0,0.59,1690000000.0,0.6795335746,59954000000.0,20168000000.0,3183000000.0,4987000000.0,38094000000.0,533000000.0,3837000000.0,28876148983.120007,55584148983.12001,42.21012976140645,0.6382594746340485,0.45111251959835874,1.3410353034510114,0.011126547259737664,42.21012976140645,0.014875049583498612,11.610835940136713,24.063457485933338,1.431780493014677,0.6,1.4953095684803002,0.006233518191959106,0.04148180271541515,0.40004010427110487,0.005003836274477099,-229.17578558031752,0.6795335745878569,-0.2891566265060241,-0.044892496936995284,0.0766692252642644,0.14882996503553658,-0.03538812785388128,-0.2366412213740458,-0.09171597633136094,-0.6310259653443275,0.1443308267801024,0.05922748708877295,Utilities—Regulated Electric,Utilities,FTS
2022Q1,2022,Q1,2022-03-31,2022-03-31,393000000.0,2835000000.0,676000000.0,0.83,1752000000.0,0.617989418,58202000000.0,19370000000.0,3076000000.0,4853000000.0,37208000000.0,408000000.0,3553000000.0,29434172971.5,55317172971.5,40.71894050872399,0.633834741397074,0.4509810659427511,1.3550851832731028,0.012566672405996402,40.71894050872399,0.020289106866288074,10.382424328571428,18.724028607824426,1.5195752695663396,0.44783715012722647,2.6544117647058822,0.005979444374754955,0.048709666334490226,0.4240675870595508,0.00675234528023092,-288.57032325,0.617989417989418,0.050632911392404965,0.0825242257589834,0.06455810434615716,0.08737319273181808,0.03180212014134275,0.05929919137466307,0.021148036253776436,0.08180434994385687,0.05076547809761286,0.0581947690746629,Utilities—Regulated Electric,Utilities,FTS
2021Q4,2021,Q4,2021-12-31,2021-12-31,371000000.0,2583000000.0,662000000.0,0.79,1698000000.0,0.6573751452,57659000000.0,19288000000.0,2728000000.0,4802000000.0,36743000000.0,478000000.0,3458000000.0,29036127273.600002,54852127273.600006,40.86440677966102,0.5680966264056643,0.45000780450580136,1.345240564081294,0.012296823680205078,40.86440677966102,0.01923475736209042,11.241241685481999,19.56612349973046,1.5053985521360431,0.46900269541778977,1.8514644351464435,0.005992534691711553,0.044797863299745055,0.3419408579758434,0.006434381449556877,-112.98103997509729,0.6573751451800233,0.27419354838709686,0.09275527077304671,-0.2551812685153707,-0.20214044446095847,0.08015267175572519,0.19292604501607716,0.10702341137123746,0.20334105596878424,0.05579236903975293,0.05195013158070102,Utilities—Regulated Electric,Utilities,FTS
2021Q3,2021,Q3,2021-09-30,2021-09-30,311000000.0,2196000000.0,598000000.0,0.62,1572000000.0,0.7158469945355191,57137000000.0,19150000000.0,2918000000.0,3808000000.0,36371000000.0,530000000.0,3385000000.0,26369587015.199997,51738587015.2,40.57203389830509,0.7662815126050421,0.44794091394367924,1.3365013054830288,0.01160238728382529,40.57203389830509,0.016240208877284595,12.008008659016392,21.197417214790995,1.377001932908616,0.5401929260450161,1.1773584905660377,0.0063709757723229106,0.03843393947879658,0.43618697478991597,0.005443057913436127,-246.44473845981307,0.7158469945355191,0.14814814814814806,0.26030883858491655,-0.12187114154226064,0.1960105152065525,0.02277163305139883,0.15613382899628253,0.07360861759425494,-0.039633155328534876,-0.02935194416749753,0.08029639809300841,Utilities—Regulated Electric,Utilities,FTS
2021Q2,2021,Q2,2021-06-30,2021-06-30,269000000.0,2130000000.0,557000000.0,0.54,1537000000.0,0.7215962441314554,55895000000.0,18953000000.0,3031000000.0,3480000000.0,35373000000.0,415000000.0,3581000000.0,25867241434.8,50532241434.8,40.308379413015736,0.8709770114942529,0.45199033902853564,1.332981586028597,0.010758952786213255,40.308379413015736,0.014193003746108795,12.144244805070421,24.040187207063195,1.3648098683480188,0.6171003717472119,1.4289156626506023,0.006417383176262277,0.038107165220502726,0.5658045977011494,0.004812595044279453,-517.344828696,0.7215962441314554,-0.28947368421052627,0.2984313058273076,-0.12988667580340782,0.16084531920338702,-0.09053254437869822,-0.2749326145552561,-0.1661676646706587,-0.056596497557956114,-0.013965797591950206,0.06673480674635121,Utilities—Regulated Electric,Utilities,FTS
2021Q1,2021,Q1,2021-03-31,2021-03-31,371000000.0,2539000000.0,668000000.0,0.76,1690000000.0,0.6656163844033084,55614000000.0,18772000000.0,2770000000.0,4255000000.0,35268000000.0,394000000.0,3328000000.0,25453934535.6,50074934535.6,40.12825994014536,0.6509988249118684,0.4484122702916532,1.3284679309610057,0.012887228758638644,40.12825994014536,0.019763477519710207,10.025180990783772,17.1522469916442,1.3559521913275088,0.4393530997304582,2.1548223350253806,0.006403725120453476,0.04565397202143345,0.40540540540540543,0.006670982126802604,-391.5989928553846,0.6656163844033084,0.012224045632183897,0.23737064760640497,-0.12764066192933027,0.16598627503828065,0.043209876543209874,0.06609195402298851,0.027692307692307693,-0.012751585593016203,0.0425211572467645,0.09330012878438519,Utilities—Regulated Electric,Utilities,FTS
2020Q4,2020,Q4,2020-12-31,2020-12-31,348000000.0,2346000000.0,650000000.0,0.7508219186053247,1620000000.0,0.690537084398977,55481000000.0,18697000000.0,2612000000.0,4148000000.0,35197000000.0,422000000.0,3210000000.0,24124000547.087315,48738000547.08731,40.33941785104527,0.6297010607521697,0.4481353977037184,1.3297855270899075,0.012850245427068759,40.33941785104527,0.018612611648927635,10.283035186311729,17.330460163137438,1.290260498854753,0.47988505747126436,1.7203791469194314,0.006922566581526763,0.04228474612930553,0.3900675024108004,0.006272417584398262,-44.591498238608715,0.690537084398977,0.191780823183055,0.36074284079705254,-0.17290065598245855,0.13954772492173426,0.045836023240800515,0.13355048859934854,0.07973421926910298,1.0952937008545924,0.003683297302486655,0.1255135847795473,Utilities—Regulated Electric,Utilities,FTS
2020Q3,2020,Q3,2020-09-30,2020-09-30,307000000.0,2121000000.0,602000000.0,0.63,1549000000.0,0.7303158887317304,56410000000.0,19122000000.0,2750000000.0,3775000000.0,35658000000.0,458000000.0,3114000000.0,25185647378.976097,49927647378.9761,41.25636990681327,0.7284768211920529,0.44736748803403653,1.319736429243803,0.011463740943212793,41.25636990681327,0.0160548059826378,11.874421206495095,20.509484836299755,1.3171031994025781,0.739413680781759,1.2489082969432315,0.00901306988795094,0.0375997163623471,0.4572185430463576,0.005442297464988477,-143.91798502272056,0.7303158887317304,0.0677966101694916,0.08744421952675896,-0.18442022823192453,0.19520996896321183,-0.008957133717210493,0.054982817869415807,0.006688963210702341,-0.05692123187549851,0.007663375789645818,0.141888154125366,Utilities—Regulated Electric,Utilities,FTS
2020Q2,2020,Q2,2020-07-02,2020-06-30,291000000.0,2077000000.0,598000000.0,0.59,1563000000.0,0.7525276841598459,56205000000.0,19525000000.0,2481000000.0,3499000000.0,35022000000.0,409000000.0,3279000000.0,24066384070.4,48688384070.4,42.02539819199311,0.7090597313518148,0.44483586869495595,1.2805121638924455,0.011282988643286886,42.02539819199311,0.014903969270166453,11.587089104670198,20.67558768934708,1.2325932942586428,0.7835051546391752,1.256723716381418,0.009473795453984479,0.0369540076505649,0.45984567019148326,0.005177475313584201,-481.32768140800005,0.7525276841598459,-0.11940298507462696,-0.33816979813372305,-0.19222668436346652,0.2575490640201233,-0.04753199268738574,-0.11280487804878049,-0.0911854103343465,-0.04722373221136777,-0.07528063843173609,0.14380213963841768,Utilities—Regulated Electric,Utilities,FTS
2020Q1,2020,Q1,2020-04-01,2020-03-31,328000000.0,2391000000.0,658000000.0,0.67,1641000000.0,0.6863237139272271,57019000000.0,19718000000.0,2472000000.0,4480000000.0,35600000000.0,376000000.0,3005000000.0,25348926203.699997,50222926203.7,42.504850183229145,0.5517857142857143,0.4410108911064733,1.2752814687087939,0.012475024332511488,42.504850183229145,0.016634547114311796,10.601809370012546,19.320827899161582,1.2855728879044528,0.698170731707317,1.9946808510638299,0.00903391323797276,0.041933390624177905,0.35267857142857145,0.005752468475420474,-44.316304551923075,0.6863237139272271,-0.1926776859504132,-0.10256679013786184,-0.2552755979078502,0.2863493432898945,-0.009656004828002414,-0.09641873278236915,-0.0463768115942029,-0.07353781752185187,-0.07932857879820113,0.13506476526380115,Utilities—Regulated Electric,Utilities,FTS
2019Q4,2019,Q4,2020-01-09,2019-12-31,363000000.0,2326000000.0,690000000.0,0.8299039780521262,1657000000.0,0.7123817712811694,53404000000.0,18531000000.0,2574000000.0,4176000000.0,33291000000.0,394000000.0,2916000000.0,23719157138.88,46565157138.880005,42.36625514403292,0.6163793103448276,0.4347239907123062,1.2528195995898763,0.014049241131863656,42.36625514403292,0.019588797150720413,10.197402037351678,16.335507671404958,1.279971784516756,0.418732782369146,1.6979695431472082,0.006408322146946969,0.04355478990337802,0.3991858237547893,0.006797243652160887,-48.40644314057143,0.7123817712811694,0.31730790167004164,0.34531802757923613,-0.32279098609595286,0.05099121033868346,0.08371484630477437,0.23469387755102042,0.1794871794871795,0.1537689450968584,-0.2762324388841068,-0.17281751619857633,Utilities—Regulated Electric,Utilities,FTS
2019Q3,2019,Q3,2019-10-04,2019-09-30,294000000.0,2051000000.0,585000000.0,0.63,1529000000.0,0.7454900048756704,52800000000.0,17381000000.0,2202000000.0,3922000000.0,33834000000.0,389000000.0,2791000000.0,24463131367.5,48199131367.5,39.73708276177412,0.5614482406935237,0.45386363636363636,1.378746907542719,0.012701665919247051,39.73708276177412,0.016915022150624244,11.927416561433446,20.80198245535714,1.407463976037052,0.47278911564625853,1.3419023136246786,0.00568201993080353,0.03884469696969697,0.3431922488526262,0.0055681818181818185,-156.81494466346155,0.7454900048756704,-0.6204819277108433,3.99711461141857,-0.15541864874043054,0.2624985327790303,0.03731343283582089,-0.6010854816824966,-0.47297297297297297,0.28566299334382866,-0.11497651686516046,0.17139724732164083,Utilities—Regulated Electric,Utilities,FTS
2019Q2,2019,Q2,2019-07-05,2019-06-30,737000000.0,1970000000.0,1110000000.0,1.66,1474000000.0,0.7482233502538072,51699000000.0,17259000000.0,2125000000.0,3418000000.0,32885000000.0,369000000.0,2919000000.0,22540298627.250004,45826298627.25,39.84991918725468,0.6217086015213575,0.45410936381748196,1.3602757981343068,0.023102840902598325,39.84991918725468,0.042702358189929894,11.441775952918784,7.645962899338536,1.306002585737876,0.18317503392130258,1.3441734417344173,0.0059892729121517625,0.03810518578695913,0.3981860737273259,0.014255594885781157,-106.32216333608493,0.7482233502538072,1.3055555555555556,5.092034172246594,-0.07477277974853587,0.39796874757836115,-0.08047411104179664,1.2469512195121952,0.6998468606431854,2.8621454629415837,-0.12631096969510314,0.14764207424872125,Utilities—Regulated Electric,Utilities,FTS
2019Q1,2019,Q1,2019-04-05,2019-03-31,328000000.0,2436000000.0,653000000.0,0.72,1603000000.0,0.6580459770114943,52805000000.0,16527000000.0,3225000000.0,4588000000.0,34385000000.0,368000000.0,2200000000.0,21151430076.1,45510430076.1,38.47962747380675,0.702920662598082,0.46571347410283115,1.4879893507593636,0.013212261666299513,38.47962747380675,0.01984631209535911,8.682853069006567,16.12151682629573,1.2798106175409933,0.4115853658536585,2.2635869565217392,0.006382547161789448,0.04613199507622384,0.3672624237140366,0.006211532998769056,-106.28859334723617,0.6580459770114943,0.10227338129496392,0.03899216241667474,-0.16736939380483176,0.33885786421324676,0.05391190006574622,0.17985611510791366,0.12975778546712802,0.1915075347796165,-0.08839426925592159,0.11808280672939868,Utilities—Regulated Electric,Utilities,FTS
2018Q4,2018,Q4,2019-01-17,2018-12-31,278000000.0,2206000000.0,578000000.0,0.6531954887218046,1521000000.0,0.6894832275611967,53051000000.0,16533000000.0,3261000000.0,4252000000.0,34595000000.0,398000000.0,2082000000.0,19340537395.2,43795537395.2,38.84633458646616,0.7669332079021637,0.4672296469435072,1.4992439363696848,0.012551790306755422,38.84633458646616,0.01681485513820843,8.76724269954669,17.3925696,1.1698141532208313,0.4892086330935252,1.721105527638191,0.007031862518657467,0.041582628037171776,0.3972248353715898,0.005240240523270061,-46.49167643076923,0.6894832275611967,0.004916136495083891,0.22546410273471285,-0.06321109679569759,0.3723417650942886,0.03751705320600273,-0.04794520547945205,-0.030201342281879196,0.18381078507958204,-0.15301472724551418,0.09736963391525366,Utilities—Regulated Electric,Utilities,FTS
2018Q3,2018,Q3,2018-10-01,2018-09-30,292000000.0,2040000000.0,596000000.0,0.65,1466000000.0,0.7186274509803922,50244000000.0,15984000000.0,2133000000.0,3601000000.0,32437000000.0,368000000.0,2206000000.0,17769048124.8,40739048124.8,37.556390977443606,0.5923354623715634,0.4610500756309211,1.4492617617617618,0.012888920170792028,37.556390977443606,0.01826826826826827,8.710317708235294,15.213226134246575,1.1116771849849851,0.4315068493150685,1.559782608695652,0.007090981976921073,0.04060186290900406,0.36823104693140796,0.0058116392007005815,2221.1310156,0.7186274509803922,0.1403508771929826,1.2726738721804511,0.04651432907706958,0.3456067073209471,0.018055555555555554,0.13618677042801555,0.031141868512110725,0.12639871738168953,-0.14572710511911963,0.08802041953544838,Utilities—Regulated Electric,Utilities,FTS
2018Q2,2018,Q2,2018-07-25,2018-06-30,257000000.0,1947000000.0,578000000.0,0.57,1440000000.0,0.7395993836671803,50249000000.0,16014000000.0,2069000000.0,3508000000.0,32385000000.0,346000000.0,2110000000.0,17908761386.879997,41051761386.88,37.78669183577159,0.5897947548460661,0.46448685545981017,1.4574747096290745,0.011948195226158828,37.78669183577159,0.01604845759960035,9.19813116942989,17.420974111750972,1.1183190575046833,0.5097276264591439,1.4653179190751444,0.007314855403454697,0.03874703974208442,0.379133409350057,0.005114529642380943,-162.80692169890906,0.7395993836671803,-0.25000000000000006,0.7247244815812119,0.12469399824373803,0.25847187894579393,-0.01907356948228883,-0.24188790560471976,-0.057096247960848286,-0.3592258705860609,-0.16988700904749948,0.13071192647366475,Utilities—Regulated Electric,Utilities,FTS
2018Q1,2018,Q1,2018-04-02,2018-03-31,339000000.0,2197000000.0,613000000.0,0.76,1468000000.0,0.6681838871187984,49083000000.0,15489000000.0,2238000000.0,3526000000.0,31807000000.0,322000000.0,1870000000.0,18365186378.0,40747186378.0,36.703791469194314,0.63471355643789,0.46278752317503,1.4665246303828523,0.014953622271924958,36.703791469194314,0.021886500096842922,8.3592109139736,13.54364777138643,1.185692193040222,0.3893805309734513,2.2639751552795033,0.007187512137536773,0.04476091518448343,0.43136698808848556,0.00690666829655889,-191.30402477083334,0.6681838871187984,1.1209066666666665,-0.0652305040930633,-0.10190212184310371,0.34950746114234166,-0.025232403718459494,1.26,0.008223684210526315,0.019623679290403952,-0.24775729152487846,0.11078848294061767,Utilities—Regulated Electric,Utilities,FTS
2017Q4,2017,Q4,2018-01-11,2017-12-31,150000000.0,2111000000.0,608000000.0,0.358337314859054,1506000000.0,0.7134059687351966,47822000000.0,15003000000.0,2207000000.0,3504000000.0,31073000000.0,367000000.0,1727000000.0,19241609718.24,41043609718.240005,35.84089823220258,0.629851598173516,0.46273681569152275,1.4749716723322002,0.00584347244629744,35.84089823220258,0.009998000399920015,9.114926441610612,32.0693495304,1.2825174777204558,0.8466666666666667,1.6485013623978202,0.006600279387207968,0.04414286311739367,0.4160958904109589,0.00313663167579775,-155.17427192129034,0.7134059687351966,-0.4570646744559788,-0.3184424271380792,-0.039861170295953006,0.3366546752480257,0.05832747716092762,-0.4897959183673469,-0.033386327503974564,-0.4191163527547967,-0.35778446366802513,-0.11088509275539322,Utilities—Regulated Electric,Utilities,FTS
2017Q3,2017,Q3,2017-10-04,2017-09-30,294000000.0,1901000000.0,629000000.0,0.66,1423000000.0,0.7485533929510784,46845000000.0,15124000000.0,2075000000.0,3962000000.0,29954000000.0,382000000.0,1951000000.0,18621272438.86,40041272438.86,36.129956999522214,0.5237253912165573,0.4626320845341018,1.4329542449087542,0.01267435405105522,36.129956999522214,0.019439301772017983,9.795514170889007,15.834415339166668,1.2312399126461255,0.41496598639455784,1.2513089005235603,0.006551646800752617,0.04058063827516277,0.3278647147905098,0.00627601665065642,198.09864296659575,0.7485533929510784,0.06451612903225812,1.3854515050167222,0.20974878245612633,0.41835249149827153,-0.04560697518443997,0.072992700729927,0.011254019292604502,4.221543074616537,-0.18202976784212468,0.14789548026775554,Utilities—Regulated Electric,Utilities,FTS
2017Q2,2017,Q2,2017-07-10,2017-06-30,274000000.0,2015000000.0,622000000.0,0.62,1491000000.0,0.7399503722084367,47581000000.0,15314000000.0,2063000000.0,4080000000.0,30437000000.0,355000000.0,1840000000.0,19034834615.2,40993834615.2,36.741842610364685,0.5056372549019608,0.46636262373636533,1.4490009141961604,0.012331078633882407,36.741842610364685,0.017892124853075616,9.446568047245657,17.36754983138686,1.2429694799007445,0.4416058394160584,1.476056338028169,0.006356766551750187,0.04234883672053971,0.32769607843137255,0.005758601122296715,-271.92620878857144,0.7399503722084367,-0.13888888888888887,0.684338849406028,0.15733874251148713,0.43901122886286814,-0.019078947368421053,-0.11612903225806452,-0.029641185647425898,1.3534548944337814,-0.01662831530273958,0.28893480200985383,Utilities—Regulated Electric,Utilities,FTS
2017Q1,2017,Q1,2017-04-11,2017-03-31,310000000.0,2274000000.0,641000000.0,0.72,1520000000.0,0.6684256816182937,48049000000.0,15211000000.0,2152000000.0,4156000000.0,30987000000.0,320000000.0,1583000000.0,17958333534.0,40099333534.0,37.44707040866568,0.5178055822906641,0.46700243501425626,1.4751824337650385,0.012772691013717679,37.44707040866568,0.020379988166458484,7.897244298153034,14.482527043548385,1.1806149190717243,0.36774193548387096,2.35625,0.006348027771294428,0.04732668734000708,0.34432146294513954,0.0064517471747591,-106.89484246428572,0.6684256816182937,0.0009756097560975022,0.09272190143682028,-0.07914273923892451,0.47049580453725615,0.07801418439716312,0.5121951219512195,0.38444924406047515,0.03830123531127405,-0.17815712132056216,0.30293113524857296,Utilities—Regulated Electric,Utilities,FTS
2016Q4,2016,Q4,2017-01-20,2016-12-31,205000000.0,2094000000.0,463000000.0,0.7192982456140351,1410000000.0,0.673352435530086,47904000000.0,14597000000.0,2166000000.0,3944000000.0,31454000000.0,372000000.0,1455000000.0,11861806248.0,34410806248.0,51.217543859649126,0.5491886409736308,0.47632765531062127,1.5631979173802837,0.010557642141790122,51.217543859649126,0.014043981640063027,5.664663919770773,14.465617375609755,0.8126194593409604,0.5658536585365853,1.8387096774193548,0.009779286356119547,0.0437124248496994,0.3539553752535497,0.0042793921175684705,-57.862469502439026,0.673352435530086,0.5984405458089669,0.4581426392067125,0.3540357811524859,1.1374070104776375,0.375609756097561,0.37583892617449666,0.3153409090909091,0.3494798944263312,0.3279131332166734,0.8093849855433451,Utilities—Regulated Electric,Utilities,FTS
2016Q3,2016,Q3,2016-10-11,2016-09-30,149000000.0,1510000000.0,352000000.0,0.45,1025000000.0,0.6788079470198676,29191000000.0,9668000000.0,1785000000.0,2318000000.0,19055000000.0,337000000.0,1456000000.0,12073980934.64805,24429980934.64805,33.92280701754386,0.7700603968938741,0.4335925456476311,1.3091642532064542,0.012310509220707757,33.92280701754386,0.015411667356226727,7.996013864005332,20.258357272899417,1.2488602538940887,0.5906040268456376,1.4391691394658754,0.007288399781009357,0.05172827241272995,0.4909404659188956,0.005104312973176664,-274.40865760563753,0.6788079470198676,0.1842105263157895,0.5000539811066125,0.37048933012142,0.4375377206934629,0.028084252758274825,0.192,0.13183279742765272,0.7317982456140351,0.1567745315915948,0.21541914614150717,Utilities—Regulated Electric,Utilities,FTS
2016Q2,2016,Q2,2016-07-13,2016-06-30,125000000.0,1477000000.0,311000000.0,0.38,997000000.0,0.6750169262017603,28623000000.0,9851000000.0,1694000000.0,2147000000.0,18297000000.0,292000000.0,1551000000.0,12376599375.82841,24359599375.828407,34.723299259781456,0.7890079180251514,0.42899067183733364,1.2464724393462592,0.01148640213071433,34.723299259781456,0.012689067099786823,8.379552725679357,24.753198751656818,1.2563799995765315,0.704,1.643835616438356,0.00711019217216198,0.051601858645145514,0.5263157894736842,0.004367117353177514,825.1066250552273,0.6750169262017603,-0.33333333333333326,0.1822935025261427,0.08472786083062063,0.42020699743817447,-0.06384976525821597,-0.30939226519337015,-0.16621983914209115,0.2531360799518961,0.2745313957068216,0.15644671548850236,Utilities—Regulated Electric,Utilities,FTS
2016Q1,2016,Q1,2016-05-19,2016-03-31,181000000.0,1757000000.0,373000000.0,0.57,1065000000.0,0.6061468412066021,28016000000.0,9719000000.0,1707000000.0,2491000000.0,17833000000.0,271000000.0,1444000000.0,11602478610.08,23223478610.08,34.4157223796034,0.6852669610598153,0.4230796687607082,1.2195699146002674,0.013812039345915517,34.4157223796034,0.018623315155880234,6.603573483255549,16.025522942099446,1.193793457154028,0.5303867403314917,2.5535055350553506,0.008274094116113875,0.06271416333523701,0.4452027298273786,0.00646059394631639,203.55225631719298,0.6061468412066021,0.03303246753246735,-0.09545485698620114,-0.06461126037985646,0.5098399138707935,0.020114942528735632,0.17532467532467533,0.06267806267806268,-0.2541849085758434,0.07328023945694588,0.2653808305024613,Utilities—Regulated Electric,Utilities,FTS
2015Q4,2015,Q4,2015-12-31,2015-12-31,154000000.0,1708000000.0,351000000.0,0.5517735578645647,1044000000.0,0.6112412177985949,28804000000.0,9880000000.0,1857000000.0,2638000000.0,18451000000.0,337000000.0,1388000000.0,10414806288.0,22420806288.0,35.39949838767467,0.703942380591357,0.4252187196222747,1.2396761133603238,0.011863682425812325,35.39949838767467,0.015587044534412956,6.0976617611241215,16.907153064935063,1.0541301910931173,0.5194805194805194,1.970326409495549,0.007681371864993443,0.059297319816692125,0.44275966641395,0.005346479655603389,-63.89451710429448,0.6112412177985949,0.02180288493437905,0.0387736980667676,0.022108879381204264,0.5733110394522075,0.010648596321393998,-0.09411764705882353,-0.011267605633802818,0.0494733070584022,0.16512643062266844,0.3201930575168082,Utilities—Regulated Electric,Utilities,FTS
2015Q3,2015,Q3,2015-09-30,2015-09-30,170000000.0,1566000000.0,355000000.0,0.54,1033000000.0,0.6596424010217113,28637000000.0,9634000000.0,2337000000.0,2600000000.0,18529000000.0,349000000.0,1359000000.0,10406155639.320002,22314155639.32,34.51809387316374,0.8988461538461539,0.4279428711108007,1.272057297072867,0.012951250551312186,34.51809387316374,0.017645837658293542,6.6450546866666675,15.303170057823532,1.0801490179904505,0.4411764705882353,1.527220630372493,0.007207272560541958,0.054684499074623735,0.43961538461538463,0.005936376017040891,-67.57243921636365,0.6596424010217113,-0.3793103448275862,1.0287738059146156,0.3497312791114295,0.5540769063769069,0.025819265143992055,-0.35361216730038025,0.0790273556231003,1.0687669550084453,0.4946662290856864,0.35507563563998845,Utilities—Regulated Electric,Utilities,FTS
2015Q2,2015,Q2,2015-06-30,2015-06-30,263000000.0,1538000000.0,329000000.0,0.87,1007000000.0,0.6547464239271782,28069000000.0,9287000000.0,2760000000.0,2710000000.0,18322000000.0,287000000.0,1313000000.0,9831405042.94321,21218405042.94321,33.4184958618208,1.018450184501845,0.4340731768142791,1.3119414234952083,0.011756255705438326,33.4184958618208,0.02831915580919565,6.392330977206249,9.345442056029668,1.0586201187620556,0.2813688212927757,1.8501742160278745,0.007526899733738033,0.054793544479675084,0.5944649446494465,0.009369767359008158,-65.98258418082692,0.6547464239271782,0.2253521126760564,1.5897862083540386,0.14129725504510057,0.5003512204629963,-0.06931608133086876,0.20642201834862386,-0.1649746192893401,1.4247882283146767,0.3248934105357278,0.3088508191285322,Utilities—Regulated Electric,Utilities,FTS
2015Q1,2015,Q1,2015-03-31,2015-03-31,218000000.0,1915000000.0,394000000.0,0.71,1082000000.0,0.5650130548302872,27986000000.0,9143000000.0,2068000000.0,2710000000.0,18409000000.0,272000000.0,1164000000.0,10611918378.36,22493918378.36,33.04300686664257,0.76309963099631,0.4352533409561924,1.332276058186591,0.01422835391832091,33.04300686664257,0.023843377447227386,5.541471738046997,12.169631167844036,1.160660437313792,0.3669724770642202,3.0625,0.00753869349043782,0.06842707067819624,0.45904059040590406,0.007789609090259416,-102.037676715,0.5650130548302872,0.1509473684210525,0.2754362397801584,0.10373453460392867,0.49058359051416023,0.09959349593495935,0.6390977443609023,0.3539518900343643,0.1280678122022539,0.13841705818576083,0.2975541861199763,Utilities—Regulated Electric,Utilities,FTS
2014Q4,2014,Q4,2014-12-31,2014-12-31,133000000.0,1693000000.0,291000000.0,0.6168831168831169,984000000.0,0.5812167749556999,26628000000.0,8691000000.0,1963000000.0,2684000000.0,17516000000.0,321000000.0,1060000000.0,8379236815.336156,19736236815.336155,40.31076066790352,0.731371087928465,0.43514345801412047,1.3332182717753998,0.011643691735203101,40.31076066790352,0.015303187205154757,4.949342478048527,15.750445141609314,0.9641280422662705,0.5112781954887218,2.208722741433022,0.00811529755019485,0.06357969055129939,0.4210134128166915,0.004994742376445847,-16.23883103747317,0.5812167749556999,9.281385281385283,0.2366692131398015,0.3144074561419494,0.9403823779126441,0.24399494310998734,3.586206896551724,0.28761061946902655,0.2505293619424055,0.44712659587730164,0.6822458860067144,Utilities—Regulated Electric,Utilities,FTS
2014Q3,2014,Q3,2014-09-30,2014-09-30,29000000.0,1197000000.0,226000000.0,0.06,791000000.0,0.6608187134502924,26740000000.0,6786000000.0,3243000000.0,4175000000.0,19549000000.0,347000000.0,1042000000.0,7415787497.790672,21014787497.790672,31.474953617810762,0.7767664670658683,0.5256918474195961,2.0714706749189506,0.013974555179396806,31.474953617810762,0.004273504273504274,6.195311192807579,63.929202567160964,1.092806881489931,2.2758620689655173,1.1700288184438041,0.00889993139901364,0.04476439790575916,0.5846706586826347,0.0010845175766641736,-26.675494596369326,0.6608187134502924,-0.7272727272727273,-0.44097017964613777,0.4247770301987169,0.555942006520149,0.2113323124042879,-0.5166666666666667,0.14720812182741116,-0.6140645069216497,0.43611416322928104,0.33380569182497327,Utilities—Regulated Electric,Utilities,FTS
2014Q2,2014,Q2,2014-06-30,2014-06-30,60000000.0,1056000000.0,197000000.0,0.22,653000000.0,0.6183712121212122,18586000000.0,6123000000.0,1576000000.0,2484000000.0,12068000000.0,127000000.0,1097000000.0,6935299259.400001,14601299259.400002,28.50558659217877,0.6344605475040258,0.44538900247498114,1.3519516576841417,0.011628887539634352,28.50558659217877,0.009799118079372856,6.567518238068183,28.897080247500003,1.1326636059774622,1.0166666666666666,3.173228346456693,0.008795582961661174,0.0568169590013989,0.499194847020934,0.003228236306897665,301.5347504086957,0.6183712121212122,-0.6666666666666667,-0.18127528414563676,0.10842730761821494,0.39773571406702934,-0.15850515463917525,-0.6178343949044586,-0.36245954692556637,-0.2504655493482309,0.024304962208347148,0.1658982414491593,Utilities—Regulated Electric,Utilities,FTS
2014Q1,2014,Q1,2014-03-31,2014-03-31,157000000.0,1455000000.0,309000000.0,0.66,776000000.0,0.5333333333333333,18590000000.0,6139000000.0,1714000000.0,2542000000.0,12058000000.0,75000000.0,1118000000.0,6710595136.292399,14434595136.2924,28.74063670411985,0.6742722265932337,0.44389456697149005,1.3441928652875061,0.01663470418919363,28.74063670411985,0.025574197752076887,4.612092877176907,10.685661045051592,1.0931088347112559,0.3885350318471338,9.053333333333333,0.009090102853932932,0.07826788596019366,0.547993705743509,0.00844540075309306,239.66411201044284,0.5333333333333333,0.23823008849557517,0.29975045841136083,-0.03716571630382923,0.4088887514451868,0.11015736766809728,0.3893805309734513,0.25101214574898784,0.037324815754500446,0.024110486891385802,0.2608702489899659,Utilities—Regulated Electric,Utilities,FTS
2013Q4,2013,Q4,2013-12-31,2013-12-31,113000000.0,1173000000.0,247000000.0,0.5330188679245284,699000000.0,0.5959079283887468,17908000000.0,6001000000.0,1296000000.0,2084000000.0,11532000000.0,143000000.0,1044000000.0,6469968653.43444,14235968653.43444,28.306603773584907,0.6218809980806143,0.4376814831360286,1.3061156473921014,0.013901150448260353,28.306603773584907,0.018830194967505414,5.515744802586905,14.314089941226635,1.0781484175028226,0.5221238938053098,3.3146853146853146,0.009119055000163124,0.06550145186508823,0.3857965451055662,0.006310029037301765,-44.013392200234286,0.5959079283887468,1.3174733388022972,0.03445143256464015,-0.26413657695623033,0.3114642243464625,0.13658536585365855,0.765625,0.4114285714285714,0.0034659557013947727,-0.07587380142282713,0.2580712788259959,Utilities—Regulated Electric,Utilities,FTS
2013Q3,2013,Q3,2013-09-30,2013-09-30,64000000.0,971000000.0,175000000.0,0.23,615000000.0,0.6333676622039135,17570000000.0,5917000000.0,1083000000.0,1451000000.0,11298000000.0,172000000.0,1013000000.0,6657793990.494921,14160793990.49492,27.910377358490567,0.746381805651275,0.4358565737051793,1.2942369443974988,0.011315142894090262,27.910377358490567,0.010816292039885076,6.856636447471597,26.007007775370784,1.1251975647278891,1.015625,2.0697674418604652,0.009762993582078092,0.05526465566306204,0.4672639558924879,0.003642572566875356,-41.611212440593256,0.6333676622039135,-0.1785714285714286,-0.12117400419287219,-0.009620824790428468,0.4442104413280834,0.2106299212598425,-0.058823529411764705,0.01744186046511628,0.005515239477503638,0.10178983228511526,0.256583664801291,Utilities—Regulated Electric,Utilities,FTS
2013Q2,2013,Q2,2013-06-30,2013-06-30,68000000.0,790000000.0,172000000.0,0.28,508000000.0,0.6430379746835443,17633000000.0,5807000000.0,1237000000.0,1393000000.0,11470000000.0,138000000.0,1032000000.0,6716078536.711136,14168078536.711136,30.0258531540848,0.8880114860014358,0.4377587478024159,1.3292577923196143,0.023957338427252464,30.0258531540848,0.01171000516617875,8.50136523634321,24.691465208496822,1.1565487406080825,0.8529411764705882,2.0434782608695654,0.008635991923406335,0.044802359212839565,0.6159368269921034,0.003856405603130494,-959.4397909587337,0.6430379746835443,-0.631578947368421,0.7250517063081696,-0.243734268599637,0.5635353052044157,-0.16447368421052633,-0.5878787878787879,-0.3333333333333333,-0.03783588581933968,-0.15763249432220208,0.3480356988969321,Utilities—Regulated Electric,Utilities,FTS
2013Q1,2013,Q1,2013-03-31,2013-03-31,165000000.0,1113000000.0,258000000.0,0.76,608000000.0,0.5462713387241689,15155000000.0,5222000000.0,1087000000.0,1181000000.0,9600000000.0,78000000.0,1043000000.0,6533149900.800001,12909149900.800001,27.197916666666668,0.9204064352243861,0.4318046849224678,1.253159708923784,0.017512200259804094,27.197916666666668,0.03159708923783991,5.869856155256065,9.898711970909092,1.251081941937955,0.3333333333333333,6.4743589743589745,0.00841860371109273,0.07344110854503465,0.7138018628281118,0.010887495875948531,217.77166336000005,0.5462713387241689,0.44552000000000014,0.46280570652173914,-0.20786158376963346,0.5244072118826055,0.06854130052724078,0.65,0.270935960591133,0.3912146226415095,-0.07551696096654277,0.2269091745531021,Utilities—Regulated Electric,Utilities,FTS
2012Q4,2012,Q4,2012-12-31,2012-12-31,100000000.0,999000000.0,203000000.0,0.5257623554153522,569000000.0,0.5695695695695696,14950000000.0,5100000000.0,1093000000.0,1308000000.0,9540000000.0,133000000.0,952000000.0,6467187076.02,12831187076.02,26.813880126182966,0.8356269113149847,0.4359866220735786,1.2780392156862745,0.014436239940263836,26.813880126182966,0.0196078431372549,6.473660736756758,16.167967690050002,1.2680758972588235,0.54,3.2330827067669174,0.00834984350464041,0.06682274247491639,0.5665137614678899,0.006688963210702341,-39.43406753670732,0.5695695695695696,1.190676480897301,0.007819899648534908,-0.2029363163956364,0.5213898198660551,0.18789144050104384,0.7857142857142857,0.2848101265822785,0.05399888662089435,-0.12082204855193274,0.29070202641287496,Utilities—Regulated Electric,Utilities,FTS
2012Q3,2012,Q3,2012-09-30,2012-09-30,56000000.0,714000000.0,158000000.0,0.24,479000000.0,0.6708683473389355,14438000000.0,4845000000.0,869000000.0,1126000000.0,9305000000.0,157000000.0,923000000.0,6340159137.39507,12668159137.39507,25.473186119873816,0.7717584369449378,0.448469317079928,1.3364293085655314,0.012009389018146778,25.473186119873816,0.011558307533539732,8.879774702233991,28.304281863370846,1.3085983771713252,0.9464285714285714,1.4968152866242037,0.008359411625395838,0.04945283280232719,0.4946714031971581,0.0038786535531237015,-102.26063124830758,0.6708683473389355,-0.27272727272727276,0.4083269037317734,-0.10908720871069495,0.47202545463813017,-0.043912175648702596,-0.24324324324324326,-0.1366120218579235,0.22366700007694082,-0.03663866823761916,0.25924888738801805,Utilities—Regulated Electric,Utilities,FTS
2012Q2,2012,Q2,2012-06-30,2012-06-30,74000000.0,792000000.0,183000000.0,0.33,501000000.0,0.6325757575757576,14431000000.0,4841000000.0,1027000000.0,1125000000.0,9315000000.0,107000000.0,937000000.0,6230657756.06736,12483657756.06736,25.532700421940927,0.9128888888888889,0.4493105120920241,1.3393926874612683,0.01316718995290424,25.532700421940927,0.015286097913654203,7.866992116246666,21.049519446173512,1.2870600611583063,0.7297297297297297,2.7196261682242993,0.008666821724787447,0.0548818515695378,0.6577777777777778,0.005127849767860855,-230.7651020765689,0.6325757575757576,-0.46774193548387094,0.18718611412963673,-0.032279711269826795,0.25363732643588466,-0.14065180102915953,-0.4393939393939394,-0.268,0.14396915466317473,-0.05818755665983954,0.25196396646378927,Utilities—Regulated Electric,Utilities,FTS
2012Q1,2012,Q1,2012-03-31,2012-03-31,132000000.0,1149000000.0,250000000.0,0.62,583000000.0,0.5073977371627503,14294000000.0,4813000000.0,1100000000.0,1288000000.0,9235000000.0,76000000.0,932000000.0,6054475516.639199,12237475516.639198,25.465608465608465,0.8540372670807453,0.44025465230166505,1.307500519426553,0.018660569571093123,25.465608465608465,0.027425722002908787,5.269343356518015,11.466809690604546,1.2579421393391232,0.4166666666666667,7.447368421052632,0.009084189018329724,0.08038337764096824,0.6257763975155279,0.00923464390653421,61.1563183498909,0.5073977371627503,0.2568478260869565,0.7734276331476304,0.37643603432161854,0.4854834138674776,0.11685823754789272,0.43478260869565216,0.42045454545454547,0.23501917989417992,-0.14069364154210123,0.2483442759206548,Utilities—Regulated Electric,Utilities,FTS
2011Q4,2011,Q4,2011-12-31,2011-12-31,92000000.0,1012000000.0,176000000.0,0.4932975871313673,522000000.0,0.5158102766798419,13562000000.0,4469000000.0,1120000000.0,1320000000.0,8885000000.0,134000000.0,905000000.0,6108178614.4281,11857178614.4281,23.962466487935657,0.8484848484848485,0.4304674826721722,1.3063325128664132,0.013718997710459825,23.962466487935657,0.020586260908480643,6.035749619000098,16.59831145225027,1.3667886807849854,0.5652173913043478,3.656716417910448,0.00851317606809517,0.07462026249815662,0.5553030303030303,0.006783660227105147,-43.015342355127466,0.5158102766798419,0.5912825391334429,0.4414065100040565,0.4306631803228421,0.4459787960202363,0.09894736842105263,0.4153846153846154,0.047619047619047616,-0.0426372753450502,-0.27833317456213175,0.11019738635528592,Utilities—Regulated Electric,Utilities,FTS
2011Q3,2011,Q3,2011-09-30,2011-09-30,65000000.0,721000000.0,168000000.0,0.31,475000000.0,0.6588072122052705,13255000000.0,4401000000.0,1063000000.0,1329000000.0,8649000000.0,194000000.0,878000000.0,5962327789.000001,11600327789.0,23.597855227882036,0.799849510910459,0.4334967936627688,1.3056123608270847,0.01407312506159456,23.597855227882036,0.014769370597591456,8.269525366158115,22.932029957692308,1.3547665960009092,0.7230769230769231,1.268041237113402,0.007882827255272864,0.054394568087514146,0.43416102332580886,0.004903809883062995,-43.840645507352946,0.6588072122052705,-0.060606060606060656,-0.06779005033295854,0.17178666380192764,0.41818143953526576,-0.034552845528455285,-0.015151515151515152,-0.045454545454545456,0.014596365802800099,-0.16406105372624652,0.22106084325972883,Utilities—Regulated Electric,Utilities,FTS
2011Q2,2011,Q2,2011-06-30,2011-06-30,66000000.0,850000000.0,176000000.0,0.33,492000000.0,0.5788235294117647,13177000000.0,4330000000.0,1235000000.0,1495000000.0,8669000000.0,108000000.0,874000000.0,5682055856.4,10920055856.4,24.449463579898364,0.8260869565217391,0.42012597708127797,1.2785219399538106,0.014653499753844371,24.449463579898364,0.015242494226327945,6.684771595764706,21.52293885,1.3122530846189375,0.45454545454545453,3.314814814814815,0.005279779143003217,0.0645063367989679,0.5933110367892976,0.005008727327919861,-97.96648028275861,0.5788235294117647,-0.4923076923076923,0.015711417958111772,0.43523260305575323,0.6007623056652313,-0.12299465240641712,-0.46774193548387094,-0.2816326530612245,0.8284161490683228,-0.11140438724524043,0.2731561466149397,Utilities—Regulated Electric,Utilities,FTS
2011Q1,2011,Q1,2011-03-31,2011-03-31,124000000.0,1164000000.0,245000000.0,0.65,561000000.0,0.48195876288659795,12977000000.0,3989000000.0,1109000000.0,1445000000.0,8813000000.0,88000000.0,870000000.0,5774531063.747251,11548531063.74725,22.794285714285714,0.7674740484429066,0.451568159050628,1.4690398596139382,0.02006098539560263,22.794285714285714,0.031085485083980947,4.960937339989047,11.642199725296877,1.4476137036217724,0.4838709677419355,6.8522727272727275,0.010390454105733802,0.08969715650766741,0.5439446366782007,0.009555367188102027,87.49289490526137,0.48195876288659795,0.2236956521739132,0.9993555103713386,0.7578312111058273,0.5120505920299816,0.06049149338374291,0.34782608695652173,0.23737373737373738,0.20611180124223594,-0.09108750934928943,0.2775895285816544,Utilities—Regulated Electric,Utilities,FTS
2010Q4,2010,Q4,2010-12-31,2010-12-31,92000000.0,1037000000.0,198000000.0,0.5311778290993071,529000000.0,0.5101253616200578,12903000000.0,3897000000.0,1204000000.0,1517000000.0,8844000000.0,168000000.0,804000000.0,5914145395.2,11772145395.2,22.5,0.7936717205009888,0.4624505928853755,1.5311778290993072,0.01672749391727494,22.5,0.02360790351552476,5.7031296,16.071047269565216,1.5176149333333333,0.17391304347826086,3.0238095238095237,0.0027053781959749954,0.08036890645586298,0.5036255767963085,0.0071301247771836,-26.88247906909091,0.5101253616200578,1.0429916503819503,1.4577319238135666,0.7467513517905428,0.5119782178282412,0.1475054229934924,0.7692307692307693,0.33783783783783783,0.018200677367778476,-0.09140798657463875,0.2766250459052516,Utilities—Regulated Electric,Utilities,FTS
2010Q3,2010,Q3,2010-09-30,2010-09-30,52000000.0,720000000.0,148000000.0,0.26,461000000.0,0.6402777777777777,12508000000.0,3847000000.0,1053000000.0,1443000000.0,8539000000.0,202000000.0,770000000.0,5383374095.642145,11036374095.642145,22.211316397228636,0.7297297297297297,0.4570674768148385,1.4860930595269042,0.014185138714624285,22.211316397228636,0.01351702625422407,7.476908466169646,25.881606229048774,1.399369403598166,0.9807692307692307,1.2821782178217822,0.009473612476845077,0.057563159577870164,0.35135135135135137,0.004157339302846178,-37.91108518057849,0.6402777777777777,-0.1875,-0.17418666551552967,0.2533761919552883,0.5013043009599286,-0.017057569296375266,-0.1746031746031746,-0.1242603550295858,0.4360892041270137,-0.01342046168091014,0.2835309632599583,Utilities—Regulated Electric,Utilities,FTS
2010Q2,2010,Q2,2010-06-30,2010-06-30,63000000.0,836000000.0,169000000.0,0.32,469000000.0,0.5610047846889952,12329000000.0,3840000000.0,1020000000.0,1308000000.0,8364000000.0,144000000.0,773000000.0,4830158997.6147,10343158997.6147,22.273781902552205,0.7798165137614679,0.4529158893665342,1.4541666666666666,0.014612022888763126,22.273781902552205,0.01640625,5.777702150256818,19.167297609582146,1.257853905628828,0.9365079365079365,2.548611111111111,0.012214918810982463,0.06780760807851408,0.44954128440366975,0.005109903479600941,-120.75397494036751,0.5610047846889952,-0.4285714285714286,-0.01566091326899742,0.3668119420343828,0.5253237333585334,-0.1049618320610687,-0.4056603773584906,-0.24888888888888888,0.1115492487658873,0.12339377678576183,0.09362675833286925,Utilities—Regulated Electric,Utilities,FTS
2010Q1,2010,Q1,2010-03-31,2010-03-31,106000000.0,1076000000.0,225000000.0,0.56,524000000.0,0.48698884758364314,12260000000.0,3804000000.0,1170000000.0,1581000000.0,8338000000.0,138000000.0,767000000.0,4855875024.0,10092875024.0,22.167832167832167,0.7400379506641366,0.4346655791190865,1.400893796004206,0.019526260082484762,22.167832167832167,0.02786540483701367,4.512895003717472,11.452535433962264,1.27651814511041,0.9811320754716981,4.0,0.02141735515967431,0.08776508972267537,0.44022770398481975,0.00864600326264274,79.60450859016393,0.48698884758364314,0.1226352941176472,0.5445200808987929,0.6096012576199277,0.47341030009762897,0.05220883534136546,0.24705882352941178,0.14795918367346939,0.5685195134244379,0.41968762582534347,0.2931144783437948,Utilities—Regulated Electric,Utilities,FTS
2009Q4,2009,Q4,2009-12-31,2009-12-31,85000000.0,1018000000.0,196000000.0,0.4988262910798122,498000000.0,0.48919449901768175,12160000000.0,3540000000.0,1126000000.0,1594000000.0,8497000000.0,178000000.0,763000000.0,4887578428.8,10493578428.8,20.774647887323944,0.7063989962358845,0.46800986842105263,1.6076271186440678,0.01814064680745441,20.774647887323944,0.02401129943502825,4.801157592141454,14.375230672941179,1.380671872542373,0.07058823529411765,2.9213483146067416,0.0012276017842793208,0.0837171052631579,0.42659974905897113,0.0069901315789473685,-25.589415857591625,0.48919449901768175,1.3753632908562485,1.245537029474416,0.6890611147386183,0.5006947264037103,0.2116788321167883,1.0731707317073171,0.42028985507246375,0.4575612816288595,0.5751209629200408,0.25361470427015764,Utilities—Regulated Electric,Utilities,FTS
2009Q3,2009,Q3,2009-09-30,2009-09-30,41000000.0,664000000.0,138000000.0,0.21,411000000.0,0.6189759036144579,11727000000.0,3447000000.0,918000000.0,1288000000.0,8156000000.0,211000000.0,682000000.0,5036639816.16,10510639816.16,20.22887323943662,0.7127329192546584,0.4758250191864927,1.6187989556135771,0.014636940243100487,20.22887323943662,0.011894400928343487,7.585300927951807,30.711218391219514,1.4611661781723237,1.2926829268292683,1.1990521327014219,0.010522888658813782,0.05662147181717404,0.359472049689441,0.0034962053381086384,-24.68941086352941,0.6189759036144579,-0.32258064516129037,-0.09882908654715233,0.22330774924410635,0.4749366791626098,-0.05517241379310345,-0.29310344827586204,-0.11538461538461539,-0.3564334254126912,0.18111072013452484,0.21571271176306292,Utilities—Regulated Electric,Utilities,FTS
2009Q2,2009,Q2,2009-06-30,2009-06-30,58000000.0,754000000.0,156000000.0,0.31,435000000.0,0.5769230769230769,11737000000.0,3467000000.0,986000000.0,1299000000.0,8133000000.0,134000000.0,691000000.0,5385403820.0,10626403820.0,20.394117647058824,0.7590454195535027,0.45820908238902613,1.5511970002884339,0.015821501014198783,20.394117647058824,0.016729160657629073,7.142445384615384,23.2129475,1.5533325122584367,0.8793103448275862,2.3805970149253732,0.009470041932714342,0.06424128823379058,0.45111624326404925,0.004941637556445429,-2692.70191,0.5769230769230769,-0.40384615384615385,0.11673701121641353,0.36589485848521314,0.3891994643460106,-0.1194331983805668,-0.3958333333333333,-0.26066350710900477,-0.07012615481442662,0.32630788426910134,0.33524953134573326,Utilities—Regulated Electric,Utilities,FTS
2009Q1,2009,Q1,2009-03-31,2009-03-31,96000000.0,1201000000.0,211000000.0,0.52,494000000.0,0.4113238967527061,11848000000.0,3463000000.0,1201000000.0,1568000000.0,8385000000.0,91000000.0,682000000.0,5840069489.080001,11057069489.080002,20.399507537155614,0.7659438775510204,0.4482613099257259,1.5336413514293965,0.019160453742672827,20.399507537155614,0.027721628645682932,4.86267234727727,15.20851429447917,1.6864191420964485,0.53125,7.769230769230769,0.008732772802680151,0.10136731937879812,0.5286989795918368,0.008102633355840648,584.0069489080001,0.4113238967527061,0.00918518518518517,0.9458607809111208,0.9686000589333881,0.7783367333586816,-0.006036217303822937,0.18518518518518517,4.576271186440678,0.5956763646451397,0.8697021989783377,0.3531938589918121,Utilities—Regulated Electric,Utilities,FTS
2008Q4,2008,Q4,2008-12-31,2008-12-31,81000000.0,1182000000.0,-59000000.0,0.5152671755725191,497000000.0,0.42047377326565144,11178000000.0,3393000000.0,1150000000.0,1697000000.0,7640000000.0,229000000.0,634000000.0,5210462224.8,10678462224.8,21.583969465648856,0.6776664702416029,0.49507962068348543,1.631005010315355,-0.005462675716640415,21.583969465648856,0.023872679045092837,4.40817447106599,16.081673533333333,1.535650523076923,0.6049382716049383,2.9912663755458517,0.009404156077895916,0.10574342458400429,0.44018856806128465,0.007246376811594203,-66.80079775384615,0.42047377326565144,0.6621521792661906,1.4203593371811583,1.475088925150944,1.028666129369567,0.22113022113022113,0.5,-1.2532188841201717,1.3841141653920022,1.1936389770710445,0.4504218527258192,Utilities—Regulated Electric,Utilities,FTS
2008Q3,2008,Q3,2008-09-30,2008-09-30,54000000.0,727000000.0,233000000.0,0.31,407000000.0,0.5598349381017882,10637000000.0,3038000000.0,993000000.0,1645000000.0,7469000000.0,308000000.0,602000000.0,4556529717.599999,10085529717.599998,19.325699745547073,0.6036474164133738,0.5261821942276957,1.8423304805793286,,19.325699745547073,0.017774851876234364,6.267578703713892,21.095044988888887,1.4998452,0.7222222222222222,1.0389610389610389,0.00855914531828006,0.0683463382532669,0.31975683890577505,0.005076619347560402,-22.119076299029125,0.5598349381017882,0.7222222222222223,0.31480268730609445,0.6748332306257678,0.8255121594025311,-0.004889975550122249,0.6875,0.6524822695035462,-0.05513958764357568,0.3943721545158225,0.30626008959424583,Utilities—Regulated Electric,Utilities,FTS
2008Q2,2008,Q2,2008-06-30,2008-06-30,32000000.0,848000000.0,141000000.0,0.18,409000000.0,0.482311320754717,10529000000.0,3015000000.0,1087000000.0,1659000000.0,7398000000.0,192000000.0,592000000.0,4362420526.000001,9624420526.0,19.203821656050955,0.6552139843279083,0.5053661316364327,1.7648424543946932,0.010613074404425878,19.203821656050955,0.010613598673300166,5.1443638278301895,34.081410359375006,1.4469056470978443,1.40625,2.2864583333333335,0.010315374167116687,0.08053946243707855,0.47920433996383366,0.0030392249976256055,218.12102630000004,0.482311320754717,-0.6727272727272727,-0.32192741622286497,0.81767728927667,0.8370073522651252,-0.14435146443514643,-0.6521739130434783,-0.3472222222222222,-0.4509754449825502,0.522425145735722,0.3150907677605803,Utilities—Regulated Electric,Utilities,FTS
2008Q1,2008,Q1,2008-03-31,2008-03-31,92000000.0,1146000000.0,216000000.0,0.55,478000000.0,0.41710296684118675,10376000000.0,2794000000.0,1051000000.0,1827000000.0,7462000000.0,172000000.0,603000000.0,4376919574.800001,9856919574.800001,17.841634738186464,0.5752599890530925,0.5345990747879722,1.9853256979241232,0.019689654113257123,17.841634738186464,0.0329277022190408,3.8193015486911004,11.893803192391307,1.566542439083751,0.4673913043478261,3.883720930232558,0.009824260936292128,0.11044718581341557,0.4701696770662288,0.008866615265998457,190.30085107826093,0.41710296684118675,0.054280397022332554,1.030191312395058,1.1441545798621897,1.0781643838282886,0.038227628149435276,0.141439205955335,0.1320754716981132,0.46892981886102225,0.8785215207184156,0.18586464363305202,Utilities—Regulated Electric,Utilities,FTS
2007Q4,2007,Q4,2007-12-31,2007-12-31,80600000.0,1018100000.0,190800000.0,0.5216828478964401,460400000.0,0.4522149101267066,10273000000.0,2723000000.0,1064000000.0,1804000000.0,7435000000.0,233000000.0,551000000.0,4201561992.0,9677561992.0,17.624595469255663,0.5898004434589801,0.5386936630000974,2.032317297098788,0.01834953593636926,17.624595469255663,0.029599706206390013,4.126865722424124,13.03214017369727,1.5429900815277269,0.0,2.3935622317596565,0.0,0.09910444855446315,0.38414634146341464,0.007845809403290178,-40.950896608187136,0.4522149101267066,1.6084142394822005,1.6049170941888116,1.3013950041234434,1.0665105291908024,0.21541710665258712,1.4953560371517027,0.4509505703422053,1.3484290494337487,0.8630698164684989,0.27314492255963363,Utilities—Regulated Electric,Utilities,FTS
2007Q3,2007,Q3,2007-09-30,2007-09-30,32300000.0,651000000.0,131500000.0,0.2,378800000.0,0.581874039938556,10006000000.0,2673600000.0,960600000.0,1466800000.0,7218900000.0,278400000.0,511200000.0,4177555473.0000005,9537655473.0,17.304854368932038,0.6548950095445869,0.5407555466719968,2.0237881508078996,0.015272918673114916,17.304854368932038,0.012081089168162777,6.417135903225807,32.334020688854494,1.5625207484290846,0.0,0.9777298850574713,0.0,0.06506096342194684,0.3230842650668121,0.0032280631621027386,-26.67659944444445,0.581874039938556,-0.25925925925925924,-0.20359299039452564,0.6992534944045934,0.9196708353676268,0.17130488559059986,-0.2505800464037123,0.09674728940783987,-0.21699066793410737,0.322786465734281,0.2617393037268366,Utilities—Regulated Electric,Utilities,FTS
2007Q2,2007,Q2,2007-06-30,2007-06-30,43100000.0,565900000.0,119900000.0,0.27,323400000.0,0.5714790599045768,9831100000.0,2670100000.0,894900000.0,1621100000.0,7041500000.0,178000000.0,513000000.0,3804295197.0,8989995197.0,20.36689549961861,0.5520325704768367,0.5339382164762845,1.9659188794427176,0.01326308506982889,20.36689549961861,0.016141717538668963,6.722557336985333,22.066677476798144,1.424776299389536,0.7867517401392111,1.3623595505617978,0.008913346163762485,0.05756222599709086,0.32977607797174757,0.004384046546164722,-29.979394288281046,0.5714790599045768,-0.22857142857142848,0.2527129509953552,0.633792934055907,1.1464964415560226,0.20500782472613457,0.0006733068654082794,0.21331714227889093,0.07608459996089607,0.32932706795238986,0.3873451555057483,Utilities—Regulated Electric,Utilities,FTS
2007Q1,2007,Q1,2007-03-31,2007-03-31,43071000.0,483046000.0,98820000.0,0.35,268380000.0,0.5555992596978342,5499400000.0,1874876000.0,412729000.0,514012000.0,3496723000.0,32113000.0,503877000.0,3441365864.0060005,6045650864.0060005,17.142977314912176,0.8029559621176159,0.4814176091937302,1.4120976533914775,0.01884954201458782,17.142977314912176,0.02297271926250056,7.124302579890943,19.974959160490823,1.8355165162954779,0.5918367346938775,6.684707127954411,0.007407233350750628,0.08783612757755392,0.6066220243885356,0.007831945303123977,-78.38566530774663,0.5555992596978342,0.02269358630994329,0.5831627886463224,0.45671627044257707,1.074757399789266,0.0,0.2142595359589524,0.07125434973495073,0.35510203005224444,0.22899321560974745,0.4944471685267794,Utilities—Regulated Electric,Utilities,FTS
