Quarters,Year,Quarter,FillingDate,Date,NetIncome,Revenue,OperatingIncome,EPSDiluted,GrossProfit,GrossProfitRatio,TotalAssets,CommonStockEquity,CurrentAssets,CurrentLiability,TotalLiability,Inventory,RetainedEarnings,MarketCap,EnterpriseValue,bookValuePerShare,currentRatio,debtToAssets,debtToEquity,roic,shareholdersEquityPerShare,roe,priceToSalesRatio,peRatio,pbRatio,payoutRatio,inventoryTurnover,dividendYield,assetTurnover,quickRatio,returnOnAssets,priceToFreeCashFlowsRatio,grossProfitMargin,epsdilutedGrowth,fiveYNetIncomeGrowthPerShare,fiveYRevenueGrowthPerShare,fiveYShareholdersEquityGrowthPerShare,grossProfitGrowth,netIncomeGrowth,operatingIncomeGrowth,threeYNetIncomeGrowthPerShare,threeYRevenueGrowthPerShare,threeYShareholdersEquityGrowthPerShare,Industry,Sector,Symbol
2023Q1,2023,Q1,2023-03-31,2023-03-31,-31800000.0,201600000.0,21000000.0,-0.0466,29300000.0,0.1453373016,2228800000.0,877800000.0,358600000.0,157500000.0,1351000000.0,125100000.0,-2312600000.0,750970000.0000001,949070000.0000001,1.2857770616669109,2.2768253968253966,0.17740488155061018,0.4504442925495557,0.016648343018690122,1.2857770616669109,-0.036226930963773066,3.725049603174604,-5.9038522012578625,0.8555137844611529,0.0,1.3772981614708233,0.0,0.09045226130653267,1.412063492063492,-0.014267767408470926,-300.38800000000003,0.1453373015873016,-0.8790322580645163,0.07368710351107417,-0.1154813687341184,-0.648239405480716,-0.45539033457249073,-0.8816568047337278,3.727272727272727,-0.11264719537525326,0.40282152393749704,-0.07415286143285928,Gold,Basic Materials,NGD
2022Q4,2022,Q4,2022-12-31,2022-12-31,-16900000.0,162800000.0,-7700000.0,-0.0248,53800000.0,0.3304668305,2243500000.0,959500000.0,377500000.0,171200000.0,1284000000.0,115700000.0,-2280800000.0,668654000.0,864054000.0,1.4062729004836583,2.205023364485981,0.1765990639625585,0.4129233976029182,-0.01682374691334083,1.4062729004836583,-0.01761334028139656,4.107211302211303,-9.891331360946745,0.6968775403856174,0.0,0.9420916162489196,0.0,0.07256518832181859,1.473714953271028,-0.007532872743481168,-18.120704607046072,0.33046683046683045,-3.0,0.9202725322806034,-0.2871452803842907,-0.6200203955271779,17.8125,-3.0238095238095237,0.32456140350877194,-56.81318090771411,0.15874130939806363,-0.011088650029176066,Gold,Basic Materials,NGD
2022Q3,2022,Q3,2022-09-30,2022-09-30,-4200000.0,151200000.0,-11400000.0,-0.0062,-3200000.0,-0.0211640212,2254900000.0,1023100000.0,401700000.0,178400000.0,1231800000.0,101600000.0,-2263900000.0,600424000.0,752124000.0,1.499487029166056,2.251681614349776,0.17681493636081422,0.38969797673736684,-0.00211202185069223,1.499487029166056,-0.004105170560062555,3.971058201058201,-35.73952380952381,0.5868673638940475,0.0,1.5196850393700787,0.0,0.06705397135127944,1.6350896860986548,-0.0018626103153133176,-37.06320987654321,-0.021164021164021163,0.8884892086330936,-1.131366130897129,-0.10394470714379384,-0.6297388359950797,0.0,0.8891820580474934,0.2919254658385093,0.8478034226933074,-0.19635869037345047,-0.04361699351257398,Gold,Basic Materials,NGD
2022Q2,2022,Q2,2022-06-30,2022-06-30,-37900000.0,115700000.0,-16100000.0,-0.0556,-3200000.0,-0.0276577355,2293800000.0,998500000.0,471500000.0,168100000.0,1295300000.0,110800000.0,-2259700000.0,729740000.0,853040000.0,1.4640762463343109,2.8048780487804876,0.1746010986136542,0.4011016524787181,-0.011897754072005797,1.4640762463343109,-0.03795693540310466,6.307173725151253,-4.8135883905013195,0.7308362543815724,0.0,1.0731046931407942,0.0,0.05044031737727788,2.075550267697799,-0.016522800592902606,-18.856330749354004,-0.027657735522904063,-3.87719298245614,-2.3852064846199745,-0.473688726109819,-0.6348054485187593,-1.1042345276872965,-3.858974358974359,-1.875,0.09855302824942297,-0.36658148843523525,-0.050882621457293824,Gold,Basic Materials,NGD
2022Q1,2022,Q1,2022-03-31,2022-03-31,-7800000.0,174700000.0,18400000.0,-0.0114,30700000.0,0.1757298226,2434600000.0,933400000.0,637900000.0,146100000.0,1501200000.0,92200000.0,-2221800000.0,1226340000.0,1294840000.0,1.3700278878614414,4.366187542778919,0.2053725457980777,0.5356760231412042,0.01363497744129464,1.3700278878614414,-0.008356545961002786,7.019690898683457,-39.30576923076923,1.3138418684379687,0.0,1.561822125813449,0.0,0.07175716750184835,3.6372347707049966,-0.003203811714450012,-117.91730769230769,0.17572982255294792,-1.0518181818181818,-1.161228240129165,-0.20108425372801517,-0.6841111912418673,-0.40618955512572535,-1.05168986083499,-0.54,0.5052281525003779,-0.11558238301212155,-0.14634909634112253,Gold,Basic Materials,NGD
2021Q4,2021,Q4,2021-12-31,2021-12-31,150900000.0,202600000.0,40000000.0,0.22,51700000.0,0.2551826259,2476800000.0,955900000.0,686300000.0,172900000.0,1520900000.0,101000000.0,-2214000000.0,1021200000.0,1041400000.0,1.4040834312573442,3.9693464430306538,0.20255975452196381,0.5248456951563971,0.026217324769586374,1.4040834312573442,0.1578617010147505,5.040473840078973,1.6918489065606361,1.0683125849984307,0.0,1.494059405940594,0.0,0.08179909560723514,3.3030653556969347,0.06092538759689922,21.45378151260504,0.255182625863771,14.25301204819277,6.657062805829841,-0.10355714288671486,-0.6541865666930636,0.19953596287703015,14.353982300884956,0.15606936416184972,1.1763887500611605,0.09488556702108437,-0.15239787861865106,Gold,Basic Materials,NGD
2021Q3,2021,Q3,2021-09-30,2021-09-30,-11300000.0,179800000.0,34600000.0,-0.0166,43100000.0,0.2397107898,2270100000.0,828200000.0,361800000.0,151700000.0,1441900000.0,106900000.0,-2364900000.0,721648000.0,1074748000.0,1.2165099882491186,2.3849703361898484,0.22201665124884365,0.6085486597440232,0.05929833288844669,1.2165099882491186,-0.013644047331562425,4.013615127919911,-15.965663716814161,0.8713450857280851,0.0,1.2787652011225443,0.0,0.07920355931456764,1.6156888595912986,-0.004977754283952249,-656.0436363636363,0.2397107897664071,0.2844827586206896,-2.669575585815995,-0.24183635960721675,-0.7044705100289825,-0.16795366795366795,0.2848101265822785,-0.1218274111675127,-1.6319297343682355,0.03898900082360011,-0.5805312934518472,Gold,Basic Materials,NGD
2021Q2,2021,Q2,2021-06-30,2021-06-30,-15800000.0,198200000.0,39400000.0,-0.0232,51800000.0,0.2613521695,2284200000.0,818800000.0,386400000.0,172400000.0,1465400000.0,93000000.0,-2353600000.0,1232248000.0,1599748000.0,1.2027027027027026,2.2412993039443156,0.2214779791611943,0.6178553981436248,0.04381074366787949,1.2027027027027026,-0.019296531509526135,6.217194752774975,-19.49759493670886,1.5049438202247192,0.0,1.5741935483870968,0.0,0.08676998511513878,1.644431554524362,-0.0069170825672007705,40.66825082508251,0.2613521695257316,-2.16,-0.3481732720863157,-0.1745719531294298,-0.7094415776835437,1.0,-2.0463576158940397,1.010204081632653,0.955469283289748,-0.13734857879317913,-0.6173278787914812,Gold,Basic Materials,NGD
2021Q1,2021,Q1,2021-03-31,2021-03-31,15100000.0,164900000.0,19600000.0,0.02,25900000.0,0.1570648878,2221200000.0,840500000.0,380500000.0,146800000.0,1380700000.0,95900000.0,-2339500000.0,1048124000.0,1424424000.0,1.2349397590361446,2.5919618528610355,0.22848010084638934,0.6038072575847709,0.011404086759838318,1.2349397590361446,0.017965496728138013,6.3561188599151,17.353046357615895,1.2470243902439024,0.0,1.4494264859228363,0.0,0.07423915000900415,1.8869209809264305,0.006798127138483702,-2096.248,0.15706488781079442,1.641025641025641,-0.5781290432936698,-0.2008475293549286,-0.7050268098407221,-0.49015748031496065,1.7156398104265402,-0.5299760191846523,1.44121015114014,-0.2742700083777011,-0.6621473840333678,Gold,Basic Materials,NGD
2020Q4,2020,Q4,2020-12-31,2020-12-31,-21100000.0,198900000.0,41700000.0,-0.0312,50800000.0,0.255404726,2250100000.0,789300000.0,418800000.0,158700000.0,1460800000.0,93000000.0,-2354600000.0,1480440000.0,1802840000.0,1.167603550295858,2.6389413988657844,0.22607884094040265,0.6444951222602305,0.04173956356736243,1.167603550295858,-0.02673254782718865,7.443137254901961,-17.540758293838863,1.8756366400608133,0.0,1.59247311827957,0.0,0.08839607128572063,1.976685570258349,-0.009377361006177504,-137.07777777777778,0.25540472599296127,-2.5599999999999996,-0.6733463095608844,-0.24697622729029756,-0.7167743912337206,0.36193029490616624,-2.343949044585987,0.38079470198675497,0.8995309267141973,-0.12095706618962437,-0.6845096459798853,Gold,Basic Materials,NGD
2020Q3,2020,Q3,2020-09-30,2020-09-30,15700000.0,173700000.0,30200000.0,0.02,37300000.0,0.2147380541,2394300000.0,846500000.0,588800000.0,188500000.0,1547800000.0,97500000.0,-2333500000.0,1149200000.0,1435800000.0,1.2522189349112427,3.123607427055703,0.2936139999164683,0.8304784406379209,0.017048030688900227,1.2522189349112427,0.01854695806261075,6.616004605641911,18.29936305732484,1.357590076786769,0.0,1.398974358974359,0.0,0.07254729983711314,2.561273209549072,0.0065572401119325064,35.03658536585366,0.21473805411629246,1.2962962962962963,1.074928847841249,-0.2621849938425495,-0.6972768603621665,0.7188940092165899,1.344298245614035,0.6502732240437158,-0.5043644532106071,0.038990345686701997,-0.6907955644757412,Gold,Basic Materials,NGD
2020Q2,2020,Q2,2020-07-30,2020-06-30,-45600000.0,128500000.0,18300000.0,-0.0675,21700000.0,0.1688715953,2751300000.0,837700000.0,834500000.0,165000000.0,1913600000.0,100600000.0,-2349200000.0,912600000.0000001,1315200000.0,1.2392011834319527,5.057575757575758,0.40082869916039693,1.3164617404798853,0.007925400486875336,1.2392011834319527,-0.054434761847916915,7.101945525291829,-5.003289473684211,1.0894114838247582,0.0,1.0616302186878728,0.0,0.04670519390833424,4.38969696969697,-0.016573983207938067,351.00000000000006,0.1688715953307393,-0.6109785202863963,-4.65336774518444,-0.4229326989234791,-0.7208507422631827,35.166666666666664,-0.6113074204946997,2.710280373831776,-2.681426266041651,-0.4102742106202816,-0.690897573462087,Gold,Basic Materials,NGD
2020Q1,2020,Q1,2020-04-02,2020-03-31,-28300000.0,142300000.0,-10700000.0,-0.0419,600000.0,0.0042164441,2457700000.0,938800000.0,526000000.0,172100000.0,1518900000.0,100900000.0,-2303600000.0,345165600.00000006,716465600.0,1.3887573964497042,3.0563625798954095,0.3139927574561582,0.822006817213464,-0.007568509242874139,1.3887573964497042,-0.030144865786109927,2.4256191145467327,-3.049166077738516,0.3676668086919472,0.0,1.404360753221011,0.0,0.05789966228587704,2.4230098779779197,-0.011514830939496278,-24.65468571428572,0.004216444132115249,-105.74999999999999,0.513881683823728,-0.3661231217659691,-0.6853939638170595,1.019736842105263,-95.33333333333333,0.7146666666666667,-1.5895554240631165,-0.34414977919743067,-0.6797927082321478,Gold,Basic Materials,NGD
2019Q4,2019,Q4,2020-01-17,2019-12-31,300000.0,139200000.0,-37500000.0,0.0004,-30400000.0,-0.2183908046,2158500000.0,961300000.0,228700000.0,171900000.0,1197200000.0,110000000.0,-2275300000.0,594880000.0,1249880000.0,1.4220414201183431,1.3304246655031995,0.34208941394486914,0.768126495370852,0.001036037529423467,1.4220414201183431,0.0003120773951940081,4.273563218390804,495.73333333333335,0.6188286695100386,0.0,1.5418181818181818,0.0,0.06448922863099374,0.6480511925538104,0.0001389854065323141,-10.935294117647059,-0.21839080459770116,1.00990099009901,1.0005177686046656,-0.44836971395675845,-0.6844986475882208,-3.4715447154471546,1.0121457489878543,-5.411764705882353,1.0113265035767907,-0.3797093190923084,-0.6497636715537425,Gold,Basic Materials,NGD
2019Q3,2019,Q3,2019-10-10,2019-09-30,-24700000.0,168400000.0,8500000.0,-0.0404,12300000.0,0.07304038,2250200000.0,957500000.0,332500000.0,184900000.0,1292700000.0,123300000.0,-2275600000.0,616807000.0,1191107000.0,1.5678729327001801,1.7982693347755543,0.3346813616567416,0.7865274151436031,0.005212284855153348,1.5678729327001801,-0.025796344647519582,3.662749406175772,-6.2429858299595145,0.6441848563968668,0.0,1.2660178426601785,0.0,0.07483779219624923,1.0973499188750675,-0.01097680206203893,21.642350877192982,0.07304038004750593,0.3441558441558442,0.6580464380735938,-0.17926762071663332,-0.7067585291412587,-0.25,0.3081232492997199,0.1038961038961039,-5.068330459742436,-0.20839782322504774,-0.6191131247453746,Gold,Basic Materials,NGD
2019Q2,2019,Q2,2019-08-09,2019-06-30,-35700000.0,155100000.0,7700000.0,-0.0616,16400000.0,0.1057382334,2169300000.0,893300000.0,289300000.0,138800000.0,1276000000.0,139000000.0,-2250900000.0,495362140.0,1195362140.0,1.5425660507684338,2.0842939481268012,0.37325404508366755,0.9064144184484496,0.00457701757412241,1.5425660507684338,-0.03996417776782716,3.1938242424242422,-3.468922549019608,0.5545305496473749,0.0,0.9978417266187051,0.0,0.07149771815793113,1.032420749279539,-0.016456921587608905,39.948559677419354,0.10573823339780787,-1.666666666666667,-2.917157530523098,-0.24237817574192796,-0.7171962240257871,-0.1717171717171717,-1.664179104477612,-0.37398373983739835,-2.5811525721731217,-0.24063014758973925,-0.6273347045591572,Gold,Basic Materials,NGD
2019Q1,2019,Q1,2019-04-01,2019-03-31,-13400000.0,167900000.0,12300000.0,-0.0231,19800000.0,0.1179273377,2168800000.0,929400000.0,296800000.0,126300000.0,1239400000.0,127700000.0,-2215200000.0,492872010.0,1159572010.0,1.6049041616301156,2.3499604117181314,0.3684064920693471,0.859694426511728,0.009730702426594656,1.6049041616301156,-0.01441790402410157,2.9355092912447884,-9.195373320895522,0.5303120400258231,0.0,1.1597494126859829,0.0,0.07741608262633715,1.2969121140142519,-0.00617853190704537,20.622259832635983,0.1179273377010125,0.9816666666666668,-5.472591569293347,-0.2336950585372994,-0.7033737444457957,-0.04807692307692308,0.9815858183317301,0.24242424242424243,-1.4399930927300986,-0.04369138809859507,-0.6166584669478757,Gold,Basic Materials,NGD
2018Q4,2018,Q4,2019-01-08,2018-12-31,-727700000.0,157400000.0,9900000.0,-1.26,20800000.0,0.1321473952,2169600000.0,959300000.0,290400000.0,130900000.0,1210300000.0,141800000.0,-2187000000.0,438262880.0,1115062880.0,1.656536004144362,2.2184873949579833,0.3597437315634218,0.8136140936099239,0.006239020683078902,1.656536004144362,-0.7585739601792975,2.784389326556544,-0.1505644084100591,0.45685695819868655,0.0,0.9633286318758815,0.0,0.07254793510324484,1.1046600458365163,-0.33540744837758113,18.570461016949153,0.13214739517153748,-48.90874524714829,-1.483114782784735,-0.3104965783947282,-0.6934686676400391,1.9295774647887325,-48.875,2.96,-66.36725954066654,-0.3043804760289099,-0.5981740393833475,Gold,Basic Materials,NGD
2018Q3,2018,Q3,2018-10-01,2018-09-30,15200000.0,147100000.0,2500000.0,0.0263,7100000.0,0.0482664854,3210300000.0,1678300000.0,294400000.0,138700000.0,1532000000.0,122800000.0,-1458600000.0,457173000.0,1267973000.0,2.900120960774149,2.122566690699351,0.2927452263028377,0.5599713996305785,0.0008639489560768351,2.900120960774149,0.009056783650122148,3.107906186267845,7.519292763157895,0.2724024310314008,0.0,1.1400651465798046,0.0,0.04582126281032925,1.193943763518385,0.004734759991278073,-86.25905660377359,0.04826648538409246,1.050576923076923,0.0663471262609524,-0.35765041630960304,-0.5148507457878154,-0.42276422764227645,1.0503978779840848,-0.5370370370370371,1.084739559823677,-0.2701164901668568,-0.29889758244450393,Gold,Basic Materials,NGD
2018Q2,2018,Q2,2018-07-10,2018-06-30,-301600000.0,195300000.0,5400000.0,-0.52,12300000.0,0.0629800307,3517100000.0,1818800000.0,407300000.0,137600000.0,1698300000.0,198900000.0,-1292800000.0,1203696000.0,1995396000.0,3.1429065146016932,2.960029069767442,0.2726962554377186,0.527325709258852,0.0014679133787617602,3.1429065146016932,-0.16582361996921047,6.163317972350231,-0.9977586206896553,0.66180778535298,0.0,0.9200603318250377,0.0,0.05552870262432117,1.473110465116279,-0.08575246652071308,75.70415094339623,0.0629800307219662,-9.337972166998012,-17.573146708138932,-0.1227344574351324,-0.4563707410287531,0.5974025974025974,-9.36426116838488,2.176470588235294,-29.226244443709113,0.024516118262727694,-0.29201163425499027,Gold,Basic Materials,NGD
2018Q1,2018,Q1,2018-04-09,2018-03-31,-29100000.0,193200000.0,1700000.0,-0.0503,7700000.0,0.0398550725,3951500000.0,2115300000.0,434200000.0,153800000.0,1836200000.0,195300000.0,-990800000.0,1533555000.0,2350655000.0,3.6552617936754794,2.823146944083225,0.2551942300392256,0.47671725050820213,0.0006571364392981671,3.6552617936754794,-0.013756913912920153,7.9376552795031055,-13.174871134020618,0.7249822720181535,0.0,0.9498207885304659,0.0,0.04889282550930026,1.4947984395318596,-0.00736429204099709,-425.9875,0.03985507246376811,0.8377419354838709,-1.6596632234975226,-0.21218931123260282,-0.3624278721848052,0.2833333333333333,0.8379732739420935,0.3076923076923077,0.41609559451865424,0.0053107949127109404,-0.17194505890011627,Gold,Basic Materials,NGD
2017Q4,2017,Q4,2018-01-17,2017-12-31,-179600000.0,193500000.0,1300000.0,-0.31,6000000.0,0.0310077519,4017300000.0,2139500000.0,455000000.0,181200000.0,1877800000.0,193200000.0,-961300000.0,1971321000.0,2762821000.0,3.7009167964020064,2.511037527593819,0.2508401164961541,0.4709978967048376,0.0002404751330502728,3.7009167964020064,-0.08394484692685207,10.187705426356588,-2.7440437082405347,0.9213933161953728,0.0,0.9704968944099379,0.0,0.04816667911283698,1.42439293598234,-0.04470664376571329,97.10940886699507,0.031007751937984496,-7.199999999999999,-2.1940470710667643,-0.36471773747358494,-0.341536865889544,-0.7209302325581395,-7.651851851851852,-0.8785046728971962,0.6375363017644206,-0.10332809426027671,-0.17889574951260526,Gold,Basic Materials,NGD
2017Q3,2017,Q3,2017-10-03,2017-09-30,27000000.0,142500000.0,10700000.0,0.05,21500000.0,0.150877193,4321200000.0,2333500000.0,405800000.0,177900000.0,1987700000.0,160000000.0,-765700000.0,2137702000.0,2907602000.0,4.049809094064561,2.2810567734682405,0.22609460335092105,0.4186843796871652,0.0025438946812620625,4.049809094064561,0.011570602099850011,15.001417543859649,19.793537037037037,0.9160925648167987,0.0,0.75625,0.0,0.03297695084698695,1.3766160764474424,0.006248264371008053,-25.268345153664303,0.15087719298245614,0.25000000000000006,0.216747462062564,-0.4153111797818142,-0.21733493758294017,-0.21245421245421245,0.16883116883116883,-0.3141025641025641,1.3961764068684206,-0.26391323236562425,-0.24255853221767779,Gold,Basic Materials,NGD
2017Q2,2017,Q2,2017-07-13,2017-06-30,23100000.0,185600000.0,15600000.0,0.04,27300000.0,0.1470905172,4143400000.0,2308400000.0,423100000.0,176900000.0,1835000000.0,165100000.0,-792600000.0,1831044000.0,2512344000.0,4.009030913511636,2.391746749576032,0.2124100979871603,0.38125974701091664,0.003717719105667572,4.009030913511636,0.010006931207762953,9.865538793103449,19.816493506493508,0.7932091491942471,0.0,0.9588128407026045,0.0,0.04479413042428923,1.3985302430751838,0.005575131534488584,-16.938427382053654,0.1470905172413793,-0.4285714285714286,-0.21828957839615554,-0.15471943437360636,-0.2117802810542943,-0.061855670103092786,-0.384,0.033112582781456956,0.24762327454234356,-0.08819796941939921,-0.2650109991895333,Gold,Basic Materials,NGD
2017Q1,2017,Q1,2017-04-04,2017-03-31,37500000.0,169500000.0,15100000.0,0.07,29100000.0,0.1716814159,4138600000.0,2290400000.0,551700000.0,174900000.0,1848200000.0,159600000.0,-815800000.0,1573738000.0,2114238000.0,4.337057375497065,3.1543739279588334,0.21504856714831103,0.3885784142507859,0.004473458349475968,4.337057375497065,0.016372685993712888,9.284589970501475,10.491586666666667,0.6871018162766329,0.0,0.8796992481203008,0.0,0.040955878799594066,2.1852487135506005,0.009061035132653555,-23.523736920777278,0.17168141592920355,2.794871794871795,-0.0228796296097075,-0.12244093158248816,-0.14423496544053413,3.4453781512605044,2.8656716417910446,1.648068669527897,20.862873193208355,-0.15168327401604614,-0.19840379246649573,Gold,Basic Materials,NGD
2016Q4,2016,Q4,2017-01-30,2016-12-31,-20100000.0,170300000.0,-23300000.0,-0.039,-11900000.0,-0.0698766882,3948000000.0,2082900000.0,409600000.0,175400000.0,1865100000.0,150000000.0,-843600000.0,1795500000.0,2499100000.0,4.060233918128655,2.3352337514253136,0.22530395136778114,0.4270488261558404,-0.009268208696478188,4.060233918128655,-0.00965000720149791,10.54315913094539,-22.332089552238806,0.862019300014403,0.0,1.2146666666666666,0.0,0.04313576494427558,1.3683010262257698,-0.005091185410334346,-15.875331564986737,-0.06987668819729888,-4.9,-1.5165530595064916,-0.13750169888874947,-0.1791861656496396,-1.4541984732824427,-4.9411764705882355,-2.339080459770115,0.9225758087142998,-0.1578633944853172,-0.24867982977530348,Gold,Basic Materials,NGD
2016Q3,2016,Q3,2016-10-04,2016-09-30,5100000.0,178700000.0,17400000.0,0.01,26200000.0,0.1466144376,3831500000.0,2111700000.0,422400000.0,180200000.0,1719800000.0,154500000.0,-823500000.0,2231550000.0,2869350000.0,4.116374269005848,2.344062153163152,0.20592457262168865,0.37363261826964056,0.03399179508394525,4.116374269005848,0.0024151157834919734,12.487688864017906,109.38970588235293,1.0567552209120612,0.0,0.9870550161812298,0.0,0.0466396972465092,1.4450610432852387,0.0013310713819652878,-33.30671641791045,0.14661443760492446,1.5813953488372094,-0.8900720690670152,-0.10654379570520096,-0.12041245634463811,-0.2132132132132132,1.5795454545454546,-0.21621621621621623,-0.5963905665803854,-0.11972281895214221,-0.31138875458031723,Gold,Basic Materials,NGD
2016Q2,2016,Q2,2016-07-05,2016-06-30,-8800000.0,180300000.0,22200000.0,-0.0172,33300000.0,0.1846921797,3773700000.0,2116000000.0,485600000.0,163600000.0,1657700000.0,141000000.0,-828300000.0,2239056000.0,2808056000.0,4.139280125195618,2.968215158924205,0.20894612714312213,0.3726370510396975,0.022420382165605098,4.139280125195618,-0.004158790170132325,12.418502495840267,-63.60954545454546,1.058155009451796,0.0,1.0425531914893618,0.0,0.04777804276969552,2.0599022004889975,-0.002331928876169277,-37.950101694915254,0.18469217970049917,-1.344,-1.09118843177325,-0.1443807561383879,-0.19189345518230322,1.22,-1.328358208955224,5.529411764705882,-1.5474178403755867,-0.08317342748589625,-0.2840277696202235,Gold,Basic Materials,NGD
2016Q1,2016,Q1,2016-04-13,2016-03-31,26800000.0,154500000.0,3400000.0,0.05,15000000.0,0.0970873786,3735600000.0,2133500000.0,582900000.0,159200000.0,1602100000.0,160100000.0,-819500000.0,1900808000.0,2390508000.0,4.186616954474097,3.66143216080402,0.2109433558196809,0.36934614483243494,0.0014781733398330568,4.186616954474097,0.012561518631356926,12.3029644012945,17.73141791044776,0.8909341457698619,0.0,0.8713304184884447,0.0,0.041358817860584644,2.590452261306533,0.007174215654781026,-41.41193899782135,0.0970873786407767,3.6737967914438507,-0.15040305784267924,-0.29286751166514974,0.06514726778282512,0.7647058823529411,3.8210526315789473,1.6153846153846154,-0.31009682957734913,-0.2845697591379313,-0.2697457991573331,Gold,Basic Materials,NGD
2015Q4,2015,Q4,2016-01-05,2015-12-31,-9500000.0,199000000.0,1300000.0,-0.0187,8500000.0,0.0427135678,3675500000.0,2099600000.0,614600000.0,147300000.0,1575900000.0,145900000.0,-846300000.0,1181576000.0,1633676000.0,4.122521107402317,4.172437202987101,0.2142837709155217,0.3751190702991046,0.00010614145639485516,4.122521107402317,-0.004524671365974471,5.93756783919598,-31.09410526315789,0.5627624309392264,0.0,1.3056888279643593,0.0,0.05414229356550129,3.124236252545825,-0.0025846823561420213,-13.933679245283018,0.04271356783919598,0.9396774193548387,-1.102208258301895,-0.1759736747879684,-0.13042525083543505,-0.23423423423423423,0.9397972116603295,1.7647058823529411,-1.0716915572133936,-0.258402717035871,-0.26652548053615416,Gold,Basic Materials,NGD
2015Q3,2015,Q3,2015-10-29,2015-09-30,-157800000.0,177300000.0,-1700000.0,-0.31,11100000.0,0.062605753,3919800000.0,2105900000.0,683800000.0,164800000.0,1813900000.0,160400000.0,-836800000.0,1155657000.0,1558157000.0,4.1365154193675115,4.149271844660194,0.20080106127863667,0.37375943777007453,-0.00038380493678506924,4.1365154193675115,-0.07493233296927679,6.518087986463621,-1.8308887832699619,0.5487710717507953,0.0,1.0361596009975063,0.0,0.04523189958671361,3.153519417475728,-0.040257155977345783,-44.96719844357977,0.06260575296108291,-16.5,-5.423468018691743,0.07310809035953461,-0.12064066466916704,-0.4032258064516129,-17.78723404255319,-1.1827956989247312,-9.048479471373806,-0.17664179453134532,-0.20057809548768024,Gold,Basic Materials,NGD
2015Q2,2015,Q2,2015-07-20,2015-06-30,9400000.0,167700000.0,9300000.0,0.02,18600000.0,0.1109123435,3910500000.0,2260000000.0,564800000.0,99800000.0,1650500000.0,186800000.0,-679300000.0,1369479000.0,1921979000.0,4.439206442742094,5.659318637274549,0.22485615650172613,0.389070796460177,0.002703589539316631,4.439206442742094,0.00415929203539823,8.166243291592128,36.42231382978723,0.6059641592920354,0.0,0.7981798715203426,0.0,0.04288454161871883,3.75250501002004,0.002403784682265695,-80.55758823529412,0.11091234347048301,1.232288037166086,-0.58670229157387,0.1430326270826186,-0.03646585536438216,0.30985915492957744,1.2146118721461188,0.86,-0.6402255324403866,-0.13617744779259391,-0.12720302483893947,Gold,Basic Materials,NGD
2015Q1,2015,Q1,2015-04-07,2015-03-31,-43800000.0,168900000.0,5000000.0,-0.0861,14200000.0,0.0840734162,3907800000.0,2245100000.0,606100000.0,109400000.0,1662700000.0,178700000.0,-688700000.0,1724154000.0,2235254000.0,4.414274478961856,5.540219378427788,0.22439735912789804,0.390583938354639,0.0018958740931835103,4.414274478961856,-0.01950915326711505,10.208134991119005,-9.841061643835618,0.767963119682865,0.0,0.8656966983771684,0.0,0.04322124980807616,3.8235831809872027,-0.011208352525717795,2873.59,0.08407341622261694,0.8998837209302326,-2.9148463609925743,0.2710849553783949,-0.019079258116308166,1.6296296296296295,0.8985876360268581,8.142857142857142,-2.1850337565089197,-0.09202034566651779,-0.12899889833465336,Gold,Basic Materials,NGD
2014Q4,2014,Q4,2014-12-31,2014-12-31,-431900000.0,188100000.0,-700000.0,-0.86,5400000.0,0.028708134,3881800000.0,2271200000.0,634500000.0,104900000.0,1610600000.0,187500000.0,-644900000.0,2166770000.0,2670570000.0,4.507243500694583,6.048617731172545,0.22523056314081097,0.38495068686157097,-0.00022857332946997307,4.507243500694583,-0.19016379006692496,11.519245082402977,-1.2542081500347302,0.9540199013737231,0.0,0.9744,0.0,0.04845690143747746,4.163965681601526,-0.11126281621927972,-115.25372340425533,0.028708133971291867,-6.166666666666667,-144.2635425381372,0.10190675671363936,0.012752067714104571,-0.7476635514018691,-6.246644295302014,-1.0786516853932584,-12.299912786103015,-0.030148140858083882,-0.08881904472612369,Gold,Basic Materials,NGD
2014Q3,2014,Q3,2014-10-02,2014-09-30,-59600000.0,169300000.0,8900000.0,-0.12,21400000.0,0.1264028352,4250700000.0,2694200000.0,697800000.0,114400000.0,1556500000.0,223400000.0,-213000000.0,2544695000.0,3000495000.0,5.346695772970827,6.09965034965035,0.20511915684475499,0.32362111201840993,0.012934358933093394,5.346695772970827,-0.022121594536411552,15.0306851742469,-10.674056208053692,0.9445085739737213,0.0,0.6620411817367949,0.0,0.039828734090855626,4.134615384615385,-0.014021220034347285,-164.17387096774195,0.12640283520378026,-5.0,-8.039040236809056,0.37743147157183526,0.11080937959738467,-0.28903654485049834,-4.679012345679013,-0.40268456375838924,-2.3078476132012744,-0.1382551803422153,0.14248284880949802,Gold,Basic Materials,NGD
2014Q2,2014,Q2,2014-07-07,2014-06-30,16200000.0,178100000.0,14900000.0,0.03,30100000.0,0.1690061763,4279400000.0,2748000000.0,703400000.0,101600000.0,1531400000.0,202100000.0,-153400000.0,3209206000.0,3665706000.0,5.454545454545454,6.923228346456693,0.20341636678038977,0.3167758369723435,0.003923952889156215,5.454545454545454,0.0058951965065502186,18.01912408759124,49.524783950617284,1.1678333333333335,0.0,0.7323107372587828,0.0,0.04161798382950881,4.883858267716535,0.003785577417394962,-3209.206,0.16900617630544637,9.333333333333332,1.040953447213911,0.4805128019127515,-0.14593226182242225,-0.25495049504950495,10.0,-0.4826388888888889,-0.8296646562433992,-0.14240662276744231,0.0648841700742566,Gold,Basic Materials,NGD
2014Q1,2014,Q1,2014-04-03,2014-03-31,-1800000.0,190500000.0,28800000.0,-0.0036,40400000.0,0.2120734908,4240200000.0,2724200000.0,681800000.0,93500000.0,1516000000.0,184900000.0,-169600000.0,2457080000.0,2883980000.0,5.410526315789474,7.2919786096256685,0.20399981132965425,0.3175244108362088,-0.002626059998176348,5.410526315789474,-0.0006607444387343073,12.898057742782152,-341.26111111111106,0.9019455252918288,0.0,0.811790156841536,0.0,0.04492712607895854,5.257754010695187,-0.0004245082779114193,99.0758064516129,0.2120734908136483,0.9929411764705881,-1.0629958039398522,0.37039680798183666,-0.2086420463474138,0.6833333333333333,0.9929328621908127,1.691588785046729,-1.0577538041991186,-0.11753552435782841,0.3765308326981049,Gold,Basic Materials,NGD
2013Q4,2013,Q4,2014-01-22,2013-12-31,-254700000.0,198400000.0,10700000.0,-0.51,24000000.0,0.1209677419,4199000000.0,2719900000.0,658000000.0,90200000.0,1479100000.0,182000000.0,-167800000.0,2637292000.0,3085392000.0,5.4041327240214585,7.29490022172949,0.20540604905929982,0.31710724658994816,0.002699589048390824,5.4041327240214585,-0.09364314864517077,13.292802419354839,-2.5886258343148807,0.9696282951579103,0.0,0.9582417582417583,0.0,0.04724934508216242,5.174057649667406,-0.06065729935698976,229.32973913043477,0.12096774193548387,-26.5,-3.6185452710783923,0.4212880357395367,-0.20219973946064235,-0.53125,-21.87704918032787,-0.6433333333333333,-3.772924679906017,-0.1686643138780654,0.13990862278546293,Gold,Basic Materials,NGD
2013Q3,2013,Q3,2013-10-08,2013-09-30,12200000.0,196000000.0,30000000.0,0.02,51200000.0,0.2612244898,4496800000.0,2960800000.0,675400000.0,111600000.0,1526500000.0,189600000.0,86900000.0,2961894000.0,3392794000.0,5.977791237633757,6.051971326164875,0.19118039494751823,0.2903607133207241,0.004257732408498014,5.977791237633757,0.004120507970818698,15.111704081632652,60.694549180327876,1.0003694947311539,0.0,0.7637130801687764,0.0,0.043586550435865505,4.302867383512544,0.002713040384273261,-107.70523636363636,0.2612244897959184,-0.3333333333333333,1.0351139884017333,0.32480339806066444,-0.0920104888579811,0.514792899408284,-0.18666666666666668,1.459016393442623,-0.6484796333512868,0.2193421141835299,0.27078615611104273,Gold,Basic Materials,NGD
2013Q2,2013,Q2,2013-07-12,2013-06-30,15000000.0,183500000.0,12200000.0,0.03,33800000.0,0.1841961853,4207400000.0,2757700000.0,777800000.0,88400000.0,1449700000.0,185000000.0,74700000.0,3090960000.0,3383960000.0,5.781341719077568,8.798642533936652,0.20333222417645103,0.3102222866881822,0.0026656644933489484,5.781341719077568,0.00543931537150524,16.844468664850137,51.516000000000005,1.1208470827138557,0.0,0.8091891891891891,0.0,0.043613633122593524,6.703619909502263,0.0035651471217378904,-37.01748502994012,0.18419618528610354,-0.625,1.5787063696619976,-0.14842286405638963,-0.672094453811689,-0.41522491349480967,-0.5867768595041323,-0.7188940092165899,-0.2960997478932732,0.33489267881479695,0.25484593248533666,Gold,Basic Materials,NGD
2013Q1,2013,Q1,2013-04-09,2013-03-31,36300000.0,201800000.0,43400000.0,0.08,57800000.0,0.2864222002,4302200000.0,2730100000.0,882400000.0,163200000.0,1572100000.0,170200000.0,59700000.0,4300086000.0,4481986000.0,5.733095338093238,5.4068627450980395,0.19857282320673145,0.3129189406981429,0.009025077182506811,5.733095338093238,0.013296216255814805,21.308652130822598,29.614917355371897,1.5750653822204312,0.0,0.8460634547591069,0.0,0.04690623401980382,4.287377450980392,0.008437543582353215,-240.22826815642458,0.28642220019821607,-0.6923076923076923,1.314400168247321,8.93499055783731,0.12748957216974593,0.9726962457337884,-0.7070217917675545,-0.4527112232030265,0.6949364254011441,0.6220082376545738,0.27398333726971436,Gold,Basic Materials,NGD
2012Q4,2012,Q4,2013-02-06,2012-12-31,123900000.0,250900000.0,79300000.0,0.26,29300000.0,0.1167795935,4283700000.0,2676500000.0,917500000.0,177100000.0,1607200000.0,163300000.0,23400000.0,5252486000.0,5412486000.0,5.620537589248215,5.18068887634105,0.19791301911898593,0.3167569587147394,0.0202312355350641,5.620537589248215,0.04629179899121988,20.9345795137505,10.59823648103309,1.9624457313655892,0.0,1.3570116350275567,0.0,0.058570861638303336,4.190852625635235,0.028923594089221936,-445.1259322033898,0.11677959346353128,7.666666666666667,1.2233648751758832,5.341471063126076,-0.00887024918593982,-0.725398313027179,5.96067415730337,0.19607843137254902,45.09605125544549,0.5552910726022569,0.26290293930176795,Gold,Basic Materials,NGD
2012Q3,2012,Q3,2012-10-01,2012-09-30,17800000.0,195500000.0,66300000.0,0.03,106700000.0,0.5457800512,3481300000.0,2391600000.0,378500000.0,243200000.0,1089700000.0,158000000.0,-100500000.0,5661950000.0,5911850000.0,5.174383383816529,1.5563322368421053,0.11418148392841755,0.16620672353236327,0.008742267344749083,5.174383383816529,0.007442716173273123,28.9613810741688,79.52176966292134,2.3674318447900986,0.0,0.5620253164556962,0.0,0.05615718266164938,0.8848684210526315,0.0051130324878637294,-59.04014598540146,0.5457800511508951,-0.4000000000000001,1.0853490248493631,4.070541291604341,-0.24468724833907388,0.08766564729867482,-0.2489451476793249,0.05910543130990415,1.2919313627282958,0.7341003359168347,0.07501040650805248,Gold,Basic Materials,NGD
2012Q2,2012,Q2,2012-07-05,2012-06-30,23700000.0,176100000.0,62600000.0,0.05,98100000.0,0.5570698467,3372600000.0,2348800000.0,389700000.0,219700000.0,1023800000.0,124700000.0,-204700000.0,4387100000.0,4541400000.0,5.086184495452577,1.7737824305871643,0.11406629899780585,0.1637857629427793,0.013335496562129085,5.086184495452577,0.010090258855585831,24.912549687677455,46.27742616033755,1.8678048365122615,0.0,0.6255012028869287,0.0,0.05221490837929194,1.1838871187983615,0.007027219355986479,-44.269424823410695,0.5570698466780238,-0.28571428571428575,1.6811333897497185,11.965074259625387,-0.49649460600488876,0.017487086937581678,-0.29319137514538784,-0.047677001247451854,1.0653624059558853,0.5970254540091726,-0.203609883869408,Gold,Basic Materials,NGD
2012Q1,2012,Q1,2012-04-13,2012-03-31,33531000.0,168755000.0,65734000.0,0.07,96414000.0,0.5713252941,3292964000.0,2338407000.0,386223000.0,243427000.0,954557000.0,117636000.0,-211153000.0,4558651760.0,4585266760.0,5.06804695254897,1.5866070731677258,0.07965225249957182,0.11216695810438473,0.016353681857137866,5.06804695254897,0.014339248898929912,27.013432253859143,33.98833735945841,1.94946891623229,0.0,0.614956305892754,0.0,0.05124714391047093,1.0781260911895558,0.010182619670303107,-62.12474631706619,0.571325294065361,-0.07773386034255585,5.41357725052389,14.815137844626392,0.18891445055168238,0.28196468460802043,-0.041916680953197324,0.061938610662358645,0.28057678795673685,0.3247319471524411,-0.2587339879153385,Gold,Basic Materials,NGD
2011Q4,2011,Q4,2012-01-10,2011-12-31,34998000.0,177590000.0,61900000.0,0.0759,75208000.0,0.4234923138,3221402000.0,2282369000.0,461396000.0,223404000.0,939033000.0,106490000.0,-175626000.0,4650932160.0,4593190160.0,4.946595376699711,2.0652987412937995,0.0781225069084827,0.11026437880991198,0.01496511958789033,4.946595376699711,0.015334067365969307,26.189155695703587,33.22284244813989,2.037765216755047,0.0,0.9614236078505024,0.0,0.05512817090198616,1.5531413940663552,0.010864213780211225,-50.20436269430052,0.4234923137564052,-0.15666666666666668,2.666914051153957,0.0,0.1720095692667697,-0.011071663379355686,-0.14028838831707977,-0.04557789564573825,-0.6075161181855486,0.38773453853092105,-0.26974497447628915,Gold,Basic Materials,NGD
2011Q3,2011,Q3,2011-10-18,2011-09-30,40709000.0,175501000.0,64856000.0,0.09,76050000.0,0.4333308642,3050995000.0,2106597000.0,582426000.0,189215000.0,944398000.0,122073000.0,-328935000.0,4631920020.0,4439862020.0,4.679891499940019,3.078117485400206,0.07900865127605912,0.11442862588335595,0.019768721083743335,4.679891499940019,0.019324531459980244,26.392556281730588,28.44530705740745,2.198768924478673,0.0,0.8146846559026156,0.0,0.05752254592354297,2.397954707607748,0.013342860280007014,-112.15302711864406,0.43333086421159994,-0.43750000000000006,26.870836345001713,0.0,0.056282256238815415,-0.2132134617573118,-0.48208696979720617,-0.10730606177393602,1.1289238944428632,0.30526174095789793,-0.2891534303713385,Gold,Basic Materials,NGD
2011Q2,2011,Q2,2011-07-28,2011-06-30,78602000.0,171635000.0,72652000.0,0.16,96659000.0,0.5631660209,3059317000.0,2132739000.0,640601000.0,156697000.0,926578000.0,118895000.0,-293778000.0,4284467879.9999995,4040713879.9999995,5.122196017023239,4.088151017568939,0.08063629888632005,0.11566909968824127,0.024107826989202774,5.122196017023239,0.03685495506013629,24.962670084772917,13.627095620976565,2.008903986845085,0.0,0.6306068379662728,0.0,0.05610239148149734,3.291983892480392,0.025692662774076697,-100.31298447706679,0.5631660209164797,1.6666666666666667,3.909388991153006,12.30638891241485,0.23836776845397348,-0.01740350306492767,2.1798211901775963,0.04826352316504826,4.474061182230987,-0.08750469045687381,-0.7094798120818256,Gold,Basic Materials,NGD
2011Q1,2011,Q1,2011-04-05,2011-03-31,24719000.0,171213000.0,69307000.0,0.06,98371000.0,0.5745533342,2528271000.0,1569611000.0,663080000.0,155896000.0,958660000.0,107902000.0,-329935000.0,4676224560.0,4395605560.0,3.9305522166796885,4.253348386103556,0.0947485455475303,0.15261743196244165,0.021128969133089176,3.9305522166796885,0.01574848800116717,27.312321844719737,47.293828229297304,2.9792251455933987,0.0,0.6750755315008062,0.0,0.06771940191538012,3.526139221019141,0.009777037350821964,-704.3567645729779,0.5745533341510283,-0.6666666666666666,2.2188842411135528,29.80363706069979,-8.54954657337243e-05,0.17261890570985816,-0.6608213614347068,-0.04982108827682648,1.255304206138582,9.051571388684595,-0.22700454539293488,Gold,Basic Materials,NGD
2010Q4,2010,Q4,2011-02-03,2010-12-31,72879000.0,189355000.0,72941000.0,0.18,83890000.0,0.443030287,2738914000.0,1893191000.0,625460000.0,140709000.0,845723000.0,106325000.0,-128905000.0,3897519360.0,3636649360.0,4.7408473065288375,4.4450603728261875,0.08393253676457166,0.12142673401680021,0.0297648949965441,4.7408473065288375,0.03849532350407328,20.583134113173667,13.369829992178817,2.0587037229735405,0.0,0.9919115918175405,0.0,0.06913506594219461,3.637365058382904,0.026608721558982865,145.3051247064087,0.44303028702701275,1.5714285714285712,4.7316503075435214,0.0,2.7013915735581087,0.7965520933718814,1.65535961524448,1.088683351468988,1.1566739908710233,4.907184814336168,-0.16399548353595647,Gold,Basic Materials,NGD
2010Q3,2010,Q3,2010-10-21,2010-09-30,27446000.0,127116000.0,34922000.0,0.07,46695000.0,0.3673416407,2656795000.0,1842495000.0,524626000.0,109408000.0,814300000.0,108422000.0,-201784000.0,2628213060.0,2454297060.0,4.704010355233529,4.795133811055864,0.08171048199051865,0.11782284348125775,0.01290008371861349,4.704010355233529,0.014896105552525244,20.675706126687434,23.9398551701523,1.4264424381070233,0.0,0.7417406061500433,0.0,0.04784561849898091,3.654102076630594,0.010330492190778738,2102.570448,0.3673416407061267,0.6055045871559634,3.284083615208753,0.0,1.5027061182262171,-0.09614416786032287,0.5757262601906075,0.43387394785464994,1.1552921534640224,2.8904485168975977,-0.3133483273842185,Gold,Basic Materials,NGD
2010Q2,2010,Q2,2010-07-08,2010-06-30,17418000.0,112359000.0,24355000.0,0.0436,51662000.0,0.459794053,2560008000.0,1796283000.0,491061000.0,84663000.0,763725000.0,96579000.0,-229230000.0,2413388150.0,2246979150.0,4.607212383138617,5.800184259948265,0.08190716591510651,0.11673160632261174,0.00712883396352698,4.607212383138617,0.009696690332202666,21.47925978337294,34.63928335629808,1.3435456161417774,0.0,0.6284699572370805,0.0,0.043890097218446195,4.506726669265205,0.006803884987859413,596.7824307616222,0.4597940529908597,0.08999999999999997,1.9793416342427241,0.0,1.5769545076932912,0.08602060121925584,-0.004287429257417253,-0.09258569299552906,1.5929246585166559,8.798078612237763,-0.543910314644426,Gold,Basic Materials,NGD
2010Q1,2010,Q1,2010-04-08,2010-03-31,17493000.0,101620000.0,26840000.0,0.04,47570000.0,0.4681165125,2536560000.0,1750354000.0,472886000.0,84908000.0,786206000.0,88743000.0,-288366000.0,1695848160.0000002,1687947160.0000002,4.5001336912144305,5.569392754510765,0.13238953543381587,0.1918549047792618,0.00844673627645029,4.5001336912144305,0.0099939783609487,16.68813383192285,24.23609672440405,0.9688601048702149,0.0,0.609062123209718,0.0,0.040062131390544674,4.240884251189523,0.006896347809631943,-2361.9055153203344,0.4681165124975398,7.779661016949153,1.8820841035650566,0.0,1.479248553110421,0.4298166516381124,8.622222222222222,-0.07368421052631578,3.731413932405263,10.297296323616234,0.05568753111263164,Gold,Basic Materials,NGD
2009Q4,2009,Q4,2010-01-08,2009-12-31,-2295000.0,131765000.0,28975000.0,-0.0059,33270000.0,0.2524949721,2488259000.0,1731045000.0,394955000.0,93418000.0,757214000.0,86299000.0,-305859000.0,1415799840.0,1410907840.0,4.450490543917564,4.227825472606992,0.10345908524795851,0.14871537135083143,-0.015200667637166806,4.450490543917564,-0.0013257887576579464,10.744885515880545,-154.22656209150327,0.8178873686126011,0.0,1.1413226109224903,0.0,0.052954696436343644,2.92637393221863,-0.000922331638306141,75.38468878121506,0.2524949721094373,-1.3597560975609755,0.9173927493106069,40.87115852633359,1.415764585662211,0.4723844928305895,-1.376476377952756,0.9774107691257763,0.8703323416815048,0.0,0.05446617485069067,Gold,Basic Materials,NGD
2009Q3,2009,Q3,2009-10-13,2009-09-30,6096000.0,88491000.0,14653000.0,0.0164,22596000.0,0.2553480015,2531889000.0,1746234000.0,372585000.0,105889000.0,785655000.0,92263000.0,-298209000.0,1374977890.0,1397545890.0,4.813333296581227,3.5186374410939756,0.10472576009453811,0.15184333829257707,0.004636128660731196,4.813333296581227,0.0034909410766254694,15.538053474364625,56.38852895341207,0.7873961278958032,0.0,0.7142082958499073,0.0,0.03495058432656408,2.400504301674395,0.002407688488713368,-145.60816371915703,0.25534800149167713,1.0207594936708861,2.9303585003916472,47.04077679878318,1.7301573381026871,0.06973441272546513,1.0300523549885134,2.090046393926613,4.178377387462943,0.0,0.08640094639104297,Gold,Basic Materials,NGD
2009Q2,2009,Q2,2009-07-02,2009-06-30,-202846000.0,61687000.0,4742000.0,-0.79,21123000.0,0.3424222283,2357075000.0,1649933000.0,261135000.0,81633000.0,707142000.0,87851000.0,-302310000.0,689781150.0,799126150.0,6.386548994561536,3.1988901547168425,0.10624736166647222,0.15178373909728457,0.002500696157395957,6.386548994561536,-0.12294196188572505,11.181953247848007,-0.8501291004012896,0.41806615783792433,0.0,0.461736349045543,0.0,0.026170995831698185,1.9453897320936386,-0.08605835622540649,-40.32157304027591,0.34242222834632907,-14.166666666666668,-677.4725504258864,0.0,2.957771189650231,-0.019859867291540996,-17.793277589204404,-0.21645736946463978,-11.10085615848675,6.707782730027486,0.5440440780150753,Gold,Basic Materials,NGD
2009Q1,2009,Q1,2009-04-01,2009-03-31,12079000.0,58765000.0,6052000.0,0.06,21551000.0,0.3667318982,1924400000.0,1455245000.0,197929000.0,45070000.0,469155000.0,37290000.0,-99464000.0,400154240.0,455036240.0,6.837015146959333,4.3915908586642995,0.09950737892330076,0.1315874646537181,0.0023905275505049796,6.837015146959333,0.008300320564578472,6.809397430443291,8.2820233463035,0.2749737947905679,0.0,0.9979619200858139,0.0,0.030536790688006653,3.455513645440426,0.006276761588027437,-20.845709522817252,0.3667318982387476,-0.6842105263157895,14.750112723169998,0.0,3.1681586388417973,1.7418077929230344,-0.706357116810502,1.28430497486729,2.1174585829538146,18.83594479227836,0.7393053790645607,Gold,Basic Materials,NGD
2008Q4,2008,Q4,2009-01-02,2008-12-31,41135000.0,59034000.0,-21287000.0,0.19,-29052000.0,-0.4921231833,1957701000.0,1441788000.0,242937000.0,53701000.0,515913000.0,39402000.0,-111543000.0,304372640.0,338284640.0,6.773791625949034,4.523882236829854,0.11216217389683103,0.1522970089916132,-0.016136797391307165,6.773791625949034,0.028530546793287224,5.155887115899312,1.8498397957943358,0.2111077634159807,0.0,2.2355717983858687,0.0,0.030154758055494685,3.666598387367088,0.021011890988460444,-7.011901953556948,-0.49212318325033033,1.2714285714285714,5.004880730919963,112.78801495156594,3.229721381974563,-2.8546986721144023,1.2763483191357858,-8.112585616438356,4.951654129815704,0.0,4.288602147299241,Gold,Basic Materials,NGD
2008Q3,2008,Q3,2008-10-23,2008-09-30,-148852000.0,63384000.0,-2336000.0,-0.7,15664000.0,0.2471286129,1979246000.0,1397022000.0,328264000.0,67950000.0,582224000.0,43998000.0,-152678000.0,1050385050.0,1051894050.0,6.583546576562567,4.830963944076527,0.12764456767880294,0.18084181924121454,-0.0013836158945104609,6.583546576562567,-0.10654950315743059,16.571769689511548,-1.7641433269287614,0.7518743799310247,0.0,1.084594754307014,0.0,0.03202431633056224,4.095643855776306,-0.07520641698909585,-100.42882206711923,0.24712861289915436,-11.891344383057088,-93.85115803649654,196.98159533263694,15.04916148894853,2.1593384429205327,-30.33066722795201,0.5975189524465886,-21.86558566599249,0.0,2.5026883557896467,Gold,Basic Materials,NGD
2008Q2,2008,Q2,2008-07-10,2008-06-30,-4751000.0,39497000.0,-5804000.0,-0.0543,4958000.0,0.1255285212,2166962000.0,1541524000.0,407993000.0,82577000.0,625438000.0,47610000.0,-3825000.0,672352080.0,620119080.0,17.631119041083355,4.940758322535331,0.1231890545381045,0.17317018742491197,-0.0029678322309123492,17.631119041083355,-0.0030820149410583295,17.022864521356052,-35.37950326247106,0.43616063064863086,0.0,0.7254568367989918,0.0,0.018226900148687424,4.318030444312581,-0.002192470380191254,41.31323916489081,0.12552852115350532,0.7737499999999999,-2.6597023858482407,23885.573914004843,34.65917468783325,2.145775803030863,0.46968229874549633,-2.94791315731492,-0.1912065589405864,0.0,8.861623018482362,Gold,Basic Materials,NGD
2008Q1,2008,Q1,2008-04-24,2008-03-31,-8958780.724763999,1576081.803167,-1470143.78704,-0.24,1576081.803167,1.0,461912922.374429,187884551.637035,157043517.924803,231455170.504226,274028370.737394,0.0,-77883630.622753,258650000.0,357795245.312348,5.084832249987416,0.6785051186486051,0.5472692579210905,1.3454578359394342,-0.0018865826697067934,5.084832249987416,-0.0476823700868767,164.10950210849794,-7.217779069115837,1.3766432511155748,0.0,0.0,0.0,0.00341207558140021,0.6765879337864036,-0.019394955825682583,-8.312210387729063,1.0,0.7931034482758621,-26.1413292991745,0.0,10.006278259898796,1.351471368674418,0.7918543069620265,-3.918880030564685,-3.755329762494391,0.0,1.8013752176301305,Gold,Basic Materials,NGD
2007Q4,2007,Q4,2007-12-31,2007-12-31,-43040913.285338,-4484239.524577,503667.081773,-1.16,-4484239.524577,1.0,473428254.064425,209537513.884681,196075936.584873,225965868.928607,263890740.179744,0.0,-71639907.098859,188075500.0,246415397.000908,5.670839347352666,0.8677236855041254,0.5288629712735353,1.1949109660008181,0.0010820740401570072,5.670839347352666,-0.20540910545032798,-41.94144825877499,-1.0924227998669604,0.8975743603768601,0.0,0.0,0.0,-0.009471846021185665,0.8655563202159335,-0.090913275487527,-3.6354552335333885,1.0,-1.5777777777777777,-164.40074796044513,-57.53056834918216,11.878333052548573,-2.4640522381457566,-1.597886946867576,-0.6700388076803528,-15.308085851021103,-15.999947738596582,2.078180423287768,Gold,Basic Materials,NGD
2007Q3,2007,Q3,2007-10-26,2007-09-30,-16567662.167607,3062895.850121,1526443.392425,-0.45,3062895.850121,1.0,506281618.654311,251536792.908944,403466421.232877,218621676.067687,254744825.745367,0.0,-28575014.101531,227279560.85000002,218902642.03452903,6.850650108101718,1.8455005399737243,0.4705606741474485,0.9471227530068542,0.0018917646635331492,6.850650108101718,-0.06586576053549538,74.20414273669192,-3.4295659603437554,0.9035638811387522,0.0,0.0,0.0,0.006049786793093795,1.8438065198601639,-0.03272420241454469,-21.787887460173156,1.0,-4.9760956175298805,-70.6113905775468,16.589670164274892,9.48106126177174,3.255321196194991,-7.9852366343996355,1.774584697276349,-50.837138106327046,15.429710832335365,2.8857381176350967,Gold,Basic Materials,NGD
2007Q2,2007,Q2,2007-07-05,2007-06-30,-1843875.998121,719780.178488,-1970660.403946,-0.0753,719780.178488,1.0,459505368.71770704,247205111.319868,385112427.430719,170865468.294974,212300257.397839,0.0,-11199023.0155,159068000.0,-24939198.684828043,10.101549171292415,2.2538926751769366,0.43402334323325986,0.8067634819509584,-0.004105438344383356,10.101549171292415,-0.007458891073393459,220.99524931923636,-21.567068523330487,0.6434656595517394,0.0,0.0,0.0,0.0015664238711652363,2.251684146992696,-0.004012740924587039,-15.774094356819848,1.0,-3.563636363636364,-38.26066136498737,108.6149500727778,23.923721053227506,0.2881392328365459,-3.6347096331651616,-3.8677869084683403,-64.10706850996793,0.0,5.25997237553817,Gold,Basic Materials,NGD
2007Q1,2007,Q1,2007-04-02,2007-03-31,-397840.672677,558775.138696,-404837.0319,-0.0165,558775.138696,1.0,115497578.883495,102996603.675451,53051677.357836,3828461.338419,12500975.208044,0.0,-8632530.339806,200061359.99999997,148517076.88626897,4.262751579978934,13.857179861125148,0.0,0.0,-0.0038914805572255744,4.262751579978934,-0.003862658170075412,358.03554264579185,-125.7170104390171,1.942407349958901,0.0,0.0,0.0,0.00483798140270671,13.746474877351947,-0.003444580193999658,-26.431823089370607,1.0,0.6373626373626373,-3.6241471329606325,580.6263303048798,9.383703021423035,0.0,0.6381523521524933,-1.5435413894264844,-5.569814374179016,0.0,1.5987692642786824,Gold,Basic Materials,NGD
