Quarters,Year,Quarter,FillingDate,Date,NetIncome,Revenue,OperatingIncome,EPSDiluted,GrossProfit,GrossProfitRatio,TotalAssets,CommonStockEquity,CurrentAssets,CurrentLiability,TotalLiability,Inventory,RetainedEarnings,MarketCap,EnterpriseValue,bookValuePerShare,currentRatio,debtToAssets,debtToEquity,roic,shareholdersEquityPerShare,roe,priceToSalesRatio,peRatio,pbRatio,payoutRatio,inventoryTurnover,dividendYield,assetTurnover,quickRatio,returnOnAssets,priceToFreeCashFlowsRatio,grossProfitMargin,epsdilutedGrowth,fiveYNetIncomeGrowthPerShare,fiveYRevenueGrowthPerShare,fiveYShareholdersEquityGrowthPerShare,grossProfitGrowth,netIncomeGrowth,operatingIncomeGrowth,threeYNetIncomeGrowthPerShare,threeYRevenueGrowthPerShare,threeYShareholdersEquityGrowthPerShare,Industry,Sector,Symbol
2023Q1,2023,Q1,2023-05-05,2023-03-31,21087000.0,243443000.0,25330000.0,0.08,121408000.0,0.4987122242,3073172000.0,2072402000.0,207984000.0,380935000.0,1000770000.0,49115000.0,1056440000.0,2045505800.0000002,2776895800.0,10.009911367643152,0.5459829104702902,0.2693555713770658,0.3994282962475427,0.008542707742681682,10.009911367643152,0.010175149415991685,8.402401383486074,24.250791957129987,0.9870217264797082,0.6630151278038602,2.4846788150259593,0.006834984286038201,0.07921554667294899,0.3632299473663486,0.0068616400253549105,43.29296054859466,0.4987122242167571,0.14285714285714277,-0.3657361346725767,-0.0284514801154479,-0.12067619241753742,-0.041276108500809414,0.20752448032984022,-0.23485878266122942,1.1389170415191578,0.3592564085538431,-0.03518190314958604,REIT—Hotel & Motel,Real Estate,SHO
2022Q4,2022,Q4,2023-02-23,2022-12-31,17463000.0,244144000.0,33105000.0,0.07,126635000.0,0.5186897896,3082817000.0,2084961000.0,213966000.0,380888000.0,997856000.0,55983000.0,1035353000.0,2019877020.0,2745695020.0,9.971262141494138,0.5617556867110541,0.26827443860598926,0.3966697698422177,0.011006984038179766,9.971262141494138,0.008375696236044703,8.273301903794483,28.916523793162686,0.9687840779755593,0.7882379888907977,2.099012200132183,0.0068147713270187114,0.07919509980644326,0.37626546386339293,0.005664624270594071,33.841722011862075,0.5186897896323481,-0.12499999999999993,-0.03485668411289591,-0.09812002954699525,-0.11789281479399744,0.14133912557569422,-0.14764740335806326,0.11442132902443951,-0.5794891485683622,-0.04334009451209919,-0.13394430142810299,REIT—Hotel & Motel,Real Estate,SHO
2022Q3,2022,Q3,2022-11-08,2022-09-30,20488000.0,244314000.0,29706000.0,0.08,110953000.0,0.4541409825,3110383000.0,2103656000.0,227965000.0,167894000.0,1006727000.0,50253000.0,1017890000.0,1987714200.0,2701472200.0,9.969461162978059,1.3577912254160363,0.2672809104216426,0.3951910388390497,0.01020282198302429,9.969461162978059,0.009739234931947048,8.135899702841426,24.254614896524792,0.9448855706446301,0.21280749707145646,2.6537918134240743,0.002193474293235919,0.07854788300990585,0.9728638307503544,0.006586970157694406,33.664394953001946,0.4541409825061192,-0.4666666666666666,0.4593341747044475,-0.14606463871203929,-0.15557432095177579,-0.18213648626734089,-0.42040793233189055,-0.3249710273365601,-0.29758922002645366,-0.07694644459739722,-0.15978615388354434,REIT—Hotel & Motel,Real Estate,SHO
2022Q2,2022,Q2,2022-08-03,2022-06-30,35349000.0,251280000.0,44007000.0,0.15,135662000.0,0.539883795,3086623000.0,2103445000.0,209228000.0,151888000.0,983178000.0,45611000.0,997402000.0,2114775360.0,2831264360.0,9.866851484405418,1.3775150110607817,0.2668994561370145,0.3916517902773783,0.014921429494929037,9.866851484405418,0.01680528846725253,8.416011461318051,14.956401595518969,1.005386572979089,0.09012984808622591,2.534870974107123,0.0015065429928217057,0.0814093590308891,0.9841462129990519,0.011452321841702081,27.28566363460422,0.5398837949697548,1.1551724137931034,-0.2585936222764975,-0.18609873418738423,-0.17752294018641973,0.7305150904405949,1.3374330489982147,15.34854907075318,-0.14235671029660954,-0.1151263403109929,-0.16580804249480358,REIT—Hotel & Motel,Real Estate,SHO
2022Q1,2022,Q1,2022-05-04,2022-03-31,15123000.0,172315000.0,-3067000.0,0.0696,78394000.0,0.454945884,2952868000.0,2166068000.0,307872000.0,249887000.0,744859000.0,39484000.0,962053000.0,2559452380.0,2940117380.0,9.969429882496973,1.232044884287698,0.20169204989860706,0.27495443356348925,-0.0010922784373568813,9.969429882496973,0.006981775272059788,14.853334764820241,42.31059280566025,1.181612202386998,0.23229517952787146,2.378710363691622,0.0013725592347219213,0.058355131350266924,1.0014566584096012,0.005121461575661357,194.66476878612715,0.45494588399152713,-0.8895238095238095,-0.7533788458110627,-0.3810709220019722,-0.13614944716046878,-0.0093387082506666,-0.8906697319337208,-1.0210518368019328,-0.030739488526570796,-0.3006650171612918,-0.14934890384055605,REIT—Hotel & Motel,Real Estate,SHO
2021Q4,2021,Q4,2022-02-23,2021-12-31,138324000.0,173886000.0,145688000.0,0.63,79133000.0,0.4550855158,3041049000.0,2198967000.0,282096000.0,175758000.0,801275000.0,0.0,948064000.0,2555615100.0,3069687100.0,10.093023362555652,1.6050250913187452,0.20866319483836004,0.2885695874471968,0.0509574281056605,10.093023362555652,0.06290408178021771,14.697072219730169,4.618893142187907,1.1621889278010995,0.021312281310546254,0.0,0.0011535383399479836,0.057179611377521374,0.8489855369314626,0.04548562025800965,127.99835219873785,0.45508551579770656,5.846153846153846,3.1367325394718346,-0.4042363793287863,-0.12124836004941364,0.04530864034450418,6.999219326018129,12.066312191416635,0.8886656796286985,-0.3547238734739045,-0.13954770969744662,REIT—Hotel & Motel,Real Estate,SHO
2021Q3,2021,Q3,2021-11-04,2021-09-30,-23057000.0,167421000.0,-13165000.0,-0.13,75703000.0,0.4521714719180987,3034595000.0,2061991000.0,282231000.0,219924000.0,932132000.0,0.0,810075000.0,2599445460.0,3205067460.0,9.471317217019049,1.2833115076117203,0.2587195325900161,0.3807528742850963,-0.00456193735344483,9.471317217019049,-0.011181911075266575,15.526400272367265,-28.184992193260182,1.2606483054484718,-0.1203972763152188,0.0,0.0010679200786155368,0.05517078885320776,0.9450355577381278,-0.007598048504001358,116.4260966542751,0.4521714719180987,0.1875,-1.6104199857619987,-0.45383065606736445,-0.18830695355654958,0.4462317317795396,0.15610131029939242,0.3397361953959577,-1.2695682951264358,-0.3964280612176156,-0.20683431669193056,REIT—Hotel & Motel,Real Estate,SHO
2021Q2,2021,Q2,2021-08-04,2021-06-30,-27322000.0,117210000.0,-19939000.0,-0.16,52345000.0,0.4465915877484856,3015362000.0,2063766000.0,242845000.0,113724000.0,912057000.0,0.0,833132000.0,2671703460.0,3295857460.0,9.593869268709934,2.1353891878583235,0.2610141004628963,0.3813668797722222,-0.006894971434169383,9.593869268709934,-0.01323890402303362,22.79415971333504,-24.446448466437303,1.2945767398048034,-0.17425517897664886,0.0,0.0017820091455808497,0.038870954797467105,1.6526151032323873,-0.009060935303953556,110.16425284512617,0.4465915877484856,0.38461538461538464,-1.426905749746923,-0.6357145319575633,-0.16970449003722426,3.7573389075706625,0.4875075030012005,0.5796829545933639,-1.5851586812714844,-0.6134044283576173,-0.17985792689700242,REIT—Hotel & Motel,Real Estate,SHO
2021Q1,2021,Q1,2021-05-05,2021-03-31,-53312000.0,50633000.0,-47438000.0,-0.26,11003000.0,0.21730886970947802,2916674000.0,1991478000.0,389854000.0,84242000.0,885061000.0,0.0,860454000.0,2671897480.0,3140057480.0,9.286964064205039,4.627786614752736,0.2703198917671293,0.3959044488565779,-0.01681045393512315,9.286964064205039,-0.02677006725658029,52.769882882704955,-12.52953125,1.341665577023698,-0.06017406962785114,0.0,0.001200644869053883,0.017359842066682805,3.958096911279409,-0.018278354042995548,-69.99076568434839,0.21730886970947802,-0.368421052631579,-120.95023450646237,-0.816739902704649,-0.20218669394958994,2.5723063732495,-0.4029842890602384,0.15784054394716754,-2.5481825564270117,-0.8049064614557285,-0.1841837253209335,REIT—Hotel & Motel,Real Estate,SHO
2020Q4,2020,Q4,2021-02-12,2020-12-31,-37999000.0,37360000.0,-56329000.0,-0.19,-6998000.0,-0.18731263383297644,2985717000.0,2048644000.0,435145000.0,90793000.0,896338000.0,0.0,913766000.0,2427531810.0,2803914810.0,9.561619923736448,4.792715297434825,0.24945063447071508,0.36355218378595794,-0.019849009325213638,9.561619923736448,-0.018548366626900525,64.97676150963598,-15.971024303271138,1.1849456567368464,-0.08442327429669202,0.0,0.001321506884805765,0.012512907284916823,31.263092969722337,-0.012726926229110126,-82.56910918367348,-0.18731263383297644,0.5581395348837209,-1.155977336840803,-0.8797077217339602,-0.13724370658419327,0.6623075809487043,0.5744363933655128,0.28303591884530205,-3.049547099990577,-0.8653140369448904,-0.1541317922193402,REIT—Hotel & Motel,Real Estate,SHO
2020Q3,2020,Q3,2020-11-06,2020-09-30,-89291000.0,28910000.0,-78566000.0,-0.43,-20723000.0,-0.7168107921134556,3246782000.0,2087748000.0,522758000.0,287775000.0,1118737000.0,0.0,951765000.0,1701200580.0,2171553580.0,9.744129713381593,1.8165511250108592,0.2869428868337942,0.44624207519298303,-0.025477804096423726,9.744129713381593,-0.04276905067086641,58.84471048080249,-4.763079649684739,0.8148495795469569,-0.03591627375659361,0.0,0.001885139258534699,0.008904201144394665,1.6190148553557466,-0.027501384447739332,-32.448321126115815,-0.7168107921134556,0.21818181818181825,-2.4159664336419615,-0.9137007615591499,-0.131309929301013,0.2437137330754352,0.22583190275537984,0.09452793656647612,-7.2636991785116205,-0.9004840362450541,-0.17466017315841373,REIT—Hotel & Motel,Real Estate,SHO
2020Q2,2020,Q2,2020-08-05,2020-06-30,-115338000.0,10424000.0,-86768000.0,-0.55,-27401000.0,-2.6286454336147353,3423701000.0,2177879000.0,675537000.0,285886000.0,1203709000.0,0.0,1041056000.0,1745933750.0,2223943750.0,10.166315789473684,2.3629593614237843,0.2974646442548575,0.4676246935665388,-0.02662070473526679,10.166315789473684,-0.05295886502418178,167.4917258250192,-3.7843853500147393,0.8016670118036862,-0.12124364910090343,0.0,0.008009467713193585,0.003044658397447674,1.9058925585722981,-0.03368810535733115,-53.79718216552659,-2.6286454336147353,0.2666666666666666,-3.183768875945572,-0.9702284213622857,-0.0741761169624305,-1.3840741207967144,0.288305020948902,-2.432006961474567,-3.407321083894364,-0.9664006696944247,-0.15256031441456674,REIT—Hotel & Motel,Real Estate,SHO
2020Q1,2020,Q1,2020-05-11,2020-03-31,-162061000.0,191212000.0,-25282000.0,-0.75,71343000.0,0.3731094282785599,3799540000.0,2293231000.0,938256000.0,186218000.0,1462534000.0,0.0,1156394000.0,1925223560.0000002,2347435560.0,10.374920827376537,5.038481779419819,0.33416071419171794,0.5536542110236605,-0.007268985650912673,10.374920827376537,-0.07066928713243455,10.06852896261741,-2.9699057145149053,0.839524478781248,-0.8384003554217239,0.0,0.07057466095002493,0.05032503934686831,19.477123586334297,-0.042652794812003555,-762.4647762376238,0.3731094282785599,-5.166666666666666,-153.88414549503287,-0.37154271788794135,-0.042688971333712744,-0.4952634297155228,-4.648707672910663,-1.7025119484272535,-3.5978234852899895,-0.32489442093342746,-0.1010136790138251,REIT—Hotel & Motel,Real Estate,SHO
2019Q4,2019,Q4,2020-02-19,2019-12-31,44416000.0,272952000.0,35988000.0,0.18,141347000.0,0.5178456285354202,3918974000.0,2574838000.0,913732000.0,325552000.0,1297903000.0,0.0,1318455000.0,3113040960.0,3267246960.0,11.513419007503197,2.806715977785423,0.24778500699417755,0.3771355712475892,0.009743914785704366,11.513419007503197,0.017250017282640695,11.405085729359008,17.522069524495677,1.2090240085007289,0.32535572766570603,0.0,0.0046420847607478955,0.06964884176317578,2.617296161596304,0.011333578635632694,38.78405501706825,0.5178456285354202,0.5,2.0533099473491916,-0.14162758715116017,0.05889110377271978,-0.0418646583922507,0.43106614685697714,-0.149079043813397,0.2940503704623428,-0.08893895507386289,0.0024187471730822818,REIT—Hotel & Motel,Real Estate,SHO
2019Q3,2019,Q3,2019-11-05,2019-09-30,31037000.0,281639000.0,42293000.0,0.12,147523000.0,0.5238017462070239,3898837000.0,2664135000.0,853106000.0,133522000.0,1186318000.0,0.0,1274039000.0,3085042200.0,3327770200.0,11.865385471874582,6.389254205299501,0.24950183862521055,0.36513427435171264,0.011680928579256625,11.865385471874582,0.011649935157189857,10.953888488455078,24.8497132454812,1.1579901919384716,0.47098624222701935,0.0,0.004738346853083566,0.0722366695504326,5.797246895642665,0.007960579013690492,41.36776174640635,0.5238017462070239,-0.3333333333333333,-0.11978017482118135,-0.1735021284857263,0.06532570448211758,-0.11914471837924014,-0.2940199713395355,-0.2903739995637511,-0.20327638909164175,-0.10913440180712988,0.016864989337033478,REIT—Hotel & Motel,Real Estate,SHO
2019Q2,2019,Q2,2019-08-05,2019-06-30,43963000.0,302896000.0,59599000.0,0.18,167477000.0,0.5529191537689504,3925740000.0,2689565000.0,844662000.0,121191000.0,1187674000.0,0.0,1243002000.0,3094764290.0,3327518290.0,11.828034777407877,6.969675966037082,0.24817155491703474,0.36223590060102656,0.015045787890695255,11.828034777407877,0.01634576595099951,10.21725044239607,17.59868690717194,1.150656068918208,0.3329163159929941,0.0,0.004729277782896997,0.07715640872803599,6.516515252782797,0.011198652992811546,29.620354801351443,0.5529191537689504,2.0,-0.15693130275055628,-0.19149730829864114,-0.008307638183885642,0.3082403118335846,1.6943065514494087,1.4621581426092705,-0.35016358687807664,-0.10943028077751733,0.02364998858129074,REIT—Hotel & Motel,Real Estate,SHO
2019Q1,2019,Q1,2019-05-08,2019-03-31,16317000.0,257680000.0,24206000.0,0.06,128017000.0,0.4968061161130084,3890657000.0,2662953000.0,792389000.0,112382000.0,1180370000.0,0.0,1199039000.0,3321941780.0,3613667780.0,11.719763752151009,7.050853339502767,0.25078566422072157,0.3664056406553176,0.007876933754926844,11.719763752151009,0.006127408181819206,12.891733079788885,50.89694459765888,1.2474654190291754,7.750260464546179,0.0,0.038068397453973446,0.06623045927718635,6.462787635030521,0.004193893216492742,105.21797098695046,0.4968061161130084,-0.8125,3.2723369502558097,-0.1566801202448123,0.12634312122841587,-0.14837014369345397,-0.7862336403296171,-0.851009743517145,36.22533092629549,-0.11981883990695805,0.006807326979113006,REIT—Hotel & Motel,Real Estate,SHO
2018Q4,2018,Q4,2019-02-14,2018-12-31,76331000.0,280852000.0,162467000.0,0.32,150320000.0,0.5352285189352399,3972833000.0,2663486000.0,908474000.0,232725000.0,1261662000.0,1078000.0,1182722000.0,2954154680.0,3121901680.0,11.729904698152096,3.9036373402084004,0.24593608641490847,0.3668361688403844,0.04294044035077502,11.729904698152096,0.02865830719590792,10.518545995755773,9.675474839842266,1.1091309209059106,0.19153423903787453,121.08719851576994,0.00494896225271454,0.07069313006612661,3.6229885057471263,0.019213241533182997,34.45962439343038,0.5352285189352399,-0.15789473684210525,11.929468935774182,-0.1169915627429896,0.0758246338526402,-0.024092552797813426,-0.14436722340544783,2.3785351854932624,-0.7043557953121671,-0.14672801179444134,0.05840319738872147,REIT—Hotel & Motel,Real Estate,SHO
2018Q3,2018,Q3,2018-11-06,2018-09-30,89210000.0,289308000.0,48088000.0,0.38,154031000.0,0.5324118240767625,3918613000.0,2711455000.0,809972000.0,127422000.0,1158173000.0,1055000.0,1106391000.0,3662606840.0,3990642840.0,11.941158595662973,6.356610318469338,0.24976362810004457,0.36096007494131377,0.012842464650684912,11.941158595662973,0.03290115454617539,12.65988787036653,10.264003026566527,1.3507901993579092,0.16388297276090125,128.22464454976304,0.003991692430738758,0.07382918394850423,5.454481957589741,0.02276570817276419,48.033558117270594,0.5324118240767625,0.8999999999999999,3.4983107831723306,-0.18142310182100185,0.1761715944475959,-0.11955117579138706,0.8247831778759613,-0.22256891116320426,0.3348666896082153,-0.18511110484536367,0.06455540000138103,REIT—Hotel & Motel,Real Estate,SHO
2018Q2,2018,Q2,2018-08-01,2018-06-30,48888000.0,317447000.0,61855000.0,0.2,174946000.0,0.5511030187716375,3845613000.0,2634722000.0,721330000.0,128267000.0,1160282000.0,1223000.0,1017181000.0,3743355840.0,4178417840.0,11.697813809760602,5.62366002167354,0.25482595362559884,0.37194132815530445,0.016233608541947494,11.697813809760602,0.018555278317788367,11.792065573150794,19.142508591065294,1.4207782984314856,0.2963508427425953,116.51757972199509,0.0038703240138666596,0.08254782787555585,4.611006728152994,0.012712667655325692,39.749777961836195,0.5511030187716375,0.3333333333333335,0.8587003631440591,-0.03384912708799186,0.15562445511445883,0.3117146027651981,0.35739671257219013,1.3393593283158731,-0.1196069924227348,-0.13765957323942185,0.06529401886342015,REIT—Hotel & Motel,Real Estate,SHO
2018Q1,2018,Q1,2018-05-08,2018-03-31,36016000.0,271446000.0,26441000.0,0.15,133372000.0,0.4913389771814652,3752785000.0,2553147000.0,608882000.0,116254000.0,1149928000.0,1375000.0,968293000.0,3413572040.0,3927870040.0,11.383646480769745,5.237514408106388,0.2614985937110706,0.3843679976123584,0.008224300820263448,11.383646480769745,0.014106512472646502,12.57551056195339,23.694830353176368,1.3370056796573015,3.7176254997778764,100.41745454545455,0.039224014736188195,0.07233188152265584,4.435451683382937,0.009597139191293933,111.56922604261995,0.4913389771814652,1.1428571428571426,-0.15259629883255918,-0.061950248021472296,0.0049110786072673355,-0.11410162736632348,0.8568777067436585,-0.2434187936362596,34.922864672868656,-0.1207494317271423,0.05038780572889433,REIT—Hotel & Motel,Real Estate,SHO
2017Q4,2017,Q4,2018-02-14,2017-12-31,19396000.0,290190000.0,34948000.0,0.07,150550000.0,0.5187980288776319,3857812000.0,2533738000.0,728124000.0,242559000.0,1275634000.0,1323000.0,932277000.0,3705149910.0000005,4199906910.0000005,11.303912164784718,3.0018428506054198,0.2547451767996989,0.38786922720502276,0.008015770821720267,11.303912164784718,0.0076550929890935844,12.768013749612324,47.75662391730254,1.4623255877284866,0.7462363373891524,105.5479969765684,0.00390645462439602,0.07522139492541367,2.152964845666415,0.005027720376213253,48.408020773451796,0.5187980288776319,0.4000000000000001,0.05703148180588609,-0.059929514738807456,-0.022500748496708935,-0.06882240516585537,0.3006102058606585,1.6735006119951041,0.3303205280599856,-0.08949028889406727,0.039622723824979354,REIT—Hotel & Motel,Real Estate,SHO
2017Q3,2017,Q3,2017-11-01,2017-09-30,14913000.0,303909000.0,13072000.0,0.05,161677000.0,0.5319914842929956,3854497000.0,2646266000.0,594657000.0,124986000.0,1159150000.0,1236000.0,912881000.0,3601961940.0,4122237940.0,11.806203210464794,4.757788872353704,0.2560113550484019,0.372900910188167,-0.012379002222675834,11.806203210464794,0.005635487891239958,11.852106847773511,60.38291993562664,1.3611488565397432,0.9699590960906591,115.07443365695792,0.004015866974985305,0.07884530718275302,4.091314227193446,0.0038689873153358273,45.043667808818746,0.5319914842929956,-0.7619047619047619,-0.7676260036311624,-0.17059787446973626,0.09356888667381978,-0.08991274978891078,-0.697087260318492,-0.7915251263894869,-0.5763301479064935,-0.10660474619147295,0.06001206469530447,REIT—Hotel & Motel,Real Estate,SHO
2017Q2,2017,Q2,2017-08-03,2017-06-30,49232000.0,318796000.0,62703000.0,0.21,177650000.0,0.5572529140892608,3841949000.0,2640791000.0,720104000.0,119012000.0,1151283000.0,1235000.0,897968000.0,3548495600.0,3940266600.0,11.996506609730615,6.050683964642221,0.25744459387670166,0.37454270330366923,0.017119747575873607,11.996506609730615,0.018642899040476887,11.130928869872896,18.019253737406565,1.3437245128448256,0.2889990250243744,114.28825910931174,0.004009586485044536,0.08297767617425426,5.408168924142103,0.012814329393753014,32.21950878467336,0.5572529140892608,-0.2222222222222223,1.3262084252876887,-0.2691387747377177,0.008514448987202328,0.24379502762044122,-0.20381660871674617,1.0706360213988508,-0.024755879258679354,-0.1209956714345423,0.0058174664881719485,REIT—Hotel & Motel,Real Estate,SHO
2017Q1,2017,Q1,2017-05-04,2017-03-31,61835000.0,280743000.0,30282000.0,0.27,142829000.0,0.5087535575241413,3732481000.0,2528484000.0,570977000.0,120317000.0,1155268000.0,1252000.0,848736000.0,3358695690.0,3908223690.0,11.540688200900988,4.745605359176176,0.26560295953281476,0.39207604240327404,0.008537506559936901,11.540688200900988,0.024455365349355582,11.963595494811981,13.579266151855744,1.3283436596790803,1.9381741732028785,110.15495207667732,0.03568260153988526,0.07521618998194499,4.0896880740045045,0.01656672867189411,76.07809391138896,0.5087535575241413,0.9285714285714285,3.4483854200099553,-0.2667992472893627,0.08822450046895904,-0.056536845720929006,0.8638473595370147,-0.18306895435415993,9.930647015614834,-0.04712330604377435,0.10913283272805013,REIT—Hotel & Motel,Real Estate,SHO
2016Q4,2016,Q4,2017-02-23,2016-12-31,33176000.0,289584000.0,37068000.0,0.14,151388000.0,0.5227775015194209,3739234000.0,2482770000.0,567624000.0,408804000.0,1207402000.0,1225000.0,786901000.0,3296485750.0,3858251750.0,11.485638152690331,1.3884991340593535,0.2490625085244732,0.3751064335399574,0.010701092243508882,11.485638152690331,0.013362494310789964,11.383521707000387,24.840892135881358,1.3277451193626473,0.42298649626235835,112.8130612244898,0.004256957579749889,0.07744473868177279,1.0001712312012603,0.008872405417794126,42.870519806486854,0.5227775015194209,-0.12499999999999993,1.4090581097507489,-0.35813413047263437,0.06595936297354207,-0.07327464831841722,-0.11232407556055012,-0.24112516889816976,4.903075434976005,-0.04360681936046998,0.05342138560841099,REIT—Hotel & Motel,Real Estate,SHO
2016Q3,2016,Q3,2016-11-02,2016-09-30,37374000.0,303304000.0,48846000.0,0.16,163358000.0,0.5385949410492443,3739461000.0,2513567000.0,492963000.0,369187000.0,1176205000.0,1365000.0,753725000.0,2755132270.0,3388058270.0,11.6685947459067,1.3352664097056506,0.2674297178122729,0.39785810364314933,0.014362989690011563,11.6685947459067,0.014868909402454758,9.083732064199616,18.429471490876008,1.0961045677318328,0.37186279231551345,102.52454212454212,0.005044403911685881,0.08110901544366955,1.1196954388968192,0.009994488510509937,34.71338914927931,0.5385949410492443,-0.38461538461538464,2.2307008081037054,-0.22247501282269158,0.08043158240509957,-0.09953918066763681,-0.41676940122657263,-0.2298256125634638,0.9865043692088704,-0.09539037486273319,0.14932479769932683,REIT—Hotel & Motel,Real Estate,SHO
2016Q2,2016,Q2,2016-08-08,2016-06-30,64081000.0,322160000.0,63422000.0,0.26,181416000.0,0.5631239135833126,3717140000.0,2488723000.0,473171000.0,365977000.0,1177593000.0,1307000.0,716351000.0,2599696950.0,3247829950.0,11.554764723634422,1.2928981875910235,0.26978133726467124,0.4029435979817762,0.018018582889512913,11.554764723634422,0.025748546543749546,8.069583281599206,10.142229951155569,1.0445907198189595,0.20683197827749256,107.68477429227238,0.005098286552207556,0.08666878298907224,1.0962710771441921,0.017239329161667302,24.511568451819723,0.5631239135833126,128.53599078341014,-0.09826802939790243,-0.19661891738471501,0.0505015881315703,0.3624013397517254,148.6520737327189,2.008776507424451,1.5477161036621663,0.02532129819324445,0.14149266733790414,REIT—Hotel & Motel,Real Estate,SHO
2016Q1,2016,Q1,2016-05-03,2016-03-31,-434000.0,274292000.0,21079000.0,-0.0020386402175802186,133159000.0,0.4854643956076007,3781790000.0,2478116000.0,525427000.0,266463000.0,1252480000.0,1356000.0,652270000.0,2980418000.0,3662160000.0,11.640522906518482,1.9718572559792542,0.2851588797897292,0.43517373682265076,0.004938489252699133,11.640522906518482,-0.00017513304461938022,10.865858282414361,-1716.8306451612902,1.2026951119318061,-429.2649769585253,104.08038348082596,0.06250834614473541,0.07252967510094427,1.6624446921336171,-0.00011476047057081435,69.16567264626023,0.4854643956076007,-1.0018202144799824,-1.0046499330742087,-0.07216512308647999,0.18907824688748337,-0.14391976598412035,-1.0018385623628492,-0.48764006708636154,-1.0107579590454137,-0.0013786517360428689,0.027587289301618478,REIT—Hotel & Motel,Real Estate,SHO
2015Q4,2015,Q4,2016-02-23,2015-12-31,236054000.0,300933000.0,41141000.0,1.12,155545000.0,0.5168758494415701,3863251000.0,2300801000.0,619545000.0,450993000.0,1512131000.0,1395000.0,-275010000.0,2592973960.0,3190501960.0,11.082642916321458,1.3737352907916531,0.2838529000574904,0.47661444862028485,0.012045282164610368,11.082642916321458,0.10259644358638578,8.616449375774675,2.746166089115203,1.1269874969630143,0.05392833843103697,104.22078853046595,0.00490942068697057,0.07789631064613715,1.1776036435155313,0.061102423839403654,32.29912755356253,0.5168758494415701,3.0,2.7317165156268852,0.3728509270825016,0.1802879260195982,-0.09969381081096725,2.86327779778076,-0.21297394498220912,12.889426836061125,0.05255549626440918,-0.04163487848644349,REIT—Hotel & Motel,Real Estate,SHO
2015Q3,2015,Q3,2015-11-03,2015-09-30,61102000.0,324595000.0,52274000.0,0.28,172769000.0,0.5322602011737704,3871783000.0,2328702000.0,328789000.0,333789000.0,1490963000.0,1363000.0,-245940000.0,2746600920.0,3883573920.0,11.217038207356312,0.9850204770079302,0.3391623445838778,0.5639034105694932,0.014013948160182907,11.217038207356312,0.026238651403228064,8.461624239436837,11.23777012209093,1.1794557311326226,0.20842198291381625,111.39104915627293,0.004636640112972801,0.08383605176219845,0.6711065972815161,0.015781359647480245,29.980144082782108,0.5322602011737704,0.21739130434782614,0.21010508827115357,-0.14437423875013097,0.2442975135486536,-0.08596535779661196,0.19393477538738105,-0.24626187764047697,0.02793454391376466,-0.04357496828761457,0.03899651441908581,REIT—Hotel & Motel,Real Estate,SHO
2015Q2,2015,Q2,2015-08-07,2015-06-30,51177000.0,339267000.0,69353000.0,0.23,189018000.0,0.5571364146822414,3820798000.0,2279368000.0,252356000.0,254426000.0,1488099000.0,1350000.0,-294312000.0,3115730770.0,4335627770.0,10.980831209623418,0.9918640390526126,0.3451260705224406,0.5785186946557116,0.0191092330974073,10.980831209623418,0.022452276244994226,9.183713034276838,15.220366424370322,1.36692748603999,0.24882271332825293,111.29555555555555,0.004087002677705686,0.08879480150481653,0.5932333959579603,0.013394322337899046,31.413326309421787,0.5571364146822414,49.58691206543968,76.79604545432647,-0.12255544545356546,0.2447499298442094,0.34991644170201824,53.328220858895705,2.9253452569617386,1.564342156082332,-0.1751714608772196,-0.07687068435304159,REIT—Hotel & Motel,Real Estate,SHO
2015Q1,2015,Q1,2015-05-08,2015-03-31,-978000.0,284385000.0,17668000.0,-0.00473378509196515,140022000.0,0.4923677409146052,3881357000.0,2239041000.0,312400000.0,351638000.0,1589331000.0,1371000.0,-332754000.0,3444022000.0000005,4710467000.0,10.837565343659245,0.8884136526769006,0.3667317899384159,0.6357261881314367,0.004486641977515823,10.837565343659245,-0.0004367941453506211,12.110420732457762,-880.3737218813907,1.5381683497533098,-40.23006134969325,105.29759299781182,0.011424143051351006,0.07326947765948869,0.5911733089142812,-0.0002519737298063538,118.83313780967498,0.4923677409146052,-1.094675701839303,0.9782182143179583,-0.16889971273242882,0.22083521926922903,-0.0601036408549028,-1.073750094261368,-0.5055135740274279,0.9589339946654034,-0.21237619036372057,0.021923816595490652,REIT—Hotel & Motel,Real Estate,SHO
2014Q4,2014,Q4,2015-02-19,2014-12-31,13261000.0,289880000.0,35730000.0,0.05,148976000.0,0.5139230026217745,3924965000.0,2216697000.0,354745000.0,298984000.0,1656131000.0,1439000.0,-318918000.0,3365893700.0000005,4573089700.0,10.873090695050768,1.1865016188157225,0.36415407525926985,0.6447845600909822,0.009588758567684572,10.873090695050768,0.005982324151654466,11.611334690216642,63.454748887715866,1.5184275072326079,0.947892315813287,97.91799861014593,0.003734520790124774,0.07385543565356634,0.8573134348326332,0.0033786288540152585,42.97562211922729,0.5139230026217745,-0.6428571428571429,1.0493303123995075,-0.23800841120706215,0.1899414758133668,-0.09472302569213194,-0.5836159256468224,-0.29709631728045327,0.021004284905551184,-0.318735107232523,0.009110044802780477,REIT—Hotel & Motel,Real Estate,SHO
2014Q3,2014,Q3,2014-11-04,2014-09-30,31848000.0,307783000.0,50832000.0,0.14,164564000.0,0.5346754044245459,3869330000.0,2258746000.0,290510000.0,279379000.0,1556685000.0,1339000.0,-255485000.0,2802696000.0,4053761000.0,11.137800788954635,1.039841935149027,0.3583287029020528,0.613832631026242,0.014058011949683447,11.137800788954635,0.014099858948283694,9.106077983514359,22.00056518462698,1.2408194635430456,0.38840743531775934,106.9596713965646,0.004413607469379483,0.07954426218492608,0.6570858940722102,0.008230882349140548,33.99762245566365,0.5346754044245459,-0.3636363636363636,1.6462340185915127,-0.36318073449414756,-0.04323387385804852,-0.0038498789346246972,-0.2394689082051772,-0.09043409798518412,2.113958540505518,-0.16192129866888103,0.03128371436023829,REIT—Hotel & Motel,Real Estate,SHO
2014Q2,2014,Q2,2014-08-08,2014-06-30,41876000.0,300852000.0,55886000.0,0.22,165200000.0,0.5491072022123835,3782960000.0,2177940000.0,504616000.0,230033000.0,1549302000.0,1275000.0,-274763000.0,2726277720.0,3757997720.0,11.927120983110994,2.19366786504545,0.36807737856070377,0.639329825431371,0.015540174269879222,11.927120983110994,0.019227343269327898,9.061856726895616,16.275896217403762,1.2517689743519105,0.27383226669213867,106.39372549019608,0.004206101203805459,0.07952820013957325,1.7553785761173397,0.011069638589887285,34.706220258933456,0.5491072022123835,6.5,1.1071647951240848,-0.463390827240632,-0.1771372762658761,0.415255979713522,8.318420132820693,2.909478838754809,-0.30494600109668896,-0.11507175855188806,0.08435436240145906,REIT—Hotel & Motel,Real Estate,SHO
2014Q1,2014,Q1,2014-05-07,2014-03-31,-5722000.0,243483000.0,14295000.0,-0.04,116728000.0,0.4794092400701486,3497042000.0,1883966000.0,230392000.0,126328000.0,1556909000.0,1335000.0,-304269000.0,2485967530.0,3789577530.0,10.405145227299087,1.8237603698309164,0.3998813854680613,0.7422649877970197,0.004631256981801081,10.405145227299087,-0.0030372098010261334,10.210025053083788,-108.61444993009438,1.3195394874429793,-1.9998252359314925,94.94756554307116,0.004603036790267329,0.06962541485060803,1.058221455259325,-0.0016362399994052116,63.28354580861951,0.4794092400701486,-5.0,-1.2534276814534528,-0.6277992027052929,-0.4078460242321206,-0.05234016642987619,-2.2639717252043297,-0.4198457792207792,-1.0720823693447799,-0.0316097154337205,0.06288454091336991,REIT—Hotel & Motel,Real Estate,SHO
2013Q4,2013,Q4,2014-02-25,2013-12-31,4527000.0,243895000.0,24640000.0,0.01,123175000.0,0.5050329035035569,3508798000.0,1898450000.0,237686000.0,120069000.0,1556399000.0,1464000.0,-287080000.0,2333194600.0,3632906600.0,10.90317541451536,1.9795784090814448,0.40015840182307444,0.7395901919987358,0.0058316295071381115,10.90317541451536,0.002384576891674787,9.566389634883864,128.8488292467418,1.2289997629645237,2.307046609233488,82.45901639344262,0.004476266145995709,0.06950955854398001,1.1185568298228519,0.0012901854139223746,50.49548976323421,0.5050329035035569,-0.8571428571428571,1.2141192327770505,-0.7079011070283,-0.36636190100826066,-0.0668348523072494,-0.6777706598334401,-0.28305400372439476,-0.9146708680098699,0.3266183998200867,0.16117485641210552,REIT—Hotel & Motel,Real Estate,SHO
2013Q3,2013,Q3,2013-11-12,2013-09-30,14049000.0,250370000.0,34368000.0,0.07,131997000.0,0.5272077325558174,3255686000.0,1633101000.0,237690000.0,124348000.0,1566849000.0,1288000.0,-280164000.0,2049305440.0,3359437440.0,10.152565027104988,1.9114903335799531,0.43319810325688657,0.8636067212009545,0.010941547459071834,10.152565027104988,0.008602652254820736,8.185107800455325,36.46710513203787,1.2548552967636417,0.16371271976653143,91.90450310559007,0.0011223314763659632,0.07690237940636781,1.137517290185608,0.004315219588129813,40.63824541921155,0.5272077325558174,-0.22222222222222213,-0.596975301620096,-0.6753764385234585,-0.44983541613355604,0.03458897667419112,-0.2520364159080019,-0.06154770356616242,-0.6409032076437817,-0.14822916111873338,0.12621631359719862,REIT—Hotel & Motel,Real Estate,SHO
2013Q2,2013,Q2,2013-08-07,2013-06-30,18783000.0,234638000.0,36622000.0,0.09,127584000.0,0.543748241972741,3117156000.0,1628134000.0,314158000.0,102800000.0,1432984000.0,1200000.0,-283770000.0,1942983440.0,3115963440.0,10.122504554130426,3.056011673151751,0.41582679853045534,0.7961242747832795,0.012376946827080957,10.122504554130426,0.011536519721349716,8.28077054867498,25.860930628760048,1.1933805448445889,0.265825480487675,89.21166666666667,0.002569759421109631,0.07527310150662976,1.5338521400778211,0.006025684951282515,31.81619872603121,0.543748241972741,-0.22303946959494456,-0.9018337389940462,-0.6674378983262378,-0.5103403827015851,0.3976141181110125,-0.34391700723043067,9.264013452914797,35.84891647586325,-0.2168346240316134,0.1474529198262441,REIT—Hotel & Motel,Real Estate,SHO
2013Q1,2013,Q1,2013-05-08,2013-03-31,28629000.0,194921000.0,3568000.0,0.115836,91287000.0,0.46832819449930996,3203648000.0,1711391000.0,462078000.0,107690000.0,1437000000.0,1235000.0,-299042000.0,1838594920.0,2931150920.0,11.328013714951416,4.290816231776395,0.40605865563257887,0.7601237823501468,0.0017227911284942044,11.328013714951416,0.016728497462006053,9.432513274608688,16.05535401166649,1.0743277953430863,0.34185615983792655,83.91417004048583,0.00532308661007287,0.060843450965898875,2.24536168632185,0.008936375032462992,137.0449403697078,0.46832819449930996,2.8611999999999997,9.54683373322413,-0.6954425975373864,-0.3716759496688544,0.24240568348848604,1.585945262397254,-0.8246941482828084,1.8719581552539477,-0.22099505028335184,0.276083480840914,REIT—Hotel & Motel,Real Estate,SHO
2012Q4,2012,Q4,2013-02-25,2012-12-31,11071000.0,186245000.0,20353000.0,0.03,73476000.0,0.39451260436521784,3136675000.0,1563896000.0,407560000.0,200005000.0,1517362000.0,1377000.0,-316768000.0,1448388270.0,2654560270.0,11.564113371340683,2.037749056273593,0.43466058804307106,0.8717900678817517,0.006153857327204004,11.564113371340683,0.0070791152352841875,7.7767900883245185,32.706807650618735,0.9261410413480181,0.6717550356788005,81.89469862018882,0.005134672900934222,0.05937656913770155,0.9235519112022199,0.003529533662237879,6.063449336883352,0.39451260436521784,-0.8695652173913043,-0.8386766561541236,-0.6704745113731898,-0.3792958038411689,-0.3950800237107291,-0.714082797448413,0.05658516326636557,1.062084363966681,-0.2619694456376423,0.26556638930914117,REIT—Hotel & Motel,Real Estate,SHO
2012Q3,2012,Q3,2012-11-06,2012-09-30,38721000.0,221079000.0,19263000.0,0.23,121464000.0,0.5494144627033776,3144942000.0,1460012000.0,282011000.0,179488000.0,1628009000.0,2664000.0,-320378000.0,1468662960.0,2699874960.0,10.796030642728267,1.5711969602424674,0.4437859267356918,0.955938033386027,,10.796030642728267,0.02652101489576798,6.643159051741685,9.482341365150694,1.0059252663676737,0.19206632060122414,37.39301801801802,0.005063789448329248,0.07029668591662422,1.0752975129256552,0.012312150748726049,-21.055797909707387,0.5494144627033776,6.666666666666667,0.022216995733810762,-0.6379114183476586,-0.41371344902120855,-0.11182608568482784,2.3553726169844023,-0.41219370785145404,2.1782293860449142,-0.3140464777890164,-0.0725928204788438,REIT—Hotel & Motel,Real Estate,SHO
2012Q2,2012,Q2,2012-08-07,2012-06-30,11540000.0,237840000.0,32771000.0,0.03,136757000.0,0.5749957954927682,3236404000.0,1427772000.0,368145000.0,224629000.0,1751055000.0,2666000.0,-351670000.0,1319118710.0,2637620710.0,11.895225320547535,1.6389023679044112,0.4705997767893007,1.0667326435873514,,11.895225320547535,0.008082522979859529,5.546244155734948,28.577095103986135,0.9239001115023967,0.6444540727902947,37.91560390097524,0.005637854988805367,0.07348897109260773,1.0720254285955955,0.00356568586616504,151.64027014599378,0.5749957954927682,1.2602526595744683,-0.9222430052959926,-0.5602509310900202,-0.3535454457994829,0.2748858021814114,1.8525413711583925,2.986254713538499,1.0449279760399313,-0.35462195927257917,-0.17933778649876772,REIT—Hotel & Motel,Real Estate,SHO
2012Q1,2012,Q1,2012-05-03,2012-03-31,-13536000.0,205221000.0,8221000.0,-0.11527259721015788,107270000.0,0.5227047914199814,3064731000.0,1245310000.0,246439000.0,197176000.0,1759706000.0,2638000.0,-355781000.0,1143729240.0,2578122240.0,10.605061911331392,1.2498427800543677,0.5092101068576654,1.2531755145305186,,10.605061911331392,-0.010869582674193575,5.573158887248381,-21.12384086879433,0.9184293388794758,-0.5494237588652482,37.13078089461713,0.006502413106094935,0.06696215752703907,0.8189333387430519,-0.004416700845849114,-180.85535104364325,0.5227047914199814,-2.809383772222965,-2.3800001752588886,-0.5788416875612638,-0.39897262713003573,-0.21374174491134712,-2.8093837722229646,-0.7128135261650248,-1.9243941532037314,-0.5162832772567796,-0.39646882029252795,REIT—Hotel & Motel,Real Estate,SHO
2011Q4,2011,Q4,2012-02-28,2011-12-31,7481000.0,245083000.0,28626000.0,0.06370820772231021,136431000.0,0.5566726374330329,3101240000.0,1265257000.0,263853000.0,146781000.0,1775946000.0,2608000.0,-334816000.0,957021900.0,2376965900.0,10.774930594587229,1.7975964191550677,0.506402922701887,1.2412316232986658,,10.774930594587229,0.00591263276946897,3.904888955986339,31.981750434433902,0.7563853825744494,0.9941184333645234,41.66104294478528,0.0077709820433576274,0.07902742128954869,1.2472663355611422,0.0024122609020907765,5.844301478446196,0.5566726374330329,1.4519081783588483,-0.6885765647714979,-0.5103747636650569,-0.3998936064316459,0.18132305827344358,1.4525710828796128,6.7978752383546714,1.5246706080049228,-0.5647667175134331,-0.37381484942149235,REIT—Hotel & Motel,Real Estate,SHO
2011Q3,2011,Q3,2011-11-09,2011-09-30,-16530000.0,212334000.0,3671000.0,-0.1409760008187354,115490000.0,0.5439072404796217,3209556000.0,1266336000.0,279452000.0,428395000.0,1882712000.0,2388000.0,-334868000.0,667175260.0,2185059260.0,10.79993859484538,0.6523232063866292,0.5227695045669868,1.324970623910242,,10.79993859484538,-0.013053407626411948,3.142102819143425,-10.090369933454326,0.526854847370682,-0.4422262552934059,40.55443886097152,0.010956641287927851,0.06615681421355477,0.46787894349840686,-0.005150245080627975,24.138034008683068,0.5439072404796217,-1.542215387764367,-6.296512405760145,-0.5396616368098386,-0.4058446146155443,-0.07982694468125792,-1.427374734991468,-0.8687944529825941,-1.6505320537364128,-0.6223174777647984,-0.4147544283682812,REIT—Hotel & Motel,Real Estate,SHO
2011Q2,2011,Q2,2011-08-09,2011-06-30,38678000.0,218254000.0,27979000.0,0.26,125509000.0,0.5750593345368241,3231590000.0,1289413000.0,268803000.0,390760000.0,1880880000.0,2276000.0,-310909000.0,1086694290.0,2625140290.0,10.999283441527975,0.687897942471082,0.5208501078416508,1.3053800450282416,,10.999283441527975,0.029996595349977083,4.979034931776737,7.023981914783597,0.8427821729732832,0.13281451988210352,40.74912126537786,0.004727180447409916,0.06753765174418784,0.502807349779916,0.011968721279617773,-7.6377700855361645,0.5750593345368241,-0.3333333333333333,-0.1366951366460149,-0.5682242447224534,-0.40667364590294486,0.5391001508332618,-0.24645417705735662,18.981362467866322,-0.7226451183335809,-0.5755650547458783,-0.4679276367094649,REIT—Hotel & Motel,Real Estate,SHO
2011Q1,2011,Q1,2011-05-06,2011-03-31,51328000.0,162575000.0,-1556000.0,0.39,81547000.0,0.501596186375519,2810159000.0,1146100000.0,376400000.0,390770000.0,1663941000.0,2674000.0,-342284000.0,1192984060.0,2492123060.0,9.78953482412833,0.9632264503416332,0.5168223577384767,1.267213157665125,,9.78953482412833,0.04478492278160719,7.3380535752729505,5.810591002961346,1.0409074775325013,0.10008182668329177,30.302169035153327,0.004306008916833306,0.057852598376106124,0.7649614862962868,0.018265158661840843,-10.707859656051413,0.501596186375519,0.2799635568513119,0.37238257741396613,-0.6349069884812949,-0.4618530635223865,-0.12321653208898255,0.4388876429692756,-1.2066950053134964,23.400868474890952,-0.6722072736878467,-0.4570098230517113,REIT—Hotel & Motel,Real Estate,SHO
2010Q4,2010,Q4,2011-02-17,2010-12-31,35672000.0,123615000.0,7528000.0,0.30469617506875996,93007000.0,0.7523925089997169,2436106000.0,1099299000.0,363230000.0,101248000.0,1336807000.0,2614000.0,-388482000.0,1209374420.0,2074701420.0,9.38977911406461,3.5875276548672566,0.46931578510951494,1.0400291458465805,,9.38977911406461,0.032449770262685584,9.78339538081948,8.475656116842341,1.100132375268239,0.14400650370038126,11.709257842387146,0.004247650615927531,0.05074286586872657,2.928630689001264,0.014643040984259306,-137.85186595235382,0.7523925089997169,0.6036640793092629,0.4178244083322158,-0.7327223241108525,-0.39073864792620905,0.07979427403812664,0.5081385025155372,0.5676801332778009,-0.399555466790429,-0.7473550424367958,-0.4960032723694446,REIT—Hotel & Motel,Real Estate,SHO
2010Q3,2010,Q3,2010-11-04,2010-09-30,23653000.0,177710000.0,4802000.0,0.19,86134000.0,0.48468853750492374,2373462000.0,876685000.0,309603000.0,349097000.0,1496777000.0,2412000.0,-419017000.0,882057500.0,2108507500.0,9.014755784061697,0.8868681197489523,0.5466862330216368,1.4800515578571551,,9.014755784061697,0.026980044143563538,4.963465758820551,9.32289244493299,1.0061281988399482,0.21718175284319113,37.966832504145934,0.005823883363612917,0.07487374982199,0.5431470336324861,0.009965611414886777,-6.993241100451915,0.48468853750492374,58.95363636363636,0.31384263439904936,-0.5720877715375393,-0.572876635616974,-0.15535856124420214,75.79545454545455,-0.6884448193083761,-0.13166866954361375,-0.5952546091136216,-0.5104469178110806,REIT—Hotel & Motel,Real Estate,SHO
2010Q2,2010,Q2,2010-08-06,2010-06-30,308000.0,181032000.0,15413000.0,0.0031691155286660906,101977000.0,0.5633092491935128,2388382000.0,857365000.0,437636000.0,379707000.0,1531017000.0,2282000.0,-437533000.0,965076840.0,2060772840.0,8.82171667284027,1.1525623704593277,0.5442994462359874,1.5162678672444059,,8.82171667284027,0.0003592402302403294,5.33097375049715,783.3415909090909,1.1256312539000308,16.678571428571427,34.642857142857146,0.005322892216541017,0.07579692025814966,0.8699971293655371,0.00012895759556050916,-195.04382376717865,0.5633092491935128,1.0117374649209856,-0.986780122974595,-0.4984997532399351,-0.5327354851578147,0.2000541322946209,1.0146033853302356,2.619774542038516,-0.9974369450492593,-0.5866205104240276,-0.5205774783287817,REIT—Hotel & Motel,Real Estate,SHO
2010Q1,2010,Q1,2010-05-10,2010-03-31,-21091000.0,160733000.0,4258000.0,-0.27,84977000.0,0.5286842154380246,2477376000.0,861503000.0,534515000.0,460923000.0,1615873000.0,2395000.0,-432704000.0,1084014990.0,2135914990.0,8.877172916215855,1.1596622429342862,0.5592283932677156,1.6081418172658715,,8.877172916215855,-0.02448163268148805,6.744196835746237,-12.84926022948177,1.258283476668102,-0.24356360532928736,31.63089770354906,0.004738864358324048,0.06488034113513654,1.0003796729605596,-0.008513443256090315,-76.65759069372746,0.5286842154380246,0.7952354940804126,-5.174699172633533,-0.5094957427688691,-0.41826520179276266,-0.43822430833305787,0.8351814949400227,1.0890664547032862,-3.601765318334255,-0.6008733006294954,-0.4968983716497899,REIT—Hotel & Motel,Real Estate,SHO
2009Q4,2009,Q4,2010-02-23,2009-12-31,-127965000.0,181091000.0,-47807000.0,-1.3185879007079044,151265000.0,0.835298275452673,2513530000.0,886767000.0,557361000.0,469592000.0,1626763000.0,2446000.0,-8949000.0,861777360.0000001,1916584360.0,9.137500386410709,1.1869048024668223,0.5623235051899121,1.5938989610574141,,9.137500386410709,-0.14430509931019084,4.75880833393156,-1.6836192708943853,0.9718193843478614,-0.04014378931739147,12.193785772690106,0.005960936360639596,0.07204648442628495,1.064988330295235,-0.05091047252270711,138.5939787713091,0.835298275452673,-3.2535093571222724,-1.3793170802162131,-0.4859878729404886,-0.2442051512021334,0.4352335047535913,-6.12976376197905,-6.95058501369181,-7.445624329585264,-0.5622465010980353,-0.49108977037188645,REIT—Hotel & Motel,Real Estate,SHO
2009Q3,2009,Q3,2009-11-04,2009-09-30,-17948000.0,176016000.0,8034000.0,-0.31,105394000.0,0.5987751113535134,2527813000.0,859776000.0,305621000.0,430507000.0,1668037000.0,2560000.0,-273374000.0,524384700.0,1767404700.0,11.64109021487469,0.7099094788238054,0.5718769545057328,1.6813658441268424,,11.64109021487469,-0.020875204704481166,2.979187687482956,-7.304221918876754,0.609908511054042,-0.28627145085803435,27.58671875,0.009798150098582205,0.06963173304354396,0.5666063501871049,-0.007100208757530719,46.94160773431206,0.5987751113535134,0.8609865470852017,-2.6856946831361874,-0.44566794921924185,0.10823764174922218,-0.05563470516025555,0.8621558311892784,1.0704718296886924,-10.129966946261018,-0.394176969051264,-0.3595689103070209,REIT—Hotel & Motel,Real Estate,SHO
2009Q2,2009,Q2,2009-08-05,2009-06-30,-130205000.0,186814000.0,-114003000.0,-2.23,111603000.0,0.5974016936632158,2582225000.0,881928000.0,320092000.0,162790000.0,1700297000.0,2553000.0,-250289000.0,325520750.0,1645264750.0,14.494666776234695,1.9662878555193808,0.5866324584418476,1.7176198056984244,,14.494666776234695,-0.14763676853439284,1.7424858415322193,-0.6250158404055143,0.36910127584111174,-0.03945317000115203,29.45985115550333,0.01578086803990222,0.07234613560011231,1.6075188893666688,-0.05042356882146211,29.858810310034855,0.5974016936632158,-112.5,-95.90220576945408,-0.18829830865820563,0.14989419190652045,-0.02207286938539458,-21.000768049155145,-29.37307117969139,-6.5992595035718695,-0.287953730174063,-0.21812472258644142,REIT—Hotel & Motel,Real Estate,SHO
2009Q1,2009,Q1,2009-05-07,2009-03-31,6510000.0,188616000.0,4018000.0,0.02,114122000.0,0.6050494125630912,2736284000.0,917330000.0,222839000.0,91813000.0,1818954000.0,3026000.0,-114946000.0,137299150.0,1635351150.0,17.571688535580883,2.4270963806868306,0.597236982710859,1.7814853978393816,,17.571688535580883,0.007096682764108881,0.7279294969673835,5.272624807987711,0.14967258238583717,1.9199692780337942,24.617977528089888,0.09103479518991925,0.06893144132699676,1.8866391469617592,0.0023791390075006834,-59.6693394176445,0.6050494125630912,1.1647105221643792,1.154265761360196,0.0027494012190248623,0.0,-0.26217245414519663,2.026975863700899,-0.879635731831526,-0.6096535814077446,-0.05010271904974632,-0.034055190155203266,REIT—Hotel & Motel,Real Estate,SHO
2008Q4,2008,Q4,2009-02-12,2008-12-31,-6339000.0,250345000.0,33382000.0,-0.12142515084761996,154673000.0,0.6178393816533184,2805611000.0,898305000.0,266369000.0,101302000.0,1907306000.0,3183000.0,-81971000.0,323148950.0,1856871950.0,17.207259841011396,2.629454502379025,0.6104784305450756,1.9066631044021796,,17.207259841011396,-0.007056623307228614,1.2908144760230882,-12.744476652468846,0.35973188393697025,-3.5019719198611767,30.05717876217405,0.06869587538501981,0.08923011778895934,2.118210894158062,-0.002259400893423928,20.343024866226,0.6178393816533184,-2.103865007705636,0.7976634683420346,0.2633018373584508,0.6331908309648134,0.02665657752377918,-1.5864557313349985,-0.023261257570881003,-1.565020360424039,0.2138884851235835,0.11650319659985049,REIT—Hotel & Motel,Real Estate,SHO
2008Q3,2008,Q3,2008-11-05,2008-09-30,10809000.0,239152000.0,34177000.0,0.11,150657000.0,0.6299633705760354,2849618000.0,920433000.0,275896000.0,119965000.0,1929185000.0,3117000.0,-63133000.0,673353000.0,2199871000.0,18.4536869962709,2.299804109531947,0.6020512223041825,1.863922740710079,,18.4536869962709,0.0117433859933314,2.815585903525791,15.57389675270608,0.7315611239492718,2.3845869183088166,28.39108116778954,0.038278584932420284,0.08392423124783743,1.839794940190889,0.003793139992799035,-81.95630477117818,0.6299633705760354,-0.8952380952380953,1.113432894458435,0.2315514318478199,0.0,-0.07912494957274362,-0.843841197376405,-0.25942057249344513,0.1706396098554029,0.12278713272437987,-0.12565564016120223,REIT—Hotel & Motel,Real Estate,SHO
2008Q2,2008,Q2,2008-08-05,2008-06-30,69218000.0,255236000.0,46149000.0,1.05,163602000.0,0.6409832468773997,3043617000.0,1202852000.0,487693000.0,127914000.0,1840765000.0,2990000.0,-51743000.0,965887600.0000001,2645050600.0,20.672532911696972,3.812663195584533,0.5644938242886671,1.428357769700678,,20.672532911696972,0.05754490161715656,3.784292184488082,3.4885708919645184,0.8029978750502972,0.3725042618971944,30.646822742474917,0.02669461746894773,0.08385943435064268,0.5777788201447848,0.022742020431611467,25.24536330371145,0.6409832468773997,57.438720379146915,51.75627022758941,0.1596724878598281,0.6399980692299732,0.02488254087577523,64.60947867298579,0.7474062854979174,3.9623785131307487,0.18100537411016712,0.09497294231658623,REIT—Hotel & Motel,Real Estate,SHO
2008Q1,2008,Q1,2008-05-08,2008-03-31,1055000.0,248747000.0,26410000.0,0.01796753921351568,159630000.0,0.6417363827503447,3007362000.0,1058605000.0,130442000.0,133871000.0,1948757000.0,3287000.0,-95186000.0,940059170.0000001,2637872170.0,18.028935402013044,0.974385789304629,0.5719673920199829,1.6248865251911715,,18.028935402013044,0.0009965945749358827,3.779177919733706,222.76283649289098,0.8880169373845771,24.639810426540283,27.111956191055675,0.02765251468160243,0.08271268972607887,0.7346848832084619,0.00035080578925982307,-89.88900076496463,0.6417363827503447,-0.964592562760102,1.0222274304399515,0.17576350095336227,0.0,-0.09320714845658323,-0.9645925627601021,-0.3821644130444954,-0.6548572698323051,0.25462471491575306,0.18146387334901726,REIT—Hotel & Motel,Real Estate,SHO
2007Q4,2007,Q4,2008-02-21,2007-12-31,29796000.0,245394000.0,42746000.0,0.5074509937496807,176038000.0,0.7173688028232149,3049152000.0,1093935000.0,165700000.0,137351000.0,1955217000.0,3190000.0,-70457000.0,1073933930.0,2728672930.0,18.630635080130116,1.206398206056017,0.5647967041328212,1.5742717803160151,,18.630635080130116,0.0272374501227221,4.376365885066464,9.010722328500469,0.9817163999689195,0.8114847630554437,21.741692789968653,0.02251442041690591,0.08047942509917512,1.025569526250264,0.009771897235690448,40.60855819405581,0.7173688028232149,1.670794703945688,1.8455898415193182,0.10098242790065051,0.7682874942935405,0.059710207742642324,0.7985151204201123,0.030843803506402683,1.9156665370227515,0.15122097736217827,0.5410054640694014,REIT—Hotel & Motel,Real Estate,SHO
2007Q3,2007,Q3,2007-11-06,2007-09-30,16567000.0,267038000.0,41467000.0,0.19,166119000.0,0.6220800035949939,3060462000.0,1089148000.0,145533000.0,141910000.0,1971314000.0,3157000.0,-74257000.0,1539596410.0,3237903410.0,18.414256006221787,1.0255302656613345,0.5662154929549852,1.5910427233029854,,18.414256006221787,0.01521097224619611,5.765458137044166,23.23287876501479,1.4135786963755155,1.4704533107985756,31.966740576496672,0.015822977919258723,0.08725414659616751,0.7943978577971954,0.005413234995239281,49.199386763812996,0.6220800035949939,-0.8256880733944955,1.7316378853214944,0.15965261653468524,0.0,-0.022674189430085954,-0.7775405521538297,-0.0552492481545612,0.942968097634647,0.050146406087423365,0.7530464307222412,REIT—Hotel & Motel,Real Estate,SHO
2007Q2,2007,Q2,2007-08-08,2007-06-30,74472000.0,271398000.0,43892000.0,1.09,169973000.0,0.6262868554668789,3084347000.0,1108275000.0,169631000.0,143572000.0,1976072000.0,3073000.0,-67480000.0,1709929700.0,3406473700.0,18.400713929935247,1.18150475022985,0.5666641918046186,1.5770354830705375,,18.400713929935247,0.06719631860323476,6.300450629702503,5.740176509292083,1.542874918228779,0.32158395101514664,33.00520663846404,0.014005838953496158,0.08799204499364047,0.9660658067032569,0.024145143202110527,-21.29479812697701,0.6262868554668789,12.049070008285005,53.83447557582779,0.1912576609014679,0.4597696105479165,0.15994813525778825,14.425020712510356,0.5015051997810619,53.83447557582779,0.1912576609014679,0.4597696105479165,REIT—Hotel & Motel,Real Estate,SHO
2007Q1,2007,Q1,2007-05-03,2007-03-31,4828000.0,239846000.0,29232000.0,0.0835308569352411,146535000.0,0.6109545291562085,3062701000.0,1019857000.0,152182000.0,149210000.0,2042844000.0,3074000.0,-116757000.0,1575600740.0,3372368740.0,17.644890050000864,1.0199182360431607,0.5915928456613949,1.776594169574754,,17.644890050000864,0.004733997021151005,6.569218331762881,81.58661661143331,1.5449232000172575,4.934962717481358,30.35491216655823,0.015121851237515919,0.07831192140532164,0.8845117619462503,0.0015763863335010503,-5.218223168688026,0.6109545291562085,-0.5916779431664412,1.103335036036597,0.1516967367489643,0.0,-0.041509409279112515,-0.5916779431664412,-0.12416107382550336,1.103335036036597,0.1516967367489643,0.0,REIT—Hotel & Motel,Real Estate,SHO
