Quarters,Year,Quarter,FillingDate,Date,NetIncome,Revenue,OperatingIncome,EPSDiluted,GrossProfit,GrossProfitRatio,TotalAssets,CommonStockEquity,CurrentAssets,CurrentLiability,TotalLiability,Inventory,RetainedEarnings,MarketCap,EnterpriseValue,bookValuePerShare,currentRatio,debtToAssets,debtToEquity,roic,shareholdersEquityPerShare,roe,priceToSalesRatio,peRatio,pbRatio,payoutRatio,inventoryTurnover,dividendYield,assetTurnover,quickRatio,returnOnAssets,priceToFreeCashFlowsRatio,grossProfitMargin,epsdilutedGrowth,fiveYNetIncomeGrowthPerShare,fiveYRevenueGrowthPerShare,fiveYShareholdersEquityGrowthPerShare,grossProfitGrowth,netIncomeGrowth,operatingIncomeGrowth,threeYNetIncomeGrowthPerShare,threeYRevenueGrowthPerShare,threeYShareholdersEquityGrowthPerShare,Industry,Sector,Symbol
2020Q2,2020,Q2,2020-05-31,2020-05-31,-39924160.0,3948240.0,2794420.0,-4.67,2994850.0,0.7585278504,109810770.0,79394783.0,7478707.0,7328278.0,30415987.0,0.0,-55698490.0,68635943.19999999,82012114.19999999,9.288720716378236,1.0205271961571327,0.20535326361885997,0.2840236996428342,0.09561862439773428,9.288720716378236,-0.5028562141167386,17.383933904727165,-0.42978952594118447,0.8644893355272474,-0.09634141331965407,0.0,0.05603987969964985,0.0359549432173183,2.2723668507117223,-0.36357235269363836,3.217737193220974,0.7585278503839685,-7.226666666666667,-1.3084148478851454,-0.48635373573841995,-0.44643632297369057,-0.14685145355876195,-7.269192297485518,-0.15777703433788137,-2.267940514032273,-0.4761217384423725,-0.3254619479772947,Asset Management,Financial Services,MFD
2019Q4,2019,Q4,2019-11-30,2019-11-30,6368310.0,4760700.0,3317910.0,0.75,3510350.0,0.7373600521,135272772.0,94686239.0,1955743.0,1831469.0,40586533.0,0.0,-40407034.0,87270217.14400001,118125028.14400001,11.077730759151278,1.0678548203655098,0.2816531326792061,0.4023815963373516,0.03670926419318692,11.077730759151278,0.06725697490212913,18.331383440250384,3.4259566958894907,0.9216779340448827,0.6710917025082007,0.0,0.04897111683529054,0.035193335137687576,5.023798928619595,0.04707754491790853,30.79520275804637,0.7373600520931796,0.0,1.336616326627959,-0.358841244641339,-0.3729725058025189,0.0,0.0,0.0,1.2735497331613186,-0.3272197857075938,-0.12646518298105341,Asset Management,Financial Services,MFD
2019Q2,2019,Q2,2019-05-31,2019-05-31,0.0,0.0,0.0,0.0,0.0,0.0,137575787.0,94625248.0,7733751.0,4217270.0,42950539.0,0.0,-45655412.0,0.0,29414951.0,0.0,1.8338287565178422,0.2769382667605601,0.40264095265568023,,0.0,0.0,0.0,0.0,0.0,0.0,0.0,,0.0,3.893229506291985,0.0,0.0,0.0,1.0,-1.0,-1.0,-1.0,-1.0,1.0,-1.0,-1.0,-1.0,-1.0,Asset Management,Financial Services,MFD
2018Q4,2018,Q4,2018-11-30,2018-11-30,-16188840.0,5704360.0,4125220.0,-1.89,4338380.0,0.7605375537,134889183.0,92095912.0,2509844.0,2971978.0,42793271.0,0.0,-48184748.0,88978850.4,116935686.4,10.774677798264744,0.8445028866297126,0.2906089215471043,0.4256432142178037,0.1922208373070891,10.774677798264744,-0.17578239520555483,15.598393229038841,-1.374076993780901,0.9661541806546201,-0.15839491896886987,0.0,0.028818421326783056,0.04228923233970511,4.6275605001113735,-0.12001585034435266,27.862573673316664,0.7605375537308304,0.0,-1.783882031207117,0.2566712925046776,-0.35321603364392495,0.0,0.0,0.0,0.7921784832341237,-0.23395232266739688,-0.2026364956916732,Asset Management,Financial Services,MFD
2018Q2,2018,Q2,2018-05-31,2018-05-31,0.0,0.0,0.0,0.0,0.0,0.0,145630066.0,99870511.0,4128843.0,6133701.0,45759555.0,0.0,542263.0,0.0,28643620.0,0.0,0.6731405720624465,0.2691751852944982,0.3925082550143355,,0.0,0.0,0.0,0.0,0.0,0.0,0.0,,0.0,2.3941863158963894,0.0,0.0,0.0,1.0,-1.0,-1.0,-1.0,-1.0,1.0,-1.0,1.0,-1.0,-1.0,Asset Management,Financial Services,MFD
2017Q4,2017,Q4,2017-11-30,2017-11-30,-3762090.0,5503450.0,3934700.0,-0.44,4150210.0,0.7541106033,159536270.0,113872230.0,10629120.0,3164040.0,45664040.0,0.0,-34299910.0,109618546.8,143155216.8,13.338248643887331,3.3593507035309287,0.2663971020508377,0.3732253245589377,-0.06914264770813651,13.338248643887331,-0.03303781791223374,19.91815075997783,-7.28441815586549,0.9626451225202142,-0.676873759000981,0.0,0.023230193013286694,0.03449654426545136,3.3593507035309287,-0.023581408791869082,-19.91616039244186,0.7541106033488085,-1.1195652173913044,-1.077711109232999,-0.030200444339077984,-0.16156771604746553,-0.33808452950558215,-1.1195832803560077,-0.3528453947368421,0.800906443135585,-0.2579266557898209,-0.24502149348136076,Asset Management,Financial Services,MFD
2017Q2,2017,Q2,2017-05-31,2017-05-31,31460000.0,7530000.0,6080000.0,3.68,6270000.0,0.8326693227,169300000.0,117600000.0,20100000.0,9200000.0,51700000.0,0.0,-52000000.0,111959400.0,137959400.0,13.770491803278688,2.1847826086956523,0.25103366804489075,0.36139455782312924,0.08216872707652628,13.770491803278688,0.2675170068027211,14.868446215139443,0.8896964399237126,0.9520357142857143,0.24475524475524477,0.0,0.06877493091245576,0.044477259303012405,2.1847826086956523,0.18582398109864146,7.131171974522293,0.8326693227091634,2.3529411764705883,3.601255098717372,0.05191366011038133,-0.043466652426977184,0.06091370558375635,2.352536543422184,0.06293706293706294,-0.4729426099881608,0.24111925244046647,-0.2612434271574389,Asset Management,Financial Services,MFD
2016Q4,2016,Q4,2016-11-30,2016-11-30,-23260000.0,7070000.0,5720000.0,-2.72,5910000.0,0.8359264498,157000000.0,108300000.0,14300000.0,6200000.0,48700000.0,0.0,-46600000.0,94623200.0,128023200.0,12.681498829039812,2.306451612903226,0.27070063694267515,0.39242843951985223,0.22392788377384915,12.681498829039812,-0.21477377654662974,13.383762376237623,-1.0170163370593293,0.8737137580794091,-0.11177987962166808,0.0,0.027477405118406475,0.04503184713375796,2.306451612903226,-0.14815286624203822,-10.066297872340428,0.8359264497878359,-2.732484076433121,0.510767906094958,-0.016981494371504653,-0.20335433382251833,0.4344660194174757,-2.734526472781506,0.4666666666666667,-2.1272568396915164,0.5588788767053885,-0.23875309632857425,Asset Management,Financial Services,MFD
2016Q2,2016,Q2,2016-05-31,2016-05-31,13410000.0,5220000.0,3900000.0,1.57,4120000.0,0.7892720307,161900000.0,117300000.0,20300000.0,4500000.0,44500000.0,0.0,-46900000.0,105554400.0,126954400.0,13.735362997658079,4.511111111111111,0.24706609017912293,0.3410059676044331,0.04702678060013794,13.735362997658079,0.11432225063938618,20.221149425287358,1.9678299776286352,0.8998670076726343,0.6040268456375839,0.0,0.07673768218094178,0.03224212476837554,4.511111111111111,0.08282890673255096,6.320622754491018,0.789272030651341,1.172338090010977,-0.7285974499089253,-0.39617185099499347,-0.19457557291219635,-0.347068145800317,1.1722985995117563,-0.35960591133004927,0.10605263615917326,-0.44768139959512565,-0.15770922810910556,Asset Management,Financial Services,MFD
2015Q4,2015,Q4,2015-11-30,2015-11-30,-77830000.0,7440000.0,6090000.0,-9.11,6310000.0,0.8481182796,168000000.0,115400000.0,18900000.0,7600000.0,52600000.0,0.0,-37800000.0,104785800.0,135085800.0,13.51288056206089,2.486842105263158,0.26785714285714285,0.389948006932409,0.13505561393590976,13.51288056206089,-0.6744367417677642,14.084112903225806,-0.33658550687395605,0.9080225303292895,-0.03854554798920724,0.0,0.028629833431629097,0.04428571428571428,2.486842105263158,-0.46327380952380953,10.80265979381443,0.8481182795698925,-3.50990099009901,-2.1850398810627754,0.8143222396493563,-0.11601617072397065,-0.017133956386292833,-3.504050925925926,-0.02247191011235955,-2.6071710599259514,0.3106328141456947,-0.1505904849345661,Asset Management,Financial Services,MFD
2015Q2,2015,Q2,2015-05-31,2015-05-31,-17280000.0,7680000.0,6230000.0,-2.02,6420000.0,0.8359375,210000000.0,143300000.0,26300000.0,9200000.0,66700000.0,0.0,-29700000.0,143557400.0,180357400.0,16.779859484777518,2.858695652173913,0.27380952380952384,0.40125610607117934,0.3329984410185346,16.779859484777518,-0.12058618283321702,18.692369791666668,-2.0769299768518517,1.0017962316817863,-0.5208333333333334,0.0,0.06269269295766015,0.036571428571428574,2.858695652173913,-0.08228571428571428,8.250425287356322,0.8359375,0.085972850678733,0.4886544288888556,1.195059303467553,0.3022318301006826,0.04730831973898858,0.0847457627118644,0.06132879045996593,-0.4287885602617988,0.07286811549106624,0.16557167268039266,Asset Management,Financial Services,MFD
2014Q4,2014,Q4,2014-11-30,2014-11-30,-18880000.0,7410000.0,5870000.0,-2.21,6130000.0,0.8272604588,215000000.0,150700000.0,14700000.0,6900000.0,64400000.0,0.0,-22700000.0,141598000.0,186998000.0,17.667057444314185,2.130434782608696,0.26744186046511625,0.38155275381552756,0.22365695557762008,17.667057444314185,-0.12528201725282018,19.109041835357626,-1.8749735169491526,0.9396018579960187,-0.15360169491525427,0.0,0.020480515261514995,0.034465116279069764,2.130434782608696,-0.08781395348837209,-10.335620437956203,0.8272604588394062,-1.3161659513590842,-1.3314206881192252,1.0277080438916633,0.23113493165289953,0.2613168724279835,-1.3166722576316672,0.27608695652173915,0.6024277548201319,0.03150022571271154,0.10983606408511269,Asset Management,Financial Services,MFD
2014Q2,2014,Q2,2014-05-31,2014-05-31,59620000.0,6060000.0,4600000.0,6.99,4860000.0,0.801980198,214300000.0,159000000.0,24700000.0,7800000.0,55300000.0,0.0,-25600000.0,150469200.0,179169200.0,18.640093786635404,3.1666666666666665,0.2216518898740084,0.29874213836477986,0.05789437019617445,18.640093786635404,0.3749685534591195,24.82990099009901,0.6309510231465951,0.9463471698113208,0.1509560550150956,0.0,0.05981290523243294,0.028278114792347177,3.1666666666666665,0.2782081194587028,8.089741935483872,0.801980198019802,1.888429752066116,1.3435818667627162,0.902872734440652,0.5206833026293753,0.463855421686747,1.8927704997573993,0.5032679738562091,0.20805291418812327,-0.2981823022964542,0.09303167754092433,Asset Management,Financial Services,MFD
2013Q4,2013,Q4,2013-11-30,2013-11-30,20610000.0,4530000.0,3060000.0,2.42,3320000.0,0.7328918322,194500000.0,142100000.0,11200000.0,4900000.0,52400000.0,0.0,-30900000.0,136650600.0,175050600.0,16.658851113716295,2.2857142857142856,0.2442159383033419,0.3342716396903589,0.037332182585347144,16.658851113716295,0.1450387051372273,30.16569536423841,1.6575764192139737,0.9616509500351864,0.14070839398350318,0.0,0.021222007074978087,0.023290488431876605,2.2857142857142856,0.10596401028277636,23.56044827586207,0.7328918322295805,0.7042253521126761,1.0722608691535807,-0.5405490258948641,0.46206294456604485,-0.5965978128797084,0.7018992568125516,-0.616060225846926,-0.6858241728908205,0.1059832001462727,0.08978651377913516,Asset Management,Financial Services,MFD
2013Q2,2013,Q2,2013-05-31,2013-05-31,12110000.0,9440000.0,7970000.0,1.42,8230000.0,0.8718220339,194900000.0,139100000.0,17600000.0,8300000.0,55800000.0,0.0,-34000000.0,134347500.0,175847500.0,16.30715123094959,2.1204819277108435,0.24371472550025655,0.34148094895758446,0.055319623318488456,16.30715123094959,0.08705966930265996,14.231726694915254,2.7734826589595376,0.9658339324227175,0.7431874483897605,0.0,0.0669904538603249,0.04843509492047204,2.1204819277108435,0.06213442791174961,17.224038461538463,0.871822033898305,-0.7495590828924162,1.2957017606579095,0.1923184279573495,-0.287742670655918,0.8411633109619687,-0.7496382054992764,0.9158653846153846,1.3587762971441473,1.7012567913373418,0.2655464374104468,Asset Management,Financial Services,MFD
2012Q4,2012,Q4,2012-11-30,2012-11-30,48370000.0,5670000.0,4160000.0,5.67,4470000.0,0.7883597884,189600000.0,135700000.0,12100000.0,6300000.0,53800000.0,0.0,-39400000.0,126585200.0,166685200.0,15.908558030480657,1.9206349206349207,0.2505274261603376,0.35003684598378776,0.05811418405304868,15.908558030480657,0.35644804716285927,22.325432098765432,0.6542547033285094,0.932831245394252,0.05995451726276619,0.0,0.022909471249403568,0.02990506329113924,1.9206349206349207,0.25511603375527425,12.055733333333333,0.7883597883597884,4.992957746478873,1.1695904047044492,-0.42492560194787626,0.3962135227136685,-0.2436548223350254,5.004139072847682,-0.26371681415929205,-0.15091002731319234,0.5515660740709487,0.10859329943794609,Asset Management,Financial Services,MFD
2012Q2,2012,Q2,2012-05-31,2012-05-31,-12080000.0,7150000.0,5650000.0,-1.42,5910000.0,0.8265734266,179000000.0,122800000.0,15600000.0,8700000.0,56200000.0,0.0,-41900000.0,117628700.0,165128700.0,14.396248534583822,1.793103448275862,0.26536312849162014,0.38680781758957655,1.5414427029224445,14.396248534583822,-0.098371335504886,16.451566433566434,-2.434368791390728,0.9578884364820845,-0.7450331125827815,0.0,0.07651193968818834,0.03994413407821229,1.793103448275862,-0.06748603351955307,56.013666666666666,0.8265734265734266,0.7450628366247756,0.7050307787987162,-0.09691983475688039,-0.3712063260715078,0.051601423487544484,0.7324473975636766,0.06805293005671077,-1.4748485231548745,1.245138622318591,0.17446484001815912,Asset Management,Financial Services,MFD
2011Q4,2011,Q4,2011-11-30,2011-11-30,-45150000.0,6830000.0,5290000.0,-5.57,5620000.0,0.82284041,182300000.0,129100000.0,8700000.0,5700000.0,53200000.0,0.0,-36800000.0,114107700.0,155107700.0,15.918618988902589,1.5263157894736843,0.2605595172792101,0.36793183578621225,0.11740058158739149,15.918618988902589,-0.34972889233152593,16.70683748169839,-0.6318255813953488,0.883870642912471,-0.0664451827242525,0.0,0.02629095144324178,0.03746571585298958,1.5263157894736843,-0.2476686780032913,9.67014406779661,0.8228404099560761,-1.9620034542314333,0.8335011950151456,-0.2713988451760749,0.39709652205108464,-0.2767052767052767,-1.8709490740740742,-0.28609986504723345,0.8335011950151456,-0.2713988451760749,0.39709652205108464,Asset Management,Financial Services,MFD
2011Q2,2011,Q2,2011-05-31,2011-05-31,51840000.0,9070000.0,7410000.0,5.79,7770000.0,0.8566703418,202900000.0,152800000.0,7600000.0,2600000.0,50100000.0,0.0,-39100000.0,142374400.0,185374400.0,17.053571428571427,2.923076923076923,0.23410547067520945,0.31086387434554974,0.08630941975875071,17.053571428571427,0.3392670157068063,15.69728776185226,0.686604938271605,0.9317696335078535,0.16203703703703703,0.0,0.05899937067337948,0.04470182355840315,2.923076923076923,0.2554953178905865,203.392,0.856670341786108,-0.24707412223667102,2.205079730396186,0.09060772746598654,-0.2551408232211804,1.5064516129032257,-0.2576256623227839,1.6370106761565837,2.205079730396186,0.09060772746598654,-0.2551408232211804,Asset Management,Financial Services,MFD
2010Q4,2010,Q4,2010-11-30,2010-11-30,69830000.0,4360000.0,2810000.0,7.69,3100000.0,0.7110091743,195900000.0,138800000.0,13400000.0,12600000.0,57100000.0,0.0,-43200000.0,125485600.0,159185600.0,15.286343612334802,1.0634920634920635,0.2271567126084737,0.32060518731988474,0.0425645364040525,15.286343612334802,0.5030979827089337,28.781100917431193,0.44925390233424034,0.9040749279538906,0.018616640412430198,0.0,0.010359754426005858,0.022256253190403266,1.0634920634920635,0.35645737621235324,16.087897435897435,0.7110091743119266,2.941919191919192,1.230001365217921,-0.5845768958837975,0.3416049162656074,0.27049180327868855,2.943501252435291,0.33175355450236965,1.230001365217921,-0.5845768958837975,0.3416049162656074,Asset Management,Financial Services,MFD
2010Q2,2010,Q2,2010-05-31,2010-05-31,-35930000.0,3720000.0,2110000.0,-3.96,2440000.0,0.6559139785,167300000.0,117000000.0,10000000.0,5800000.0,50300000.0,0.0,-44200000.0,94976800.00000001,135176800.0,12.885462555066079,1.7241379310344827,0.2659892408846384,0.3803418803418803,0.044411164256570525,12.885462555066079,-0.30709401709401707,25.53139784946237,-0.6608460896187031,0.8117675213675215,-0.11411077094350125,0.0,0.043168436923543434,0.022235505080693364,1.7241379310344827,-0.21476389719067543,-15.318838709677422,0.6559139784946236,-1.5928143712574852,0.17580463644981573,-0.5586060415355569,-0.43719384110353277,-0.08614232209737828,-1.5925131926121372,-0.09051724137931035,0.17580463644981573,-0.5586060415355569,-0.43719384110353277,Asset Management,Financial Services,MFD
2009Q4,2009,Q4,2009-11-30,2009-11-30,60640000.0,3890000.0,2320000.0,6.68,2670000.0,0.6863753213,169600000.0,130300000.0,8900000.0,3400000.0,39300000.0,0.0,-43300000.0,106508400.0,136408400.0,14.35022026431718,2.6176470588235294,0.2116745283018868,0.27551803530314656,0.03890068662844199,14.35022026431718,0.4653875671527245,27.38005141388175,0.439101253298153,0.8174090560245588,0.021437994722955156,0.0,0.012205610073947225,0.02293632075471698,2.6176470588235294,0.35754716981132073,-213.0168,0.6863753213367609,1.2416107382550334,1.1997319602866205,-0.6293587442632964,0.25944611375654636,0.24766355140186916,1.239290989660266,0.27472527472527475,1.1997319602866205,-0.6293587442632964,0.25944611375654636,Asset Management,Financial Services,MFD
2009Q2,2009,Q2,2009-05-31,2009-05-31,27080000.0,3390000.0,1820000.0,2.98,2140000.0,0.6312684366,144300000.0,111300000.0,6000000.0,2100000.0,33000000.0,0.0,-37100000.0,89982800.0,117882800.0,12.257709251101321,2.857142857142857,0.21413721413721415,0.2776280323450135,0.033847024437412096,12.257709251101321,0.24330637915543576,26.543598820058996,0.8307127031019202,0.808470799640611,0.24372230428360414,0.0,0.07334735082704695,0.023492723492723494,2.857142857142857,0.18766458766458766,9.471873684210527,0.6312684365781711,1.089114832535885,1.6211859294444473,-0.5977619572057898,-0.4646126026907965,-0.7238709677419355,1.0889005613735596,-0.7576564580559254,1.6211859294444473,-0.5977619572057898,-0.4646126026907965,Asset Management,Financial Services,MFD
2008Q4,2008,Q4,2008-11-30,2008-11-30,-304610000.0,10530000.0,7510000.0,-33.44,7750000.0,0.7359924027,149000000.0,103800000.0,11500000.0,6300000.0,45200000.0,0.0,-25800000.0,72515600.0,103415600.0,11.394072447859495,1.8253968253968254,0.2610738255033557,0.37475915221579964,0.16626199730302793,11.394072447859495,-2.9345857418111754,6.8865716999050335,-0.05951511769147435,0.6986088631984586,-0.15560881126686582,0.0,0.6536524554716502,0.07067114093959731,1.8253968253968254,-2.0443624161073823,0.7244315684315683,0.7359924026590693,-5.966666666666666,0.0,0.0,0.0,0.5562248995983936,-6.010586881472958,0.6726057906458798,0.0,0.0,0.0,Asset Management,Financial Services,MFD
2008Q2,2008,Q2,2008-05-31,2008-05-31,-43450000.0,8400000.0,4490000.0,-4.8,4980000.0,0.5928571429,298300000.0,207200000.0,4800000.0,6100000.0,91100000.0,0.0,9500000.0,216657000.0,300857000.0,22.895027624309392,0.7868852459016393,0.28494803888702647,0.41023166023166024,0.05810799379754082,22.895027624309392,-0.2097007722007722,25.7925,-1.2465880322209437,1.045641891891892,-0.17721518987341772,0.0,0.03554004717133534,0.028159570901776735,0.7868852459016393,-0.1456587328193094,40.87867924528302,0.5928571428571429,0.0,0.0,0.0,0.0,0.0,0.0,0.0,0.0,0.0,0.0,Asset Management,Financial Services,MFD
2022Q4,2022,Q4,2022-11-30,2022-11-30,,,,,,,113258998.0,80481027.0,1215078.0,4725855.0,32777971.0,0.0,-51440215.0,0.0,17252754.0,0.0,0.25711283989881195,0.2432477815140127,0.3423167052776302,,0.0,,0.0,0.0,0.0,0.0,0.0,,,2.436029882423392,,0.0,0.0,0.0,1.0,-1.0,-1.0,0.0,0.0,0.0,-1.0,-1.0,-1.0,Asset Management,Financial Services,MFD
2022Q2,2022,Q2,2022-05-31,2022-05-31,,,,,,,126580712.0,91621880.0,2634668.0,1026928.0,34958832.0,0.0,-42723772.0,0.0,25800487.0,0.0,2.565582007696742,0.262678250695888,0.3629045813074344,,0.0,,0.0,0.0,0.0,0.0,0.0,,,9.819754646869109,,0.0,0.0,0.0,-1.0,-1.0,-1.0,0.0,0.0,0.0,0.0,0.0,0.0,Asset Management,Financial Services,MFD
2021Q4,2021,Q4,2021-11-30,2021-11-30,,,,,,,126814270.0,86658769.0,4219894.0,6212883.0,40155501.0,0.0,-47686883.0,0.0,31158187.0,0.0,0.6792167179069685,0.26219446754690934,0.3836888105345692,,0.0,,0.0,0.0,0.0,0.0,0.0,,,1.0159063030802287,,0.0,0.0,0.0,1.0,-1.0,-1.0,0.0,0.0,0.0,1.0,-1.0,-1.0,Asset Management,Financial Services,MFD
2021Q2,2021,Q2,2021-05-31,2021-05-31,,,,,,,119843101.0,89344133.0,1044118.0,533361.0,30498968.0,0.0,-46173106.0,0.0,21252744.0,0.0,1.9576196984781415,0.24406911833831804,0.3273857948792228,,0.0,,0.0,0.0,0.0,0.0,0.0,,,16.951696880724313,,0.0,0.0,0.0,-1.0,-1.0,-1.0,0.0,0.0,0.0,0.0,0.0,0.0,Asset Management,Financial Services,MFD
2020Q4,2020,Q4,2020-11-30,2020-11-30,,,,,,,116871518.0,81102320.0,711878.0,8066056.0,35769198.0,0.0,-54414919.0,0.0,16055274.0,0.0,0.088256020042509,0.2314507457668172,0.33352929977835405,,0.0,,0.0,0.0,0.0,0.0,0.0,,,1.4513417709968788,,0.0,0.0,0.0,1.0,-1.0,-1.0,0.0,0.0,0.0,1.0,-1.0,-1.0,Asset Management,Financial Services,MFD
