Year,Date,FillingDate,NetIncome,Revenue,OperatingIncome,EPSDiluted,GrossProfit,GrossProfitRatio,TotalAssets,CommonStockEquity,CurrentAssets,CurrentLiability,TotalLiability,Inventory,RetainedEarnings,EnterpriseValue,bookValuePerShare,currentRatio,debtToAssets,debtToEquity,roic,shareholdersEquityPerShare,roe,priceToSalesRatio,peRatio,pbRatio,payoutRatio,inventoryTurnover,dividendYield,assetTurnover,quickRatio,returnOnAssets,priceToFreeCashFlowsRatio,grossProfitMargin,epsdilutedGrowth,fiveYNetIncomeGrowthPerShare,fiveYRevenueGrowthPerShare,fiveYShareholdersEquityGrowthPerShare,grossProfitGrowth,netIncomeGrowth,operatingIncomeGrowth,threeYNetIncomeGrowthPerShare,threeYRevenueGrowthPerShare,threeYShareholdersEquityGrowthPerShare,Industry,Sector,Price,MarketCap,AvgVolume,Symbol
2022,2022-11-30,2022-11-30,2431169.0,984384.0,-324172.0,0.28,984384.0,1.0,113258998.0,80481027.0,1215078.0,4725855.0,32777971.0,0.0,-51440215.0,91961085.36,9.415337796670606,0.25711283989881195,0.2432477815140127,0.3423167052776302,-0.011049909758527788,9.415337796670606,0.030207976844033067,75.89348400624147,30.729386299348175,0.9282725897620567,2.8126197726279005,0.0,0.09152866722520785,0.008691441893208343,2.436029882423392,0.02146557044412489,3.60154689002059,1.0,-0.8068965517241379,-0.9272294052883843,-0.9399520521582644,-0.2964148419083863,-0.9225350860225495,-0.80384944720613,-1.025389446820962,-0.7908688961602718,-0.9181351824714844,-0.15440762993478316,Asset Management,Financial Services,7.7002,65816997,17265,MFD
2021,2021-11-30,2021-11-30,12394403.0,12707482.0,12767982.0,1.45,12707482.0,1.0,126814270.0,86658769.0,6311707.0,6212883.0,40155501.0,0.0,-47686883.0,113645074.60000001,10.138061274723135,1.0159063030802287,0.26219446754690934,0.3836888105345692,0.10648080291775824,10.138061274723135,0.14302537577010815,6.491206330254885,6.6551723064031405,0.9518585199381265,0.5516969231999315,0.0,0.08289746648169083,0.10020545795043413,1.0159063030802287,0.09773665850065612,-9.980352833122422,1.0,2.959459459459459,2.256750832413969,0.0336479203400625,-0.20004325798287825,3.157166181561758,2.9615764142428542,3.2135419095605275,1.5706961831200847,2.1243629358261633,-0.06440144593551142,Asset Management,Financial Services,7.7002,65816997,17265,MFD
2020,2020-11-30,2020-11-30,-6318593.0,-5890822.0,-5768123.0,-0.74,-5890822.0,1.0,116871518.0,81102320.0,11706604.0,8066056.0,35769198.0,0.0,-54414919.0,86072113.8,9.498272499867953,1.4513417709968788,0.2314507457668172,0.33352929977835405,-0.05333332655277298,9.498272499867953,-0.07790890568851791,-11.88575037575401,-11.081080835559435,0.8633148817444433,-0.8792840431406169,0.0,0.07935002516351788,-0.05040425674970697,1.4513417709968788,-0.05406443852299411,3.4397273227387046,1.0,-1.5441176470588236,0.9335294472159082,-1.389810874814821,-0.29679698285817263,-1.4924410398769754,-1.5463481162918808,-1.4487507327636675,-1.1893346529288822,-1.3597315051614485,-0.2902173344455079,Asset Management,Financial Services,7.7002,65816997,17265,MFD
2019,2019-11-30,2019-11-30,11565141.0,11962492.0,12853735.0,1.36,11962492.0,1.0,135272772.0,94686239.0,9200932.0,1831469.0,40586533.0,0.0,-40407034.0,117679255.178,11.134605904668277,5.023798928619595,0.2816531326792061,0.4023815963373516,0.09680020382232529,11.134605904668277,0.1221417295917731,7.258056613789167,7.507426340759703,0.9169700380432262,0.9977436505097517,0.0,0.13290089109402925,0.08843237129789874,5.023798928619595,0.08549496568311618,10.047843918287274,1.0,1.535433070866142,-0.7152479086741124,-0.10917770105826709,-0.3697532291518222,2.0645138067421835,1.5355658880410035,32.635680092541314,2.1787456096969477,-0.02190648376852994,-0.12140962440707956,Asset Management,Financial Services,7.7002,65816997,17265,MFD
2018,2018-11-30,2018-11-30,-21594245.0,-11237517.0,-406305.0,-2.54,-11237517.0,1.0,134889183.0,92095912.0,2509844.0,2971978.0,42793271.0,0.0,-48184748.0,116432883.4,10.835909515550986,0.8445028866297126,0.2906089215471043,0.4256432142178037,-0.005739095205246762,10.835909515550986,-0.2344756084287433,-7.873273731198806,-4.097204945113848,0.9606946223628253,-0.47463331086592747,0.0,0.11584319486677248,-0.08330925245503192,4.441118675844842,-0.1600887819151518,5.63208871852672,1.0,-1.649616368286445,-1.6625696345113405,-1.806746775773254,-0.349540406983463,-1.6885936405356066,-1.649288665041088,0.0015972281947635488,0.7717763733199325,-1.7470713505719386,-0.19776524995284955,Asset Management,Financial Services,7.7002,65816997,17265,MFD
2017,2017-11-30,2017-11-30,33258312.0,16319519.0,-406955.0,3.91,16319519.0,1.0,159536269.0,113872228.0,1665787.0,2654119.0,45664041.0,0.0,375973.0,142797278.12,13.381944869628185,0.6276233281175411,0.2663971037206593,0.37322533111409745,-0.005439347490968322,13.381944869628185,0.2920669296116697,6.695087405456007,3.2852120131653106,0.9595017858085644,0.3080872835638802,0.0,0.09378003073446615,0.10229347284033576,4.322779800001432,0.2084686586220717,10.716023339734209,1.0,4.4,-0.08106800209203052,0.2770522717640173,-0.1588210041420161,0.627768534865396,4.3741695530165146,-1.0423035422479283,-0.18166782316884802,0.21447955466199423,-0.24254817692151015,Asset Management,Financial Services,7.7002,65816997,17265,MFD
2016,2016-11-30,2016-11-30,-9856740.0,12286940.0,9619880.0,-1.15,10025700.0,0.8159639422,157009940.0,108268690.0,14311560.0,6241250.0,48741250.0,0.0,-46640850.0,128079236.4,12.673261868085046,2.293059883837372,0.2706834994013755,0.39254192509394914,-0.20108092285240192,12.673261868085046,-0.09103961634707135,7.703897504179235,-9.603309654104704,0.8742816265718187,-1.0834058725298628,0.0,0.11281588447653429,0.07825580979140556,2.293059883837372,-0.06277780884445915,12.96794724995308,0.8159639422020454,0.8966756513926325,-2.473300704013437,-0.22793405212628454,-0.16264195402970222,-0.21233804954735186,0.8963626287050391,-0.21922388912516272,-1.3008758392788065,-0.12245150846113449,-0.23924754584964503,Asset Management,Financial Services,7.7002,65816997,17265,MFD
2015,2015-11-30,2015-11-30,-95107970.0,15119860.0,12320920.0,-11.13,12728430.0,0.8418351757,167995260.0,115392710.0,18884410.0,7602550.0,52602550.0,0.0,-37778460.0,135133641.6,13.507155498953539,2.483957356413309,0.26786470046833466,0.38997264211924654,0.3110400109525342,13.507155498953539,-0.824211252166623,6.932841415198289,-1.102153600797073,0.9084073993929079,-0.12564698836490779,0.0,0.11400134089662313,0.09000170600051453,2.483957356413309,-0.566134842137808,3.869934189006692,0.8418351757225265,-3.3284518828451883,-3.981869200199888,0.9913408847569836,-0.11639069214338521,0.15818289353958143,-3.3345108001963673,0.1767831900668577,-3.6174849403507507,0.17850979942453538,-0.15095035809820426,Asset Management,Financial Services,7.7002,65816997,17265,MFD
2014,2014-11-30,2014-11-30,40740000.0,13470000.0,10470000.0,4.78,10990000.0,0.8158871566,215000000.0,150700000.0,14700000.0,6900000.0,64400000.0,0.0,-22700000.0,186998000.0,17.667057444314185,2.130434782608696,0.26744186046511625,0.38155275381552756,0.09964691799638929,17.667057444314185,0.2703384207033842,10.512100965107647,3.475650466372116,0.9396018579960187,0.2920962199312715,0.0,0.08404073503863048,0.06265116279069767,2.130434782608696,0.18948837209302324,28.897551020408162,0.8158871566443949,0.2480417754569191,-0.5056219057867701,0.9668755638535501,0.23113493165289953,-0.04930795847750865,0.24549067563436258,-0.050770625566636446,5.098802395209582,-0.15229704216488363,0.16731216111541444,Asset Management,Financial Services,7.7002,65816997,17265,MFD
2013,2013-11-30,2013-11-30,32710000.0,13980000.0,11030000.0,3.83,11560000.0,0.8268955651,194500000.0,142100000.0,11200000.0,4900000.0,52400000.0,0.0,-30900000.0,175050600.0,16.658851113716295,2.2857142857142856,0.2442159383033419,0.3342716396903589,0.10421181272847432,16.658851113716295,0.23019000703729767,9.774721030042919,4.1776398654845615,0.9616509500351864,0.36380311831244266,0.0,0.08708340834215145,0.07187660668380463,2.2857142857142856,0.16817480719794345,10.047838235294117,0.82689556509299,-0.09882352941176469,1.1000347216947879,-0.2142868638051179,0.45724824771236966,0.11475409836065574,-0.0984013230429989,0.12321792260692464,0.027111669035540072,0.844040495604841,0.08978651377913516,Asset Management,Financial Services,7.7002,65816997,17265,MFD
2012,2012-11-30,2012-11-30,36280000.0,12810000.0,9820000.0,4.25,10370000.0,0.8095238095,189600000.0,135700000.0,9400000.0,6300000.0,53800000.0,0.0,-39400000.0,166685200.0,15.908558030480657,1.492063492063492,0.2505274261603376,0.35003684598378776,0.10432956313136046,15.908558030480657,0.2673544583640383,9.88174863387978,3.489117971334068,0.932831245394252,0.32800441014332965,0.0,0.09400783029927669,0.0675632911392405,1.492063492063492,0.19135021097046415,10.046444444444445,0.8095238095238095,4.448717948717948,-0.6979701491213417,-0.3644507242969169,-0.364363158072591,-0.22554144884241972,4.431137724550898,-0.22738001573564123,-0.5597438080987732,0.8705030417939107,0.10859329943794609,Asset Management,Financial Services,7.7002,65816997,17265,MFD
2011,2011-11-30,2011-11-30,6680000.0,15890000.0,12710000.0,0.78,13390000.0,0.8426683449,182300000.0,129100000.0,8300000.0,5700000.0,53200000.0,0.0,-36800000.0,161017100.0,15.134818288393904,1.456140350877193,0.2605595172792101,0.36793183578621225,0.04493115017834273,15.134818288393904,0.0517428350116189,7.552995594713656,17.966631736526946,0.9296444616576298,1.7065868263473054,0.0,0.09498646442881889,0.08716401535929787,1.456140350877193,0.03664289632473944,9.601368,0.8426683448709881,-0.7908847184986596,-0.9293012638732057,0.3203059724210295,-0.41769208127773244,1.4213381555153708,-0.8029498525073746,1.5833333333333333,1.0204289801565631,-0.10693979011897871,0.3239320814895631,Asset Management,Financial Services,7.7002,65816997,17265,MFD
2010,2010-11-30,2010-11-30,33900000.0,8070000.0,4920000.0,3.73,5530000.0,0.6852540273,195900000.0,138800000.0,12100000.0,12600000.0,57100000.0,0.0,-43200000.0,159185600.0,15.286343612334802,0.9603174603174603,0.2271567126084737,0.32060518731988474,0.06240865342520188,15.286343612334802,0.2442363112391931,15.549640644361833,3.7016401179941005,0.9040749279538906,0.1592920353982301,0.0,0.043032826077255074,0.04119448698315467,0.9603174603174603,0.17304747320061256,78.4285,0.6852540272614622,-0.613871635610766,-0.662947099805179,-0.3700770838186566,-0.4118621866376756,0.14730290456431536,-0.6135430916552668,0.18840579710144928,-0.7348781810556021,-0.6238710031182558,-0.38922414214130124,Asset Management,Financial Services,7.7002,65816997,17265,MFD
2009,2009-11-30,2009-11-30,87720000.0,7290000.0,4140000.0,9.66,4820000.0,0.6611796982,169600000.0,130300000.0,7500000.0,3400000.0,39300000.0,0.0,-43300000.0,136408400.0,14.35022026431718,2.2058823529411766,0.2116745283018868,0.27551803530314656,0.06828384476534297,14.35022026431718,0.6732156561780507,14.610205761316873,1.2141860465116279,0.8174090560245588,0.0900592795257638,0.0,0.07417255352629464,0.04298349056603774,2.2058823529411766,0.5172169811320755,11.834266666666666,0.6611796982167353,1.2520219149491258,-0.36280631138563485,-0.5638406741447268,-0.3875238689469188,-0.6216640502354788,1.252018272186629,-0.6552872606161532,-0.12783833613304701,-0.43096182664659316,-0.4478792717499217,Asset Management,Financial Services,7.7002,65816997,17265,MFD
2008,2008-11-30,2008-11-30,-348070000.0,18940000.0,12010000.0,-38.33,12740000.0,0.6726504752,149000000.0,103800000.0,9500000.0,6300000.0,45200000.0,0.0,-25800000.0,103176800.0,11.431718061674008,1.507936507936508,0.2610738255033557,0.37475915221579964,0.2714713077165904,11.431718061674008,-3.353275529865125,3.8160929250263993,-0.20765018530755305,0.6963082851637765,-0.15830149107938057,0.0,0.762346977176632,0.12711409395973156,1.507936507936508,-2.336040268456376,0.6857381404174573,0.672650475184794,-3.7223011363636362,-3.5283630551299825,0.13317662986267123,-0.5120873184703774,-0.021505376344086023,-3.7433007566204286,0.00502092050209205,-4.460708052236324,0.47840644764245893,-0.5601678312175125,Asset Management,Financial Services,7.7002,65816997,17265,MFD
TTM,,,,,,,,,,,,,,,,83069751.0,9.415337796670606,0.25711283989881195,0.2432477815140127,0.3423167052776302,-0.011049909758527788,9.415337796670606,0.029091443907230806,66.8610999366101,27.07350347622892,0.8178357660967721,2.8126197726279005,0.0,0.1038934053660944,0.008691441893208343,2.436029882423392,0.02146557044412489,3.1729125325205834,1.0,,,,,,,,,,,Asset Management,Financial Services,7.7002,65816997,17265,MFD
