Quarters,Year,Quarter,FillingDate,Date,NetIncome,Revenue,OperatingIncome,EPSDiluted,GrossProfit,GrossProfitRatio,TotalAssets,CommonStockEquity,CurrentAssets,CurrentLiability,TotalLiability,Inventory,RetainedEarnings,MarketCap,EnterpriseValue,bookValuePerShare,currentRatio,debtToAssets,debtToEquity,roic,shareholdersEquityPerShare,roe,priceToSalesRatio,peRatio,pbRatio,payoutRatio,inventoryTurnover,dividendYield,assetTurnover,quickRatio,returnOnAssets,priceToFreeCashFlowsRatio,grossProfitMargin,epsdilutedGrowth,fiveYNetIncomeGrowthPerShare,fiveYRevenueGrowthPerShare,fiveYShareholdersEquityGrowthPerShare,grossProfitGrowth,netIncomeGrowth,operatingIncomeGrowth,threeYNetIncomeGrowthPerShare,threeYRevenueGrowthPerShare,threeYShareholdersEquityGrowthPerShare,Industry,Sector,Symbol
2023Q1,2023,Q1,2023-03-23,2023-03-31,-4362000.0,2128000.0,-4207000.0,-0.9,2111000.0,0.9920112782,51282000.0,31208000.0,50708000.0,6434000.0,20074000.0,227000.0,-356501000.0,12722395.120000001,-33627604.879999995,6.426852745004197,7.881255828411564,0.004095004095004095,0.0067290438349141245,-0.13635996425544486,6.426852745004197,-0.13977185337093054,5.978569135338346,-0.7291606556625402,0.4076645449884645,0.0,0.07488986784140969,0.0,0.0414960414960415,7.54849238420889,-0.08505908505908506,-3.131281102633522,0.9920112781954887,0.7906976744186046,-1.040955664460913,-0.9883123336793042,-0.6338163948451646,-0.13270336894001644,0.7912818795157663,-0.0509617786660005,-1.9927764892677422,-0.6538626966888753,2.279851152858882,Biotechnology,Healthcare,AEZS
2022Q4,2022,Q4,2022-12-31,2022-12-31,-20899000.0,2485000.0,-4003000.0,-4.3,2434000.0,0.9794768612,56026000.0,35776000.0,55488000.0,7044000.0,20250000.0,229000.0,-352084000.0,15466476.96,-34965523.04,7.355759187708381,7.877342419080068,0.0031949452040124227,0.005003354203935599,-0.18594770506307126,7.355759187708381,-0.5841625670840788,6.223934390342053,-0.18501455763433658,0.4323143157423972,0.0,0.22270742358078602,0.0,0.04435440688251883,7.491624077228847,-0.3730232392103666,-4.578589982238011,0.979476861167002,-5.718749999999999,-4.312142407887745,0.7174968749278648,2.5814961546701163,0.31852654387865653,-5.7005450464892595,-0.07578607901101854,-1.988983592470269,18.863231022888787,3.0898897494341027,Biotechnology,Healthcare,AEZS
2022Q3,2022,Q3,2022-09-30,2022-09-30,-3119000.0,1860000.0,-3721000.0,-0.64,1846000.0,0.9924731183,66606000.0,49418000.0,58610000.0,5968000.0,17188000.0,238000.0,-338664000.0,18619856.522,-35107143.478,10.176948505274847,9.820710455764075,0.0013362159565204336,0.0018009632117851795,-0.06842302765408831,10.176948505274847,-0.06311465457930308,10.010675549462366,-1.4924540335043284,0.3767828832004532,0.0,0.058823529411764705,0.0,0.027925412125033782,9.366286863270778,-0.04682761312794643,-4.709118998988366,0.9924731182795699,0.264367816091954,0.9578421944439621,0.004684972011955657,4.290579652173838,8.85531914893617,0.26055002370791847,0.2109838846480068,-0.31084958621620906,-0.08569311735791091,4.13481570391939,Biotechnology,Healthcare,AEZS
2022Q2,2022,Q2,2022-08-04,2022-06-30,-4218000.0,-222000.0,-4716000.0,-0.87,-235000.0,1.0585585586,71825000.0,54294000.0,63173000.0,6407000.0,17531000.0,261000.0,-333450000.0,23890909.919999998,-34144090.08,11.181092762665275,9.859996878414234,0.0016985729202923772,0.002247025454009651,-0.08651283860154119,11.181092762665275,-0.07768814233616975,-107.61671135135134,-1.416009359886202,0.44002854680075143,0.0,0.04980842911877394,0.0,-0.0030908458057779323,9.435461214296863,-0.05872607030978072,-4.883669239574815,1.0585585585585586,-0.7058823529411764,0.8080615877728828,-1.1060088696511043,0.40282755022297395,-1.1634214186369958,-0.7097689501418727,-0.6765019552079631,-3.8036609146470823,-1.1566885915402332,3.4551730031456707,Biotechnology,Healthcare,AEZS
2022Q1,2022,Q1,2022-03-31,2022-03-31,-2467000.0,1517000.0,-2813000.0,-0.51,1438000.0,0.9479235333,76344000.0,53159000.0,67097000.0,5666000.0,23185000.0,278000.0,-334510000.0,44625537.199999996,-18805462.800000004,10.947346310040611,11.842040240028238,0.0021612700408676516,0.0031038958595910383,-0.04914399703819023,10.947346310040611,-0.046407945973400554,29.416965853658535,-4.522247385488447,0.839472849376399,0.0,0.2841726618705036,0.0,0.019870585769674105,11.607659724673491,-0.032314261762548466,-30.419589093387863,0.9479235332893869,0.26086956521739124,0.9351836393947538,-0.36916502888452146,0.07803133691441407,-0.5837916063675832,0.22567482736974262,0.1114971572962729,0.9319680551633855,4.552614562139097,3.0222762229977547,Biotechnology,Healthcare,AEZS
2021Q4,2021,Q4,2021-12-31,2021-12-31,-3186000.0,3473000.0,-3166000.0,-0.69,3455000.0,0.994817161,80102000.0,52986000.0,70820000.0,7766000.0,27116000.0,73000.0,-334619000.0,40832674.85,-24306325.15,11.526262894334977,9.119237702807109,0.002009937329904372,0.0030385384818631335,-0.05976588879717866,11.526262894334977,-0.06012909070320462,11.757176749208178,-3.204070531230383,0.7706313903672668,0.0,0.2465753424657534,0.0,0.043357219545080025,8.88166366211692,-0.039774287783076574,-16.094865924320064,0.9948171609559459,-0.9714285714285714,0.9650976658334846,0.028754429252293903,-0.23191336825105674,5.050788091068301,-0.8763250883392226,-0.7414741474147415,0.911084766745547,-0.6430769869379013,2.974838105506823,Biotechnology,Healthcare,AEZS
2021Q3,2021,Q3,2021-09-30,2021-09-30,-1698000.0,602000.0,-1818000.0,-0.35,571000.0,0.9485049833887044,82042000.0,59926000.0,72400000.0,4777000.0,22116000.0,57000.0,-327708000.0,90972750.0,23170750.0,12.351088650172716,15.155955620682438,0.002437775773384364,0.0033374495210759937,-0.030136259655869774,12.351088650172716,-0.028334946433935186,151.11752491694352,-13.39410335689046,1.5180848045923305,0.0,0.543859649122807,0.0,0.0073377050778869355,14.425790244923592,-0.020696716316033252,-60.9328533154722,0.9485049833887044,0.16666666666666669,0.9769927766751852,-0.8163948406095175,0.4980192109278039,-0.027257240204429302,0.1672388425698872,0.1400189214758751,0.9082705920770849,-0.8769293402973302,0.09614661660095597,Biotechnology,Healthcare,AEZS
2021Q2,2021,Q2,2021-06-30,2021-06-30,-2039000.0,599000.0,-2114000.0,-0.42,587000.0,0.9799666110183639,84352000.0,61347000.0,74728000.0,4547000.0,23005000.0,59000.0,-326229000.0,106283108.0025,36533108.0025,12.653747455977348,16.434572245436552,0.0013988998482549317,0.0019234844409669585,-0.034327655359433606,12.653747455977348,-0.03323715911128498,177.43423706594322,-13.031278568231976,1.7324907167832166,0.0,0.2033898305084746,0.0,0.0071011949924127465,15.69408401143611,-0.024172515174506828,-29.214708082050578,0.9799666110183639,-0.1052631578947368,0.976146973734963,-0.48846430628186666,-0.4443297848193335,0.05385996409335727,-0.4110726643598616,-0.6063829787234043,0.8937038871105639,-0.5163569065214938,-0.12497540068618472,Biotechnology,Healthcare,AEZS
2021Q1,2021,Q1,2021-03-31,2021-03-31,-1445000.0,586000.0,-1316000.0,-0.38,557000.0,0.9505119453924915,87014000.0,64174000.0,77556000.0,4946000.0,22840000.0,60000.0,-323222000.0,108807271.5,35580271.5,16.809161509026534,15.680549939344925,0.0016549061070632312,0.0022438993985103,-0.018741969747688197,16.809161509026534,-0.022516907158662388,185.67793771331057,-18.824787456747405,1.6955039657805344,0.0,0.48333333333333334,0.0,0.0067345484634656495,15.05175899716943,-0.016606523088238675,-70.10777802835051,0.9505119453924915,0.525,0.9591087326614464,-0.7481044609236677,-0.5903719662621734,-0.41736401673640167,-0.10221205186880244,-0.053642914331465175,-1.0172564195185143,-0.9959063724695245,-0.042262269694929855,Biotechnology,Healthcare,AEZS
2020Q4,2020,Q4,2020-12-31,2020-12-31,-1311000.0,2366000.0,-1249000.0,-0.8,956000.0,0.4040574809805579,37277000.0,13211000.0,27886000.0,5014000.0,24066000.0,21000.0,-322659000.0,17480890.9625,-6606109.0375000015,8.039179055659647,5.561627443159154,0.004936019529468573,0.013927787449852395,-0.1316442419597947,8.039179055659647,-0.09923548558019832,7.388373187869822,-3.3335032346491227,1.3232072486942699,0.0,67.14285714285714,0.0,0.06347077286262306,5.175907459114479,-0.035169139147463585,6.942371311556791,0.4040574809805579,-0.5686274509803922,0.9911969564805884,0.560363393358502,-0.9588858195915411,9.063157894736841,-0.15404929577464788,0.28218390804597704,0.013749621327308663,3.839768525761964,2.7284321629880837,Biotechnology,Healthcare,AEZS
2020Q3,2020,Q3,2020-09-30,2020-09-30,-1136000.0,128000.0,-1740000.0,-0.51,95000.0,0.7421875,32271000.0,15148000.0,23316000.0,1797000.0,17123000.0,371000.0,-321363000.0,19730227.725,-1814772.2749999985,6.737058581010372,12.974958263772955,0.00622850237054941,0.013269078426194876,-0.11189710610932475,6.737058581010372,-0.07499339846844467,154.1424041015625,-4.342039552156691,1.302497209202535,0.0,0.0889487870619946,0.0,0.003966409469802609,12.569282136894826,-0.03520188404449816,-11.004031079196878,0.7421875,0.8610354223433243,0.9969672687484878,-0.9697986089159839,-0.9517835904113279,0.6964285714285714,0.6707246376811594,-0.20917303683113272,0.9668393092622732,-0.8506828998912762,3.178337432943233,Biotechnology,Healthcare,AEZS
2020Q2,2020,Q2,2020-06-30,2020-06-30,-3450000.0,68000.0,-1439000.0,-3.67,56000.0,0.8235294117647058,17669000.0,931000.0,9055000.0,2531000.0,16738000.0,375000.0,-319592000.0,18859491.150000002,12338491.150000002,0.9897695463538527,3.5776372975108655,0.012564378289659856,0.23845327604726102,-1.0465454545454544,0.9897695463538527,-3.7056928034371643,277.3454580882353,-1.3666297934782607,20.25724076262084,0.0,0.032,0.0,0.0038485483049408567,2.9857763729751086,-0.1952572301771464,-7.825515000000001,0.8235294117647058,-5.123595505617977,0.9892497723478377,-0.9837598723787832,-0.9953436535267471,-0.7543859649122807,-5.428754813863928,-0.12597809076682315,0.1895496545437251,-0.8323706209791638,-0.8758192944581292,Biotechnology,Healthcare,AEZS
2020Q1,2020,Q1,2020-03-31,2020-03-31,779000.0,1090000.0,-1278000.0,0.89,228000.0,0.20917431192660552,19641000.0,1687000.0,11047000.0,3191000.0,17954000.0,367000.0,-314724000.0,11019808.6128,2197808.6128000002,1.9594952470334612,3.4619241617047947,0.01832900565144341,0.21339656194427978,-0.5309513917739925,1.9594952470334612,0.46176644931831656,10.10991615853211,3.536523945057766,6.53219242015412,0.0,2.3487738419618527,0.0,0.055496156000203654,3.085866499529928,0.03966193167354004,-4.508923327659574,0.20917431192660552,1.6180555555555556,1.0026636512563205,-0.5029224962038767,-0.9972444387775268,1.7835051546391754,1.7743538767395626,0.2750992626205332,1.1154383279891642,1.5565468494647736,-0.8070402432688653,Biotechnology,Healthcare,AEZS
2019Q4,2019,Q4,2019-12-31,2019-12-31,-1006000.0,18000.0,-1763000.0,-1.44,-291000.0,-16.166666666666668,19981000.0,-2463000.0,10910000.0,5659000.0,22444000.0,1203000.0,-316891000.0,15919949.5,8984949.5,-3.5196876723760964,1.9279024562643576,0.04519293328662229,-0.36662606577344703,2.2608960581700996,-3.5196876723760964,0.40844498578968735,884.4416388888889,-3.9562498757455264,-6.463641697117336,0.0,0.256857855361596,0.0,0.0009008558130223712,1.5013253224951404,-0.05034783043891697,-5.3892855450236965,-16.166666666666668,-1.9387755102040816,-1.0081724704137653,-0.9447926212442959,-1.005737110346391,-2.0282685512367493,-2.039274924471299,0.024889380530973452,0.9276032599118557,-0.9649739011214233,-1.2345448020634977,Biotechnology,Healthcare,AEZS
2019Q3,2019,Q3,2019-09-30,2019-09-30,-331000.0,283000.0,-1808000.0,-0.49,283000.0,1.0,21502000.0,-2193000.0,12793000.0,5454000.0,23695000.0,582000.0,0.0,17394434.0,6940434.0,-3.2464264143346084,2.3456178951228455,0.01897497907171426,-0.18604651162790697,1.3129992737835876,-3.2464264143346084,0.15093479252165984,61.46443109540636,-13.13779003021148,-7.931798449612403,0.0,0.0,0.0,0.013161566365919449,2.238907224055739,-0.015393916844944656,-6.7030574181117535,1.0,-2.6333333333333337,0.9989771704003497,0.0,-1.010376375080393,2.043010752688172,-2.6067961165048543,0.5156710420573265,0.9677869758152874,-0.38005693250062267,-1.3937474074780205,Biotechnology,Healthcare,AEZS
2019Q2,2019,Q2,2019-06-30,2019-06-30,206000.0,194000.0,-3733000.0,0.3,93000.0,0.4793814432989691,20751000.0,-3028000.0,11769000.0,5940000.0,23779000.0,562000.0,-315977000.0,49368528.0,41525528.0,-4.554095678121089,1.9813131313131314,0.0886704255216616,-0.607661822985469,-219.58823529411765,-4.554095678121089,-0.06803170409511229,254.47694845360826,59.91326213592233,-16.304005284015854,0.0,0.1797153024911032,0.0,0.009348947038696931,1.8867003367003368,0.009927232422533855,-22.750473732718895,0.4793814432989691,1.0401606425702812,1.00139401799747,0.0,-1.0100444270469242,1.5135135135135136,1.0419466503767054,-0.2705922396187883,1.0175717059819098,0.2080121364845029,-1.199986236031564,Biotechnology,Healthcare,AEZS
2019Q1,2019,Q1,2019-03-31,2019-03-31,-4911000.0,37000.0,-2938000.0,-7.47,37000.0,1.0,22384000.0,-3560000.0,13403000.0,5623000.0,25944000.0,540000.0,-315427000.0,83847825.0,73832825.0,-5.413378343445403,2.3836030588653743,0.05995353824160114,-0.37696629213483146,3.353881278538813,-5.413378343445403,1.3794943820224719,2266.1574324324324,-4.268368204031765,-23.552759831460673,0.0,0.0,0.0,0.0016529664045746963,2.128579050329006,-0.21939778413152253,-27.893488023952095,1.0,0.006648936170212743,0.9623390764289279,0.0,-1.0072393678364162,2.761904761904762,0.04194303550526726,0.03387043735613285,0.19320332275374635,-0.9076671953620584,-1.1319204128958895,Biotechnology,Healthcare,AEZS
2018Q4,2018,Q4,2018-12-31,2018-12-31,-5126000.0,1392000.0,-3041000.0,-7.52,-21000.0,-0.015086206896551725,25011000.0,1907000.0,16256000.0,5596000.0,23104000.0,240000.0,-309781000.0,48335805.0,33823805.0,2.8998068822894334,2.9049320943531094,0.0,0.0,-1.4186363216902889,2.8998068822894334,-2.6879916098584165,34.723997844827586,-2.3573841689426454,25.346515469323545,0.0,5.8875,0.0,0.05565551157490704,2.645818441744103,-0.20494982207828555,-17.9820703125,-0.015086206896551725,-0.9685863874345549,0.9888512676261088,1.0004053239534225,-0.9979964414473633,-1.1242603550295858,-1.0430450378636906,-0.009963467286615742,0.9139895671938132,1.2939958192117689,-0.9851697315754891,Biotechnology,Healthcare,AEZS
2018Q3,2018,Q3,2018-09-30,2018-09-30,-2509000.0,663000.0,-3011000.0,-3.82,169000.0,0.2549019607843137,28462000.0,7410000.0,19553000.0,5372000.0,21052000.0,1608000.0,-304237000.0,28771312.5,11971312.5,11.267734136216413,3.6397989575577068,0.0,0.0,-0.33361061357582433,11.267734136216413,-0.3385964912280702,43.39564479638009,-2.8668107313670785,3.882768218623482,0.0,0.3072139303482587,0.0,0.02329421685053756,3.2341772151898733,-0.08815262455203429,-11.8157340862423,0.2549019607843137,0.03535353535353539,-1.0117673869403883,-0.9994327003477096,-0.9924126236211976,6.827586206896552,0.03574173712528824,0.14069634703196346,0.9770987276018915,-0.46514770722929655,-0.9193580287724624,Biotechnology,Healthcare,AEZS
2018Q2,2018,Q2,2018-06-30,2018-06-30,-2602000.0,168000.0,-3504000.0,-3.96,-29000.0,-0.17261904761904762,31634000.0,9510000.0,22710000.0,5616000.0,22124000.0,1397000.0,-302134000.0,32059462.5,12113462.5,14.46101911409151,4.043803418803419,0.0,0.0,-0.33817212736245333,14.46101911409151,-0.2736067297581493,190.83013392857143,-3.080271185626441,3.3711317034700317,0.0,0.14101646385110952,0.0,0.005310741607131567,3.637286324786325,-0.08225327179616868,-6.711212581117857,-0.17261904761904762,-1.181152790484904,-1.0043323637761954,-0.9999132579537103,-0.9810354594005701,-1.0011760888960985,-1.180393788130893,-1.1806371790906278,0.988403155457705,-0.9426116439813756,-0.9319684914537983,Biotechnology,Healthcare,AEZS
2018Q1,2018,Q1,2018-03-31,2018-03-31,14424000.0,24658000.0,19398000.0,21.86,24658000.0,1.0,36441000.0,11542000.0,26860000.0,7308000.0,24899000.0,1096000.0,-299737000.0,21866197.5,-2681802.5,17.550902483159224,3.675424192665572,0.0,0.0,1.1385317369853407,17.550902483159224,1.2496967596603707,0.8867790372292967,0.37898983465058234,1.89448947322821,0.0,0.0,0.0,0.676655415603304,3.400656814449918,0.3958178974232321,1.3080216246934258,1.0,27.98765432098765,-0.8821811650560678,-0.977115226316175,1.0448897230640966,137.52808988764045,30.801652892561982,6.4214645053102295,1.0645676337495924,13.721250759524812,-0.9753188550085949,Biotechnology,Healthcare,AEZS
2017Q4,2017,Q4,2017-12-31,2017-12-31,-484000.0,178000.0,-3578000.0,-0.81,178000.0,1.0,22195000.0,-2783000.0,9381000.0,5769000.0,24978000.0,643000.0,-314161000.0,35452119.0,27672119.0,-4.651139470675928,1.6261050442017682,0.0,0.0,0.15701763047318124,-4.651139470675928,0.17391304347826086,199.16920786516854,-18.31204493801653,-12.73881386992454,0.0,0.0,0.0,0.008019824284748817,1.3868954758190328,-0.02180671322369903,-7.831261100066269,1.0,0.9468503937007874,0.999078976518784,-0.9997534717406298,0.9945047777127637,-0.26141078838174275,0.9497456131242862,0.5030555555555556,-1.004598404579746,-0.3615144607242851,-1.0075813830270084,Biotechnology,Healthcare,AEZS
2017Q3,2017,Q3,2017-09-30,2017-09-30,-9631000.0,241000.0,-7200000.0,-15.24,241000.0,1.0,22538000.0,-1955000.0,12975000.0,5596000.0,24493000.0,0.0,-313736000.0,32080242.25,19907242.25,-3.0927525181016984,2.3186204431736956,0.0,0.0,3.682864450127877,-3.0927525181016984,4.926342710997442,133.11303838174274,-0.83273393858374,-16.409331074168797,0.0,0.0,0.0,0.010693051734847813,2.2258756254467476,-0.42732274381045343,-5.796935715576437,1.0,-2.3642384105960264,0.9826090619521125,-0.9996004807379738,0.9969232870228831,-0.00823045267489712,-2.776862745098039,-0.07800568947447223,0.9681962630695011,0.0,-1.0098851956160018,Biotechnology,Healthcare,AEZS
2017Q2,2017,Q2,2017-06-30,2017-06-30,-2550000.0,243000.0,-6679000.0,-4.53,243000.0,1.0,24506000.0,4491000.0,14938000.0,4030000.0,20015000.0,0.0,-304105000.0,14086500.0,155500.0,7.970397188797785,3.7066997518610423,0.0,0.0,-1.4871966154531284,7.970397188797785,-0.5678022712090849,57.96913580246913,-1.3810294117647057,3.136606546426186,0.0,0.0,0.0,0.009915938953725618,3.517617866004963,-0.10405614951440463,-2.3899728537495757,1.0,0.4221938775510204,-1.0073795348156473,-0.9995726613284139,1.0323846599279198,-0.06896551724137931,0.38271604938271603,-0.18906889798824997,0.9796374590762127,0.0,-0.9824206431405236,Biotechnology,Healthcare,AEZS
2017Q1,2017,Q1,2017-03-31,2017-03-31,-4131000.0,261000.0,-5617000.0,-7.84,261000.0,1.0,28081000.0,5352000.0,18962000.0,3386000.0,22729000.0,0.0,-301749000.0,39527550.0,21750550.0,10.154942565375288,5.600118133490844,0.0,0.0,-1.0495142002989537,10.154942565375288,-0.7718609865470852,151.44655172413792,-2.3921296296296295,7.385566143497758,0.0,0.0,0.0,0.009294540792706812,5.321027761370348,-0.14711014565008368,-5.677614191324332,1.0,0.593149974052932,0.9951626419024544,-0.9996319926875105,1.0082707132775737,-0.14144736842105263,0.49744525547445256,0.26072650697551986,0.9604706921067743,0.0,-0.9864196884229521,Biotechnology,Healthcare,AEZS
2016Q4,2016,Q4,2016-12-31,2016-12-31,-8220000.0,304000.0,-7598000.0,-19.27,304000.0,1.0,31659000.0,6212000.0,22743000.0,4204000.0,25447000.0,0.0,-298059000.0,37255950.0,15256950.0,15.006462055054293,5.409847764034253,0.0,0.0,-1.2231165486155828,15.006462055054293,-1.3232453316162267,122.55246710526316,-1.1330885036496352,5.997416291049582,0.0,0.0,0.0,0.009602324773366184,5.3196955280685065,-0.25964180801667774,-4.5768980343980346,1.0,-0.26692965154503606,0.9833620754876862,-0.9996335954821634,1.0207964608330053,0.13011152416356878,-0.35755573905862925,0.013631052836557186,0.9715981133299951,1.0001406258312073,-0.9896316111328475,Biotechnology,Healthcare,AEZS
2016Q3,2016,Q3,2016-09-30,2016-09-30,-6055000.0,269000.0,-7703000.0,-15.21,269000.0,1.0,31739000.0,3282000.0,21956000.0,5519000.0,28457000.0,0.0,-290982000.0,34233332.0,13181332.0,8.244946767086534,3.9782569306033704,0.0,0.0,-2.347044485070079,8.244946767086534,-1.8449116392443632,127.26145724907063,-1.4134323699421965,10.430631322364412,0.0,0.0,0.0,0.00847537729607108,3.8840369632179743,-0.1907747566085888,-5.993230392156863,1.0,0.13726602382302883,-1.0915070692831443,-0.9995393740587799,1.0131469092167582,1.8020833333333333,0.13598744292237444,-0.07224387527839643,-1.046916371506571,-0.999619738668084,-0.9944480839191968,Biotechnology,Healthcare,AEZS
2016Q2,2016,Q2,2016-06-30,2016-06-30,-7008000.0,96000.0,-7184000.0,-17.63,96000.0,1.0,37067000.0,9051000.0,27540000.0,5462000.0,28016000.0,0.0,-284527000.0,32393071.5,6224071.5,22.77204555918694,5.042109117539363,0.0,0.0,-0.7937244503369794,22.77204555918694,-0.7742790851839576,337.427828125,-1.1555747538527397,3.578949453099105,0.0,0.0,0.0,0.002589904767043462,4.908458440131819,-0.1890630479941727,-5.0844563647779,1.0,-0.9038876889848811,0.9899136550406129,-0.9997761291869742,1.0090033865714652,-0.6033057851239669,-0.9064200217627857,-0.027606923186954655,-1.0193062894374778,-0.999917987753118,-0.9701361723449738,Biotechnology,Healthcare,AEZS
2016Q1,2016,Q1,2016-03-31,2016-03-31,-3676000.0,242000.0,-6991000.0,-9.26,242000.0,1.0,44046000.0,16297000.0,34339000.0,5316000.0,27749000.0,0.0,-276723000.0,32963201.0,-17799.0,41.035183445928084,6.459556057185854,0.0,0.0,-0.4289746579124992,41.035183445928084,-0.22556298705283181,136.2115743801653,-2.241784616430903,2.022654537644965,0.0,0.0,0.0,0.005494256005085592,6.291384499623777,-0.08345820278799437,-3.7233933130012424,1.0,0.8733934919332786,0.994856131282794,-0.9995390938291235,1.0097481889012323,1.3725490196078431,0.6330604911159912,0.29082978291742745,-1.0497204262744428,-0.9996280928994442,1.104955173817394,Biotechnology,Healthcare,AEZS
2015Q4,2015,Q4,2015-12-31,2015-12-31,-10018000.0,102000.0,-9858000.0,-73.14,102000.0,1.0,51498000.0,21615000.0,42394000.0,6425000.0,29883000.0,0.0,-271621000.0,12380928.0,-29069072.0,195.53300043421623,6.598287937743191,0.0,0.0,-0.4549368734566278,195.53300043421623,-0.4634744390469581,121.38164705882353,-0.3089670592932721,0.5727933379597502,0.0,0.0,0.0,0.0019806594430851684,6.544435797665369,-0.1945318264786982,-1.471817403708987,1.0,0.5609580406987215,0.8332653797855469,-0.9995333242347227,-0.920727315604972,-0.41040462427745666,0.3448005232177894,-0.31422477003066257,0.8968129880179778,-0.9992353449744531,1.23101807818292,Biotechnology,Healthcare,AEZS
2015Q3,2015,Q3,2015-09-30,2015-09-30,-15290000.0,173000.0,-7501000.0,-166.59,173000.0,1.0,48901000.0,12824000.0,39551000.0,18601000.0,36077000.0,0.0,-261487000.0,20191600.0,-18153400.0,139.72543037698844,2.1262835331433796,0.0,0.0,-0.5807032019009549,139.72543037698844,-1.1922956955708048,116.71445086705202,-0.3301438848920863,1.574516531503431,0.0,0.0,0.0,0.003537759964008916,2.11257459276383,-0.3126725424837938,-2.824,1.0,0.5117240166481036,0.9090111254727654,-0.9981756287168507,-0.947646654374331,-0.1218274111675127,-0.01264984436055368,0.061083990486919516,0.8098428543718101,-0.9980247579498115,1.1390007905120014,Biotechnology,Healthcare,AEZS
2015Q2,2015,Q2,2015-06-30,2015-06-30,-15099000.0,197000.0,-7989000.0,-341.18,197000.0,1.0,57246000.0,9407000.0,47400000.0,5579000.0,47839000.0,0.0,-246197000.0,31089137.5,-14368862.5,212.56355214100103,8.496146262771106,0.0,0.0,-0.8465140404547916,212.56355214100103,-1.6050813224194749,157.8128807106599,-0.5147549092655143,3.304893961943234,0.0,0.0,0.0,0.0034412884743038816,8.407958415486647,-0.2637564196625092,-3.8272974886125817,1.0,-0.004356785398881419,0.627306816090101,-0.9961248894868532,-0.9540951873936022,1.6986301369863013,-0.5508422350041084,0.16222734899328858,-1.5563367338965157,-0.9955890422895467,1.8636706786497423,Biotechnology,Healthcare,AEZS
2015Q1,2015,Q1,2015-03-31,2015-03-31,-9736000.0,73000.0,-9536000.0,-339.7,73000.0,1.0,65274000.0,20381000.0,55551000.0,6317000.0,44893000.0,0.0,-233359000.0,38420070.5,-14838929.5,711.105683681658,8.793889504511636,0.0,0.0,-0.4727423691177872,711.105683681658,-0.47769981845836806,526.3023356164383,-0.9865465925431388,1.8850925126343163,0.0,0.0,0.0,0.0011183625946012195,8.678328320405255,-0.14915586604160921,-3.7722209621993126,1.0,-2.931101131260304,0.7570140466779502,-0.9983318677136835,-0.056495108654557306,5.636363636363637,-3.3443294004334216,0.12889376084772083,0.790356740830665,-0.9981072812023475,1.579161445958082,Biotechnology,Healthcare,AEZS
2014Q4,2014,Q4,2014-12-31,2014-12-31,4153000.0,11000.0,-10947000.0,175.91,11000.0,1.0,47435000.0,14484000.0,36217000.0,7574000.0,32951000.0,0.0,-222322000.0,35413500.0,482500.0,613.4948536575035,4.781753366781094,0.0,0.0,-0.7644508854219844,613.4948536575035,0.2867301850317592,3219.409090909091,2.1318023115819886,2.445008285004142,0.0,0.0,0.0,0.00023189627911879415,4.726432532347505,0.08755138610730473,-4.09262683462383,1.0,1.3671982632655617,-0.9445903093325391,-0.9999560536557267,-0.7479790271664928,0.0,1.36632266031578,-0.11216092654678451,1.1473889088047697,-0.9997675361308478,1.8502018429481462,Biotechnology,Healthcare,AEZS
2014Q3,2014,Q3,2014-09-30,2014-09-30,-11337000.0,0.0,-9843000.0,-479.06,0.0,0.0,55517000.0,7404000.0,44076000.0,7364000.0,48113000.0,0.0,-227811000.0,79277750.0,37325750.0,312.867103317135,5.985334057577403,0.0,0.0,-1.2960353614928752,312.867103317135,-1.5311993517017828,0.0,-1.7482083002557995,10.707421663965425,0.0,0.0,0.0,0.0,5.916214014122759,-0.2042077201577895,-12.072141008070655,0.0,-1.1555005624296963,0.8344842813168634,-1.0,1.152809230173679,0.0,-1.2565684713375795,-0.1703923900118906,-3.881926214198104,-1.0,1.4988795586455914,Biotechnology,Healthcare,AEZS
2014Q2,2014,Q2,2014-06-30,2014-06-30,-5024000.0,0.0,-8410000.0,-222.25,0.0,0.0,54140000.0,10249000.0,41524000.0,5668000.0,43891000.0,0.0,-215375000.0,65611012.5,26058012.5,453.3952665339527,7.326040931545519,0.0,0.0,-0.7853939664777968,453.3952665339527,-0.490194165284418,0.0,-3.264879204816879,6.401698946238657,0.0,0.0,0.0,0.0,7.326040931545519,-0.09279645363871444,-10.237324465595258,0.0,-0.12083312320338901,0.9392206130142245,-1.0,-0.5186123869421345,0.0,-0.15335169880624427,-0.026235509456985967,0.872860832227331,-1.0,1.1792589446419224,Biotechnology,Healthcare,AEZS
2014Q1,2014,Q1,2014-03-31,2014-03-31,-4356000.0,0.0,-8195000.0,-198.29,0.0,0.0,61648000.0,16427000.0,48342000.0,5763000.0,45221000.0,0.0,-209240000.0,64256400.0,18504400.0,747.7694828841952,8.388339406559083,0.0,0.0,-0.5049010910725225,747.7694828841952,-0.2651731904790893,0.0,-3.6878099173553722,3.9116332866622026,0.0,0.0,0.0,0.0,8.24431719590491,-0.07065922657669349,-6.707348643006263,0.0,0.7163841807909604,0.9432569868262898,-1.0,-0.6623130169650354,1.0,0.4715516195559869,0.7934415486212633,0.8898047154525831,-1.0,1.1776377625638528,Biotechnology,Healthcare,AEZS
2013Q4,2013,Q4,2013-12-31,2013-12-31,-8243000.0,-61570000.0,-39674000.0,-699.15,-34639000.0,0.5625954198473282,59196000.0,17064000.0,45655000.0,7242000.0,42132000.0,0.0,-203925000.0,40675500.0,-2526500.0,1447.328244274809,6.304197735432201,0.0,0.0,-0.45309640202260126,1447.328244274809,-0.4830637599624941,-0.6606382978723404,-1.2336376319301225,2.3837025316455698,0.0,0.0,0.0,-1.0401040610852084,6.2351560342446835,-0.13924927359956754,11.903863037752414,0.5625954198473282,-3.1564061439763123,0.8289868754165021,-3.5556015706485065,-0.7610813212594087,-3.8394950405770967,-3.1454971369078604,-14.255596391580355,-0.2863271237907451,-3.641226222712533,-0.4132264381479329,Biotechnology,Healthcare,AEZS
2013Q3,2013,Q3,2013-09-30,2013-09-30,3842000.0,21059000.0,2993000.0,324.22,12199000.0,0.5792772686262405,49971000.0,17598000.0,36264000.0,8599000.0,32373000.0,2986000.0,-198028000.0,44733750.0,19904750.0,1485.0632911392406,4.21723456215839,0.0,0.0,0.17007614501647914,1485.0632911392406,0.21832026366632573,2.1242105513082294,2.9108374544508067,2.5419792021820657,0.0,2.967180174146015,0.0,0.42142442616717696,3.7200837306663566,0.0768845930639771,-5.32988800190635,0.5792772686262405,-0.6449899810570806,1.0828127246852925,-0.42878513990542,-0.8711500962580496,-0.4092207855101942,-0.5882100750267952,-0.6844491302055877,1.1770793304666134,0.7200242582873884,-0.4435656304851821,Biotechnology,Healthcare,AEZS
2013Q2,2013,Q2,2013-06-30,2013-06-30,9330000.0,30087000.0,9485000.0,913.27,20649000.0,0.6863097018645927,52911000.0,7790000.0,39450000.0,23374000.0,45121000.0,3590000.0,-201870000.0,48270600.0,22931600.0,762.5293657008614,1.6877727389407033,0.0,0.0,1.217586649550706,762.5293657008614,1.1976893453145059,1.604367334729285,1.2934244372990353,6.196482670089859,0.0,2.6289693593314762,0.0,0.5686341214492261,1.434285958757594,0.17633384362419913,-5.253085210577865,0.6863097018645927,3.906360803696143,1.1573231856318695,-0.0015941126389318612,-0.9532477801170973,1.608843967150979,3.946977730646872,34.875,1.997622808020906,1.5637649934761586,-0.8353256365599588,Biotechnology,Healthcare,AEZS
2013Q1,2013,Q1,2013-03-31,2013-03-31,1886000.0,16599000.0,-280000.0,186.14,7915000.0,0.4768359539731309,59394000.0,-3961000.0,45632000.0,13701000.0,63355000.0,3141000.0,-211200000.0,46855875.0,13672875.0,-390.9781857664594,3.3305598131523246,0.0,0.0,0.07068921989396618,-390.9781857664594,-0.4761423882857864,2.822813121272366,6.211012062566278,-11.829304468568543,0.0,2.7647246099968164,0.0,0.2794726740074755,2.90891175826582,0.031754049230562006,-7.978184062659629,0.4768359539731309,1.2119417940017763,1.0607699447854253,-0.4038119853377553,-1.0177722894187637,2.8497081712062258,1.271484093853462,0.9596309111880046,1.1331623084531415,0.07307129300034397,-1.5187552837014915,Biotechnology,Healthcare,AEZS
2012Q4,2012,Q4,2012-12-31,2012-12-31,-6947000.0,9545000.0,-6936000.0,-878.26,2056000.0,0.21540073336825563,67665000.0,-6695000.0,53301000.0,15705000.0,74360000.0,4084000.0,-213086000.0,47064500.0,7543500.0,-846.3969658659925,3.3938872970391594,0.0,0.0,1.0359970126960418,-846.3969658659925,1.0376400298730395,4.930801466736511,-1.6936987188714552,-7.029798356982822,0.0,1.833741429970617,0.0,0.14106258774846672,3.0254059216809934,-0.10266755338801448,-5.302444794952681,0.21540073336825563,-0.0024769144722573697,0.771380752627503,-0.48242828566429485,-1.0338688720524087,0.29879974731522424,-0.05996338114128776,-0.2211267605633803,-1.2766446030139602,-0.8861830063854217,-1.347696130569273,Biotechnology,Healthcare,AEZS
2012Q3,2012,Q3,2012-09-30,2012-09-30,-6554000.0,7139000.0,-5680000.0,-876.09,1583000.0,0.22173973945930803,58268000.0,-7520000.0,43798000.0,14360000.0,65788000.0,4254000.0,-202434000.0,75195271.5,41993271.5,-1005.213206790536,3.05,0.0,0.0,0.7553191489361702,-1005.213206790536,0.8715425531914893,10.533025843955736,-2.8682968988404025,-9.999371210106384,0.0,1.306064880112835,0.0,0.12252007963204503,2.631406685236769,-0.11248026360952838,-10.456858781810597,0.22173973945930803,-2.4287647998956263,0.643521463971731,-0.7084672259859599,-1.0353599656531716,0.3093465674110835,-2.443612334801762,0.25263157894736843,0.6973125681682042,-0.565474801195135,0.5090380079545285,Biotechnology,Healthcare,AEZS
2012Q2,2012,Q2,2012-06-30,2012-06-30,4540000.0,7471000.0,-7600000.0,613.18,1209000.0,0.16182572614107885,65368000.0,-1822000.0,50832000.0,15846000.0,67190000.0,4855000.0,-195880000.0,56077725.0,16318725.0,-246.1164392813724,3.207875804619462,0.0,0.0,4.171240395170143,-246.1164392813724,-2.491767288693743,7.506053406505154,3.08798045154185,-30.77811470911087,0.0,1.2898043254376932,0.0,0.11429139640190919,2.799949514072952,0.06945294333618895,-8.519860984503191,0.16182572614107885,1.3784244144783533,1.4493825333954933,-0.7069328984769853,-1.0085294464000267,-0.39459188783174765,1.3964719238494454,-0.11962286387743076,1.1677101315649785,-0.5691781346743418,-1.2613115177528849,Biotechnology,Healthcare,AEZS
2012Q1,2012,Q1,2012-03-31,2012-03-31,-11451000.0,9510000.0,-6788000.0,-1620.35,1997000.0,0.2099894847528917,74053000.0,-8677000.0,58578000.0,16838000.0,82730000.0,3715000.0,-200420000.0,226850700.0,181267700.0,-1227.8194424791284,3.478916735954389,0.0,0.0,0.7822980292727901,-1227.8194424791284,1.3196957473781261,23.85391167192429,-4.952639507466596,-26.143909185202258,0.0,2.0223418573351277,0.0,0.12842153592697123,3.12875638436869,-0.15463249294424264,-26.884415738326616,0.2099894847528917,-0.35765695565107364,-0.12454840876297192,-0.5203625124258668,-1.0430972060751045,-0.5575005539552405,-0.5229418805692246,0.21869244935543278,0.5363146590964594,-0.21936255125654375,-1.5544738756163707,Biotechnology,Healthcare,AEZS
2011Q4,2011,Q4,2011-12-31,2011-12-31,-7519000.0,12627000.0,-8688000.0,-1193.49,4513000.0,0.3574087273303239,75369000.0,-4546000.0,60139000.0,17885000.0,79915000.0,3456000.0,-188969000.0,145530000.0,98720000.0,-721.5873015873016,3.3625384400335476,0.0009420318698669214,-0.015618125824901012,2.011822140644152,-721.5873015873016,1.653981522217334,11.525302922309336,-4.838741853969943,-32.012758468983726,0.0,2.347800925925926,0.0,0.16753572423675517,3.086720715683534,-0.09976250182435749,-16.744908526061444,0.3574087273303239,-8.44442365269461,-1.094103075689203,1.0330503631208274,-1.0140098764998278,1.8419395465994963,-7.974953617810761,-0.053857350800582245,0.7080708366053016,-0.019161670742289198,-1.119116506827799,Biotechnology,Healthcare,AEZS
2011Q3,2011,Q3,2011-09-30,2011-09-30,1078000.0,9514000.0,-8244000.0,160.32,1588000.0,0.16691191927685517,74764000.0,-4067000.0,58548000.0,15583000.0,78831000.0,4180000.0,-180115000.0,147858000.0,99744000.0,-627.1395528141866,3.757171276390939,0.0,0.0,2.0270469633636585,-627.1395528141866,-0.26506024096385544,15.541097330250158,34.289888682745826,-36.35554462748955,0.0,1.8961722488038277,0.0,0.12725375849339254,3.438041455432202,0.01441870418918196,-14.087080792682928,0.16691191927685517,1.0917110005148447,1.0896584191586975,-0.9386440043024044,-1.016091443603326,0.5477582846003899,1.1019964045794304,-0.03424915318027851,1.0424587147992317,-0.5284440061398376,-1.0544130822538131,Biotechnology,Healthcare,AEZS
2011Q2,2011,Q2,2011-06-30,2011-06-30,-10569000.0,6523000.0,-7971000.0,-1748.1,1026000.0,0.15728959067913537,79228000.0,-15292000.0,60939000.0,19042000.0,94520000.0,4884000.0,-181193000.0,199518000.0,152906000.0,-2529.275554085346,3.200241571263523,0.0,0.0,0.5212529427151452,-2529.275554085346,0.6911456970965211,30.586846543001688,-4.719415271075787,-13.047214229662568,0.0,1.1255118755118756,0.0,0.08233200383702731,2.838199768931835,-0.1333998081486343,-23.58368794326241,0.15728959067913537,0.028525699804938316,-2.926022214672162,-0.9546128179848626,-1.0618939540239942,-0.24890190336749635,-0.0509098140598588,-0.09326567000411466,0.6988674322299305,-0.6342466040297788,-1.1550750071642981,Biotechnology,Healthcare,AEZS
2011Q1,2011,Q1,2011-03-31,2011-03-31,-10057000.0,7389000.0,-7291000.0,-1799.43,1366000.0,0.18486940046014347,68993000.0,-23527000.0,50343000.0,16668000.0,92520000.0,3875000.0,-170624000.0,162639900.0,124322900.0,-4209.518697441403,3.0203383729301656,0.0,0.0,0.33817891762508084,-4209.518697441403,0.427466315297318,22.011084043848964,-4.042952669782241,-6.912904322693076,0.0,1.5543225806451613,0.0,0.10709782151812502,2.7103431725461964,-0.1457684112881017,271.51903171953256,0.18486940046014347,-2.310636027450187,-1.3361883748110406,-0.9475788785860918,-1.1020357126095652,-0.7027203482045702,-2.6690988690259028,-0.7314177155070055,0.41260017984151554,-0.5189334187097231,-1.1913477204820662,Biotechnology,Healthcare,AEZS
2010Q4,2010,Q4,2010-12-31,2010-12-31,-2741000.0,9971000.0,-4211000.0,-543.53,4595000.0,0.4608364256343396,76574000.0,12439000.0,44175000.0,13487000.0,64135000.0,3311000.0,-150756000.0,130109400.0,98111400.0,2466.587348800317,3.2753762882776005,0.0,0.0,-0.6770640726746523,2466.587348800317,-0.2203553340300667,13.048781466252132,-11.866964611455671,10.459795803521184,0.0,1.6236786469344608,0.0,0.13021391072687857,2.9178468154519166,-0.03579543970538303,-15.435923597105232,0.4608364256343396,0.7031399343503029,-4.927323253564716,-0.9038645264778271,-0.9307524253630389,2.204323570432357,0.7298708978023061,0.308311432325887,0.8585144645568825,-0.15195122203834227,-0.9012986403641778,Biotechnology,Healthcare,AEZS
2010Q3,2010,Q3,2010-09-30,2010-09-30,-10147000.0,5726000.0,-6088000.0,-1830.93,1434000.0,0.25043660495983233,80860000.0,14791000.0,47258000.0,13371000.0,66069000.0,4052000.0,-148015000.0,108069000.0,68203000.0,2668.892096715987,3.5343654176950117,0.0,0.0,-0.8232032993036306,2668.892096715987,-0.6860252856466771,18.87338456164862,-2.6625850004927565,7.306402542086404,0.0,1.0592300098716683,0.0,0.07081375216423448,3.073966045920275,-0.12548849863962405,-18.313675648195222,0.25043660495983233,-1.0000327707684744,-0.3773134969585383,-0.9416974787700032,-0.924699896742194,0.22668947818648416,-1.2802247191011236,0.19778626960073792,0.25499747918563787,-0.6843582227151919,-0.906117496035283,Biotechnology,Healthcare,AEZS
2010Q2,2010,Q2,2010-06-30,2010-06-30,-4450000.0,5584000.0,-7589000.0,-915.45,1169000.0,0.20934813753581663,85516000.0,22509000.0,54636000.0,14840000.0,63007000.0,3759000.0,-137868000.0,83852250.0,38541250.0,4630.528697798807,3.6816711590296496,0.0,0.0,-0.6743080545559554,4630.528697798807,-0.1976986982984584,15.01652041547278,-4.710800561797753,3.725276556044249,0.0,1.174514498536845,0.0,0.06529772206370738,3.3454851752021564,-0.05203704569905047,-13.875930829058415,0.20934813753581663,0.34517167381974245,-1.2102282294216682,-0.9421699341027068,-0.871892465596307,-0.3523545706371191,0.24319727891156462,-0.033923705722070846,0.3291854488011468,-0.666407812949477,-0.8395237374350826,Biotechnology,Healthcare,AEZS
2010Q1,2010,Q1,2010-03-31,2010-03-31,-5880000.0,6422000.0,-7340000.0,-1398.0,1805000.0,0.28106508875739644,71972000.0,3170000.0,37330000.0,14836000.0,68802000.0,3491000.0,-133418000.0,49841100.0,22894100.0,753.6852116024727,2.5161768670800755,0.0,0.0,-4.630914826498422,753.6852116024727,-1.8548895899053628,7.760993459981314,-2.1190943877551023,15.722744479495267,0.0,1.3225436837582354,0.0,0.08922914466737064,2.1197762200053925,-0.08169843828155393,-4.602557946255425,0.28106508875739644,-1.4403607304066248,-36.5824748542126,-0.9257181355910815,-0.9769415442873799,-0.9504229839595694,-1.4886968085106382,-1.6376509425766659,0.02976287195377748,-0.45578723208155264,-0.9735451925939489,Biotechnology,Healthcare,AEZS
2009Q4,2009,Q4,2009-12-31,2009-12-31,12032000.0,40182000.0,11511000.0,3174.67,36408000.0,0.9060773480662984,86262000.0,9226000.0,49013000.0,19268000.0,77036000.0,4415000.0,-127538000.0,45872265.0,7772265.0,2434.300791556728,2.543751297488063,0.0,0.0,1.2476696293084761,2434.300791556728,1.3041404725774983,1.1416122890846647,0.953130506150266,4.972064274875352,0.0,0.8548131370328426,0.0,0.4658134520414551,2.1556985675731783,0.1394820430780645,-4.498604001176817,0.9060773480662984,2.0968469713511797,5.303002752541692,-0.3752434360694118,-0.9261179628248798,7.93009565857248,2.0659107016300498,2.175911737664726,-0.7496872934331467,1.1748271765261324,-0.9527371762527936,Biotechnology,Healthcare,AEZS
2009Q3,2009,Q3,2009-09-30,2009-09-30,-11288000.0,8565000.0,-9789000.0,-2894.36,4077000.0,0.47600700525394046,103616000.0,-7985000.0,54740000.0,23071000.0,111601000.0,3391000.0,-139570000.0,71370000.0,28319000.0,-2047.4358974358975,2.3726756534177107,0.0,0.0,1.22592360676268,-2047.4358974358975,1.4136505948653726,8.332749562171628,-1.5806608788093552,-8.93800876643707,0.0,1.3235033913299912,0.0,0.08266097899938234,2.0139569156083397,-0.108940704138357,-5.279627163781624,0.47600700525394046,0.20847758908305294,-4.562251134432404,-0.8480112358086624,-1.0642143802801582,0.06338028169014084,0.13700305810397553,0.2001143977774146,-0.561114258831645,-0.9081526560338302,-1.0525340797389895,Biotechnology,Healthcare,AEZS
2009Q2,2009,Q2,2009-06-30,2009-06-30,-13080000.0,8379000.0,-12238000.0,-3656.7,3834000.0,0.45757250268528465,117440000.0,3369000.0,70755000.0,27058000.0,114071000.0,3587000.0,-128282000.0,92823150.0,36006150.0,941.8507128878949,2.614938280730283,0.0,0.0,-7.265063817156427,941.8507128878949,-3.8824577025823688,11.078070175438597,-1.774142775229358,27.55213713268032,0.0,1.2670755505993867,0.0,0.07134707084468665,2.2645797915588735,-0.11137602179836512,-5.6520215551360895,0.45757250268528465,-0.04641579625125192,-12.137258639653048,-0.8558558210959369,-0.9698997613217641,0.5862639635912288,-0.05586051017113335,0.08957000446362148,-7.212507920608809,-0.9014566700310976,-0.9769519518635326,Biotechnology,Healthcare,AEZS
2009Q1,2009,Q1,2009-03-31,2009-03-31,-12388000.0,6111000.0,-13442000.0,-3494.5,2417000.0,0.39551628211422024,119031000.0,7850000.0,73479000.0,26038000.0,111181000.0,3670000.0,-115202000.0,46794000.0,-15200000.0,2214.386459802539,2.8219909363238345,0.0,0.0,-3.4247133757961783,2214.386459802539,-1.5780891719745223,7.657339224349534,-0.9443412980303519,5.961019108280254,0.0,1.0065395095367848,0.0,0.051339567003553695,2.456717105768492,-0.10407372869252547,3.0765285996055227,0.39551628211422024,0.14524165360089425,-4.4377095324735505,-0.8829803636480137,-0.928750959095109,0.044511668107173726,0.14524253087697508,0.17609561752988048,-3.536892355902319,-0.9316480680073308,-0.9463248611875136,Biotechnology,Healthcare,AEZS
2008Q4,2008,Q4,2008-12-31,2008-12-31,-14493000.0,7244000.0,-16315000.0,-4088.29,2314000.0,0.31943677526228603,108342000.0,21475000.0,61724000.0,22170000.0,86867000.0,3385000.0,-102814000.0,26055750.0,-22949250.0,6057.827926657264,2.784122688317546,0.0020398368130549556,0.01029103608847497,-0.8045529412888761,6057.827926657264,-0.6748777648428406,3.596873274434014,-0.4494540467812047,1.2133061699650758,0.0,1.4564254062038404,0.0,0.06686234332022668,2.4467298150654035,-0.1337708367945949,0.6557710215689729,0.31943677526228603,-0.04423908518067268,-0.4796574531784283,-0.8586003739976521,-0.8214879734622754,-0.6170776104583816,-0.04423949852294834,-0.3172129823994833,-30.540553903439378,-0.9006435367250083,-0.8299310617590354,Biotechnology,Healthcare,AEZS
2008Q3,2008,Q3,2008-09-30,2008-09-30,-13879000.0,11029000.0,-12386000.0,-3915.09,6043000.0,0.5479191223138997,72558000.0,40858000.0,26331000.0,17611000.0,31700000.0,4169000.0,-88321000.0,31373250.0,24081250.0,11525.528913963328,1.4951450797796833,0.0007717963560186334,0.0013706006167702775,-0.3077888223473171,11525.528913963328,-0.33968867785990503,2.8446141989300933,-0.5651208660566323,0.7678606392872878,0.0,1.1959702566562724,0.0,0.15200253590231264,1.1249787064902617,-0.19128145759254664,-2.3203350343909475,0.5479191223138997,0.32557518587168477,-0.7282830034548627,-0.6646090555710662,-0.6430644985328594,0.06036146692402176,0.3255746148986831,0.3656338028169014,-1.94512410756802,-0.8244412779837246,-0.6748188065039548,Biotechnology,Healthcare,AEZS
2008Q2,2008,Q2,2008-06-30,2008-06-30,-20579000.0,10457000.0,-19525000.0,-5805.08,5699000.0,0.5449937840680884,95549000.0,57819000.0,42845000.0,24046000.0,37730000.0,4918000.0,-74442000.0,55833750.0,44849750.0,16310.014104372356,1.781793229643184,0.004720091262074956,0.007800204085162317,-0.3350780847777587,16310.014104372356,-0.3559210640101005,5.339365974945013,-0.6782855094999757,0.9656644009754578,0.0,0.9674664497763319,0.0,0.10944122910757831,1.4528403892539299,-0.21537640373002334,-2.7383124353232597,0.5449937840680884,-0.894991806436028,-3.6408373350393126,-0.7227102186333331,-0.44162622751310515,0.10853800062251287,-0.8949925039332973,-0.37988234280360045,-2.3331059609463063,-0.851500576674503,-0.5487695186958144,Biotechnology,Healthcare,AEZS
2008Q1,2008,Q1,2008-03-31,2008-03-31,-10859673.564558,9742324.880987,-14149757.116487,-3063.38,5141005.537744,0.527698018752908,117453580.102983,77987570.193335,57207675.119013,26119784.31944,39466009.909647,5481807.053337,-53831641.892548,54770250.0,38685619.668707,21999.3145820409,2.1902047283152877,0.006500907357847391,0.009790724870695551,-0.17967688855163672,21999.3145820409,-0.13924877435771288,5.621887041242993,-1.2608631759141926,0.7022946075152986,0.0,0.8393800253224871,0.0,0.08294617220220069,1.835201840841606,-0.09245928097752547,-6.592343450165452,0.527698018752908,0.20256874811274583,-1.5221972422313743,-0.7319567373465816,-0.2154062499414654,-0.05436995891568058,0.2025701166950175,-0.20502993036466424,-78.97019577347386,-0.8663010085284725,-0.3269468298051933,Biotechnology,Healthcare,AEZS
2007Q4,2007,Q4,2007-12-31,2007-12-31,-13618342.868654,8265043.714746,-11742245.36664,-3841.56,5436592.868654,0.6577815019845997,123363000.0,88591000.0,59580000.0,22255000.0,34772000.0,5406000.0,-42997000.0,81889500.0,72392500.0,24990.40902679831,2.677151201977084,0.006282272642526527,0.008748066959397682,-0.1600103932917464,24990.40902679831,-0.15372151650454335,9.907933076493912,-1.5032941377267168,0.9243546184149631,0.0,0.5232058538830929,0.0,0.06699775228185112,2.2736913053246464,-0.11039244237456936,-10.136170663510377,0.6577815019845997,-0.5631284052392364,-0.9079703250141958,-0.6698691056993653,-0.08289215253887171,-0.3343806500328854,-0.5631283074135941,-0.22365127249137912,-4.206921560306392,-0.862612442144719,-0.24153073640556852,Biotechnology,Healthcare,AEZS
2007Q3,2007,Q3,2007-09-30,2007-09-30,-8712236.099919,11603969.580983,-9596071.716358,-2457.61,8167720.588235,0.7038729747810226,133749440.97502,100777270.346495,67075409.951652,18657637.993554,32972170.628525,5959634.367446,-29388783.239323,134001000.0,129112377.921031,28428.002918616363,3.595064389974003,0.0058522840942055974,0.007767026466739615,-0.08414286705006742,28428.002918616363,-0.08645040761636395,11.54785860690342,-3.84519537989925,1.3296748318273983,0.0,0.5765872167457488,0.0,0.08675901369300107,3.122156723344585,-0.06513848608568136,-17.806808523803802,0.7038729747810226,-0.800869068206466,-0.6900059492454408,-0.4261597678572755,0.04267357695257709,-0.09415848992259927,-0.8008663429343166,-0.8679232245734262,-3.7229309507468487,-0.773463041334879,-0.10840354400954681,Biotechnology,Healthcare,AEZS
2007Q2,2007,Q2,2007-06-30,2007-06-30,-4837802.724284,12207315.171442,-5137294.504462,-1364.68,9016721.465477,0.7386326427100753,135265792.390794,102290668.858619,71564733.677783,17612155.941757,32975123.532175,4935636.449037,-20622056.36449,183985500.0,175641639.032409,28854.91364135938,4.063371566459322,0.00535813364715355,0.007085418460991232,-0.04325505720574562,28854.91364135938,-0.04729466312289508,15.071741608705148,-9.507699594511166,1.7986537975843668,0.0,0.6464401782646536,0.0,0.09024687584111482,3.53372638565743,-0.03576516012494267,-23.856427098282833,0.7386326427100753,0.05289092158318819,0.054122029461452024,-0.3993706671473085,-0.0401653721301679,0.39052663556515765,0.052887110127597566,0.37757545487334826,-5.156439053419021,-0.7881015517997094,-0.07783709694109534,Biotechnology,Healthcare,AEZS
2007Q1,2007,Q1,2007-03-31,2007-03-31,-5107947.295423,9946002.080444,-8253682.385576,-1440.89,6484393.203883,0.6519597674962008,139276022.018031,100995408.287101,75835520.110957,19161298.543689,38280614.597781,5188914.701803,-15804648.058252,201533250.0,196130421.463246,28489.536893399436,3.9577443009954205,0.009488126006577927,0.013084440857404565,-0.053919257302588196,28489.536893399436,-0.05057603491143449,20.26273957817263,-9.863710329420627,1.9954694319082182,0.0,0.6671161650348943,0.0,0.07141216367564238,3.386718182029556,-0.03667499416921682,-33.686592203867136,0.6519597674962008,-1.1145909878958502,0.10946435105420954,-0.6134079187178318,0.36360419700083785,1.1143219352783702,-1.1159647262364156,0.7847347725529737,-1.242132200491939,-0.8095438477156511,-0.08333427054091419,Biotechnology,Healthcare,AEZS
