Quarters,Year,Quarter,FillingDate,Date,NetIncome,Revenue,OperatingIncome,EPSDiluted,GrossProfit,GrossProfitRatio,TotalAssets,CommonStockEquity,CurrentAssets,CurrentLiability,TotalLiability,Inventory,RetainedEarnings,MarketCap,EnterpriseValue,bookValuePerShare,currentRatio,debtToAssets,debtToEquity,roic,shareholdersEquityPerShare,roe,priceToSalesRatio,peRatio,pbRatio,payoutRatio,inventoryTurnover,dividendYield,assetTurnover,quickRatio,returnOnAssets,priceToFreeCashFlowsRatio,grossProfitMargin,epsdilutedGrowth,fiveYNetIncomeGrowthPerShare,fiveYRevenueGrowthPerShare,fiveYShareholdersEquityGrowthPerShare,grossProfitGrowth,netIncomeGrowth,operatingIncomeGrowth,threeYNetIncomeGrowthPerShare,threeYRevenueGrowthPerShare,threeYShareholdersEquityGrowthPerShare,Industry,Sector,Symbol
2023Q1,2023,Q1,2023-05-12,2023-03-31,-32075000.0,6698000.0,-19278000.0,-0.32,279000.0,0.0416542251,298629000.0,104167000.0,17385000.0,31991000.0,194462000.0,3848000.0,-202840000.0,1041020097.5225999,1156219097.5226,1.0368769120488248,0.5434340908380482,0.41076720613202333,1.1775994316818186,-0.11573788797454539,1.0368769120488248,-0.3079190146591531,155.4225287432965,-8.113952435873733,9.9937609561819,0.0,1.668139293139293,0.0,0.02242916796426335,0.3150261010909318,-0.1074075190286275,-25.694683389426135,0.04165422514183338,-0.23076923076923075,0.056568939774942026,18.152602282177373,-0.03399952099207993,-0.6947483588621444,-0.3985785296939042,0.1297792624023834,0.056568939774942026,18.152602282177373,-0.03399952099207993,Farm Products,Consumer Defensive,LOCL
2022Q4,2022,Q4,2023-03-31,2022-12-31,-22934000.0,6638000.0,-22153000.0,-0.26,914000.0,0.1376920759,278740000.0,121333000.0,34104000.0,23267000.0,157407000.0,3594000.0,-179313000.0,1574161454.45,1680580454.45,1.3927969737805823,1.4657669660893111,0.4308136614766449,0.9897142574567512,-0.0792292385834364,1.3927969737805823,-0.18901700279396372,237.1439370970172,-17.159691445561172,12.973893783636768,0.0,1.5926544240400669,0.0,0.023814307239721604,0.7030128508187562,-0.08227739111717013,-58.83615976266119,0.1376920759264839,0.27777777777777773,0.8480510518879852,3.105519836810032,-0.5291504383849068,-0.2803149606299213,0.2882060831781502,-0.007504093141713662,0.8480510518879852,3.105519836810032,-0.5291504383849068,Farm Products,Consumer Defensive,LOCL
2022Q3,2022,Q3,2022-11-14,2022-09-30,-32220000.0,6285000.0,-21988000.0,-0.36,1270000.0,0.2020684169,262129000.0,119346000.0,33282000.0,14874000.0,142783000.0,3777000.0,-152781000.0,3294926101.48,3404430101.48,1.3372847172568814,2.2375958047599838,0.4338741611954419,0.9529519213044425,-0.11207393900056904,1.3372847172568814,-0.2699713438238399,524.2523630039777,-25.56584498355059,27.608182104804516,0.0,1.3277733651045804,0.0,0.02397674427476548,0.4335081350006723,-0.12291657924151848,-64.00400352525253,0.2020684168655529,0.14285714285714285,-4.577240663736862,0.0,0.0,106.83333333333333,0.13153638814016172,0.16159536337985206,-4.577240663736862,0.0,0.0,Farm Products,Consumer Defensive,LOCL
2022Q2,2022,Q2,2022-08-15,2022-06-30,-37100000.0,6269000.0,-26226000.0,-0.42,-12000.0,-0.0019141809,264430000.0,135437000.0,50212000.0,9527000.0,128993000.0,3106000.0,-125677000.0,3663026443.4400005,3745670443.4400005,1.5285080974577765,5.270494384381232,0.3983927693529479,0.7778302827144724,-0.12753482111692763,1.5285080974577765,-0.2739280994115345,584.3079348285214,-24.683466600000003,27.04598037050437,0.0,2.0222150676110755,0.0,0.023707597473811595,2.618977642489766,-0.14030178118972886,-132.48793559895836,-0.001914180890094114,-0.23529411764705868,0.0,0.0,0.0,-1.25,-0.35327375524347987,-0.08690787019768743,0.0,0.0,0.0,Farm Products,Consumer Defensive,LOCL
2022Q1,2022,Q1,2022-05-12,2022-03-31,-27415000.0,282000.0,-24129000.0,-0.34,48000.0,0.170212766,126479000.0,86953000.0,81311000.0,14289000.0,39526000.0,1263000.0,-94014000.0,8940992909.16,8880384909.16,1.0733710123142948,5.6904611939253975,0.08986472062555839,0.13071429392890413,-0.2603830232686023,1.0733710123142948,-0.31528526905339666,31705.64861404255,-81.53376718183476,102.8255828914471,0.0,0.18527315914489312,0.0,0.0022296191462614348,5.042200293932395,-0.21675535069062848,-361.1355080846595,0.1702127659574468,0.8034682080924855,0.0,0.0,0.0,-0.7669902912621359,0.5396856070326166,0.5949293528688777,0.0,0.0,0.0,Farm Products,Consumer Defensive,LOCL
2021Q4,2021,Q4,2022-03-30,2021-12-31,-59557121.0,638000.0,-59567387.0,-1.73,206000.0,0.3228840125,143930000.0,101683000.0,105508000.0,17968000.0,42247000.0,922000.0,-68242000.0,2882343750.0,2796881750.0,2.9580509090909093,5.871994657168299,0.07780865698603488,0.11013640431537229,-0.5276505869637722,2.9580509090909093,-0.5857136492825743,4517.7801724137935,-12.099072712060746,28.346368124465247,0.0,0.4685466377440347,0.0,0.004432710345306746,5.3857413178984865,-0.4137922670742722,-57.908621971310325,0.322884012539185,-18.3,0.0,0.0,0.0,0.0,-18.167126131439208,-77.10282831964693,0.0,0.0,0.0,Farm Products,Consumer Defensive,LOCL
2021Q3,2021,Q3,2021-12-08,2021-09-30,3469254.0,0.0,-762679.0,0.1,0.0,0.0,,,,,,,,4441937500.0,,,0.0,0.0,0.0,0.0,,0.0,0.0,320.09313097282586,0.0,,0.0,,0.0,0.0,0.0,0.0,0.0,0.0,0.0,0.0,0.0,0.0,0.0,0.0,0.0,0.0,0.0,Farm Products,Consumer Defensive,LOCL
