Quarters,Year,Quarter,FillingDate,Date,NetIncome,Revenue,OperatingIncome,EPSDiluted,GrossProfit,GrossProfitRatio,TotalAssets,CommonStockEquity,CurrentAssets,CurrentLiability,TotalLiability,Inventory,RetainedEarnings,MarketCap,EnterpriseValue,bookValuePerShare,currentRatio,debtToAssets,debtToEquity,roic,shareholdersEquityPerShare,roe,priceToSalesRatio,peRatio,pbRatio,payoutRatio,inventoryTurnover,dividendYield,assetTurnover,quickRatio,returnOnAssets,priceToFreeCashFlowsRatio,grossProfitMargin,epsdilutedGrowth,fiveYNetIncomeGrowthPerShare,fiveYRevenueGrowthPerShare,fiveYShareholdersEquityGrowthPerShare,grossProfitGrowth,netIncomeGrowth,operatingIncomeGrowth,threeYNetIncomeGrowthPerShare,threeYRevenueGrowthPerShare,threeYShareholdersEquityGrowthPerShare,Industry,Sector,Symbol
2023Q2,2023,Q2,2023-05-08,2023-03-31,427000000.0,2837000000.0,841000000.0,1.93,2769000000.0,0.9760310187,79180000000.0,9995000000.0,13962000000.0,6848000000.0,69211000000.0,0.0,9590000000.0,19987761000.0,15012761000.0,46.640223985067664,2.0388434579439254,0.04657741854003536,0.36898449224612306,0.047118054339139195,46.640223985067664,0.04272136068034017,7.045386323581248,11.70243618266979,1.999775987993997,0.21779859484777517,0.0,0.0046528473099113005,0.03582975498863349,3.3180490654205608,0.005392775953523617,-30.01165315315315,0.976031018681706,-0.16086956521739126,0.7893027154829866,0.6132944965320031,0.7120359708081491,0.03090096798212956,-0.16110019646365423,-0.04431818181818182,1.447633274152532,0.34588755134248,0.4243175197558176,Capital Markets,Financial Services,RJF
2023Q1,2023,Q1,2023-02-03,2022-12-31,509000000.0,2752000000.0,880000000.0,2.3,2686000000.0,0.9760174419,77047000000.0,9856000000.0,18611000000.0,7728000000.0,67217000000.0,0.0,9254000000.0,22940695000.0,19951695000.0,45.905915230554264,2.4082556935817805,0.04137734110348229,0.3234577922077922,0.05266742295543353,45.905915230554264,0.05164366883116883,8.33600835755814,11.267531925343812,2.3275867491883115,0.15913555992141454,0.0,0.0035308433332120063,0.035718457564863006,2.5702639751552794,0.0066063571586174675,-7.2528280113816,0.9760174418604651,0.16161616161616155,3.322964923105546,0.6302473433198023,0.7462546177511128,-0.015756687431293513,0.15945330296127563,0.09316770186335403,0.8419927466074951,0.34093309666867955,0.39187110707081,Capital Markets,Financial Services,RJF
2022Q4,2022,Q4,2022-11-22,2022-09-30,439000000.0,2795000000.0,805000000.0,1.98,2729000000.0,0.9763864043,80951000000.0,9458000000.0,18997000000.0,11446000000.0,71519000000.0,0.0,8843000000.0,21246300000.0,18397300000.0,43.990697674418605,1.6597064476673073,0.04112364269743425,0.351977162190738,0.04486534619677656,43.990697674418605,0.04641573271304716,7.601538461538461,12.099259681093393,2.2463840135335165,0.17539863325740318,0.0,0.00362416044205344,0.034527059579251645,1.8008037742442775,0.0054230336870452495,-4.699469143994691,0.9763864042933811,0.4347826086956523,1.278038532807646,0.6944967417977354,0.7013146164318924,0.043594646271510516,0.4584717607973422,0.6947368421052632,0.6018973233874507,0.3520260130065034,0.38970765028287924,Capital Markets,Financial Services,RJF
2022Q3,2022,Q3,2022-08-08,2022-06-30,301000000.0,2680000000.0,475000000.0,1.38,2615000000.0,0.9757462687,86111000000.0,9515000000.0,20606000000.0,19055000000.0,76619000000.0,0.0,8478000000.0,18838687000.0,16271687000.0,45.158993830090175,1.081395959065862,0.039379405650846,0.3563846558066211,0.02669441130397928,45.158993830090175,0.03163426169206516,7.029360820895523,15.646749999999999,1.9798935365212822,0.2292358803986711,0.0,0.003662675641885233,0.03112262080338168,1.081395959065862,0.0034954883812753305,3.2969350717535875,0.9757462686567164,-0.09210526315789481,0.678920346924534,0.7221830022588264,0.8063356204631867,-0.006836308393467528,-0.06811145510835913,0.008492569002123142,0.16161059018201873,0.4076342876296788,0.4627013381447233,Capital Markets,Financial Services,RJF
2022Q2,2022,Q2,2022-05-09,2022-03-31,323000000.0,2633000000.0,471000000.0,1.52,2633000000.0,1.0,73101000000.0,8602000000.0,19072000000.0,22697000000.0,64492000000.0,0.0,8256000000.0,22828307000.0,20006307000.0,41.41550312951372,0.8402872626338282,0.03957538200571811,0.33631713554987214,0.030565151833260168,41.41550312951372,0.037549407114624504,8.670074819597417,17.66896826625387,2.6538371308997903,0.21981424148606812,0.0,0.003110173697944399,0.03601865911547038,0.8402872626338282,0.004418544205961615,20.866825411334553,1.0,-0.2761904761904762,1.9659967658606468,0.7766484920800302,0.7102257359137751,-0.04010207801676996,-0.2757847533632287,-0.20840336134453782,0.258402094090172,0.4574683084481015,0.37401103690752413,Capital Markets,Financial Services,RJF
2022Q1,2022,Q1,2022-02-08,2021-12-31,446000000.0,2743000000.0,595000000.0,2.1,2743000000.0,1.0,68409000000.0,8600000000.0,20522000000.0,19201000000.0,59809000000.0,0.0,8003000000.0,20712520000.0,15389520000.0,41.68686379059622,1.0687985000781208,0.04228975719569063,0.3363953488372093,0.04137940282802654,41.68686379059622,0.05186046511627907,7.551046299671892,11.610156950672646,2.408432558139535,0.13452914798206278,0.0,0.0028967986512505478,0.0400970632519113,1.0687985000781208,0.0065196099928372,-8.982012142237641,1.0,0.03960396039603964,2.14423741018308,0.9397492612653565,0.7489461602637584,0.03197893152746426,0.039627039627039624,0.0,0.8779879576473613,0.5081078690367224,0.46782820086374116,Capital Markets,Financial Services,RJF
2021Q4,2021,Q4,2021-11-23,2021-09-30,429000000.0,2658000000.0,0.0,2.02,2658000000.0,1.0,61891000000.0,8245000000.0,0.0,0.0,53588000000.0,0.0,7633000000.0,18963540000.0,14657540000.0,40.12165450121655,0.0,0.046775783231810766,0.35112189205579136,0.0,40.12165450121655,0.052031534263189815,7.1345146726862305,11.051013986013986,2.300004851425106,0.1282051282051282,0.0,0.0029003023697052343,0.04294647040765216,0.0,0.006931540934869367,4.189911621741052,1.0,0.3899085756671045,1.5788932593896197,0.917235066362694,0.7314801038796851,0.09068526877308165,0.3973941368078176,0.0,0.7354748837080608,0.5067853346760479,0.3761210114501338,Capital Markets,Financial Services,RJF
2021Q3,2021,Q3,2021-08-09,2021-06-30,307000000.0,2437000000.0,0.0,1.453333,2437000000.0,1.0,57161000000.0,7863000000.0,0.0,0.0,49243000000.0,0.0,7257000000.0,17822280000.0,14736280000.0,38.20699708454811,0.0,0.0506639142072392,0.3683072618593412,0.0,38.20699708454811,0.03904362202721608,7.313204759950759,14.513257328990228,2.2666005341472717,0.1758957654723127,0.0,0.0030299153643641554,0.04263396371652001,0.0,0.005370794772659681,12.999474835886215,1.0,-0.13147412977572304,1.5168291129466285,0.8807053796912077,0.7041192172824137,0.04100811618966254,-0.1352112676056338,0.0,0.4030603771863534,0.42636472924102153,0.35550831096308894,Capital Markets,Financial Services,RJF
2021Q2,2021,Q2,2021-05-07,2021-03-31,355000000.0,2341000000.0,0.0,1.673333,2341000000.0,1.0,56066000000.0,7592000000.0,0.0,0.0,48429000000.0,0.0,7004000000.0,16888774890.0,13943774890.0,36.729559748427675,0.0,0.051831769699996436,0.3827713382507903,0.0,36.729559748427675,0.046759747102212854,7.214342114480991,11.893503443661972,2.224548852739726,0.15211267605633802,0.0,0.003197390003224799,0.041754360931759,0.0,0.006331823208361574,-13.786755012244898,1.0,0.12556006153361848,1.8960547077559788,0.8678718455392158,0.6815142990178262,0.06700091157702825,0.13782051282051283,0.0,0.5422898252163917,0.3801853860265834,0.34824239912286226,Capital Markets,Financial Services,RJF
2021Q1,2021,Q1,2021-02-08,2020-12-31,312000000.0,2194000000.0,0.0,1.486667,2194000000.0,1.0,53657000000.0,7363000000.0,0.0,0.0,46219000000.0,0.0,6702000000.0,13087656000.0,10617656000.0,35.882066276803116,0.0,0.054177460536369904,0.39481189732446015,0.0,35.882066276803116,0.04237403232378107,5.965203281677302,10.486903846153847,1.7774896102132285,0.1762820512820513,0.0,0.004202433193537483,0.04088935274055575,0.0,0.005814711966751775,6.96522405534859,1.0,0.48666699999999996,2.0685197037397827,0.835541160041011,0.6570116548973879,0.06867998051631759,0.49282296650717705,0.0,1.7725105750019852,0.35986683708323924,0.36494880051131,Capital Markets,Financial Services,RJF
2020Q4,2020,Q4,2020-11-24,2020-09-30,209000000.0,2053000000.0,0.0,1.0,2053000000.0,1.0,47482000000.0,7114000000.0,0.0,0.0,40306000000.0,0.0,6484000000.0,9960850845.0,7848850845.0,34.643291940589236,0.0,0.06903668758687502,0.4607815574922688,0.0,34.643291940589236,0.02937868990722519,4.851851361422309,11.914893355263159,1.400175828647737,0.24401913875598086,0.0,0.005120044541737137,0.043237437344677984,0.0,0.004401668000505455,7.260095368075802,1.0,0.2195121951219513,0.6919420276992703,0.6315829374311377,0.6452616292495701,0.13362782992821645,0.21511627906976744,0.0,0.1354985512452109,0.3031416571747114,0.33980914274328117,Capital Markets,Financial Services,RJF
2020Q3,2020,Q3,2020-08-07,2020-06-30,172000000.0,1811000000.0,0.0,0.82,1811000000.0,1.0,44682000000.0,6965000000.0,0.0,0.0,37667000000.0,0.0,6326000000.0,9436599855.0,6738599855.0,33.86822270848529,0.0,0.06566402578219417,0.42124910265613785,0.0,33.86822270848529,0.024694903086862886,5.210712233572612,13.71598816133721,1.3548599935391241,0.29651162790697677,0.0,0.005404488987945966,0.04053086253972517,0.0,0.0038494248243140412,-30.052865780254777,1.0,0.024999999999999883,0.34928522258692407,0.4600260458066437,0.6271140269065317,-0.11312438785504407,0.01775147928994083,0.0,-0.017058060930153753,0.1923363288971222,0.35471080933060306,Capital Markets,Financial Services,RJF
2020Q2,2020,Q2,2020-05-08,2020-03-31,169000000.0,2042000000.0,0.0,0.8,2042000000.0,1.0,49809000000.0,6798000000.0,0.0,0.0,42975000000.0,0.0,6205000000.0,8746873080.0,1033873080.0,32.74566473988439,0.0,0.05892509385853962,0.43174463077375697,0.0,32.74566473988439,0.02486025301559282,4.283483388834476,12.939161360946745,1.2866833009708738,0.3076923076923077,0.0,0.005944981655089936,0.040996607038888556,0.0,0.0033929611114457228,3.7031638780694327,1.0,-0.36507936507936506,0.5316597058275573,0.6702449757275898,0.5976835412949645,0.029752899646999495,-0.36704119850187267,0.0,0.5526158049461682,0.3785278283302404,0.3522105092536174,Capital Markets,Financial Services,RJF
2020Q1,2020,Q1,2020-02-07,2019-12-31,267000000.0,1983000000.0,0.0,1.26,1983000000.0,1.0,40154000000.0,6842000000.0,0.0,0.0,33251000000.0,0.0,6086000000.0,12372318000.0,10712318000.0,32.981441311159315,0.0,0.06099018777705833,0.3579362759427068,0.0,32.981441311159315,0.039023677287342885,6.239192133131619,11.584567415730337,1.8082896813797136,0.19101123595505617,0.0,0.004122105493893707,0.049384868257209745,0.0,0.0066493998107286945,24.25944705882353,1.0,0.01612903225806453,1.159114345846214,0.648270019673451,0.6362194152793563,-0.0080040020010005,0.007547169811320755,0.0,0.8718779224065598,0.3945313776444687,0.3837156335595756,Capital Markets,Financial Services,RJF
2019Q4,2019,Q4,2019-11-26,2019-09-30,265000000.0,1999000000.0,0.0,1.24,1999000000.0,1.0,38830000000.0,6581000000.0,0.0,0.0,32187000000.0,0.0,5874000000.0,11428949070.0,9915949070.0,31.654641654641654,0.0,0.06294102498068503,0.3713721318948488,0.0,31.654641654641654,0.04026743655979335,5.7173332016008,10.782027424528303,1.7366584212125817,0.1811320754716981,0.0,0.004199861221360749,0.05148081380375998,0.0,0.006824620139067731,17.802101355140188,1.0,0.03333333333333337,0.9697991901473707,0.6075641780447907,0.6108091664157536,0.05044666316342617,0.023166023166023165,0.0,0.5746327709687643,0.42524825536697297,0.3660798115588987,Capital Markets,Financial Services,RJF
2019Q3,2019,Q3,2019-08-08,2019-06-30,259000000.0,1903000000.0,0.0,1.2,1903000000.0,1.0,38677000000.0,6502000000.0,0.0,0.0,32113000000.0,0.0,5659000000.0,12073003020.0,10972003020.0,30.87369420702754,0.0,0.06450862269565892,0.38372808366656413,0.0,30.87369420702754,0.039833897262380805,6.344194965843405,11.653477818532819,1.8568137526914796,0.18532818532818532,0.0,0.00397581280485756,0.04920236833260077,0.0,0.00669648628383794,-73.61587207317073,1.0,-0.005525136595266117,1.1090740423769467,0.5949862483949055,0.6178567588642764,0.03592814371257485,-0.007662835249042145,0.0,1.0749236514271894,0.43512929443685977,0.37703718222791693,Capital Markets,Financial Services,RJF
2019Q2,2019,Q2,2019-05-09,2019-03-31,261000000.0,1837000000.0,0.0,1.206667,1837000000.0,1.0,38176000000.0,6366000000.0,0.0,0.0,31741000000.0,0.0,5448000000.0,11697671040.0,10312671040.0,30.142045454545453,0.0,0.06407166806370494,0.3842287150486962,0.0,30.142045454545453,0.040999057492931194,6.367812215568862,11.204665747126436,1.8375229406220546,0.1839080459770115,0.0,0.004103380906837332,0.04811923721709975,0.0,0.006836756077116513,-49.3572617721519,1.0,0.0710058961521016,1.480006042637546,0.5802139187910345,0.626612960771118,-0.03670686942842161,0.04819277108433735,0.0,1.0838453186661727,0.4345027376340157,0.3799316076918987,Capital Markets,Financial Services,RJF
2019Q1,2019,Q1,2019-02-08,2018-12-31,249000000.0,1907000000.0,0.0,1.126667,1907000000.0,1.0,38544000000.0,6143000000.0,0.0,0.0,32319000000.0,0.0,5236000000.0,10729929210.0,9155929210.0,28.400369856680538,0.0,0.07129514321295143,0.4473384339899072,0.0,28.400369856680538,0.04053394107113788,5.626601578395386,10.773021295180722,1.7466920413478755,0.18875502008032127,0.0,0.004380271209636434,0.049475923619759235,0.0,0.006460149439601494,54.191561666666665,1.0,-0.039772170389821025,1.0592326942105215,0.5834461355988433,0.5666709406404733,0.017060157481658785,-0.05232389970618235,0.0,1.3232422999668587,0.513557883032134,0.3115115359546362,Capital Markets,Financial Services,RJF
2018Q4,2018,Q4,2018-11-21,2018-09-30,262748000.0,1875012000.0,0.0,1.173333,1875012000.0,1.0,37412924000.0,6368461000.0,0.0,0.0,30960578000.0,0.0,5033059000.0,13446550800.0,12394939800.0,29.155615071189853,0.0,0.06545051116560684,0.384503414561226,0.0,29.155615071189853,0.041257691614975736,7.171447862733679,12.794151430267787,2.1114286167411564,0.16792135430145996,0.0,0.0032812132015297185,0.05011669229595634,0.0,0.0070229207425754805,15.337582724425292,1.0,0.13548391467223045,1.1267641942381381,0.6152901833942472,0.6529857457161362,0.03388074441142787,0.1312764253545626,0.0,0.9996824386956783,0.40089852668969717,0.3846436659674801,Capital Markets,Financial Services,RJF
2018Q3,2018,Q3,2018-08-07,2018-06-30,232258000.0,1813567000.0,0.0,1.033333,1813567000.0,1.0,36364109000.0,6157363000.0,0.0,0.0,30114058000.0,0.0,4814603000.0,13012405181.699999,12282473181.699999,28.186472023474373,0.0,0.06736914686951356,0.39786821079088563,0.0,28.186472023474373,0.03772036828103199,7.175034162895552,14.00641224597215,2.113308112856104,0.15752740486872358,0.0,0.0028117015639394735,0.04987244428290543,0.0,0.0063870119848117276,-552.3092182385399,1.0,-0.04908035304283648,1.6278682708471404,0.5788638401708637,0.6484480833717416,0.01344277850206006,-0.04360358579681857,0.0,0.7152233321962223,0.37641828846836345,0.35414853011797814,Capital Markets,Financial Services,RJF
2018Q2,2018,Q2,2018-05-09,2018-03-31,242847000.0,1789511000.0,0.0,1.086667,1789511000.0,1.0,36030871000.0,5940987000.0,0.0,0.0,29988649000.0,0.0,4626064000.0,12998880119.25,12309658119.25,27.242549093785467,0.0,0.06801711787650096,0.4125099078654776,0.0,27.242549093785467,0.04087654122118092,7.263928592364059,13.381759007986508,2.188000094807479,0.15700832211227644,0.0,0.0029332526840935235,0.04966604887236836,0.0,0.006739970288256424,20.73434640387606,1.0,1.0375018984386868,1.8790098353334597,0.5101828608979128,0.6226233082035577,0.05028112968353836,1.0434442368859493,0.0,1.0951967647633376,0.3933983692105732,0.32918273780063007,Capital Markets,Financial Services,RJF
2018Q1,2018,Q1,2018-02-08,2017-12-31,118842000.0,1703840000.0,0.0,0.533333,1703840000.0,1.0,36084899000.0,5696748000.0,0.0,0.0,30281944000.0,0.0,4420368000.0,12901074476.55,12085346476.55,26.288214080529386,0.0,0.08540417419486196,0.5409754828544285,0.0,26.288214080529386,0.02086137564800128,7.571764060328434,27.139131108004744,2.264638435217777,0.27346392689453225,0.0,0.002519092503424635,0.04721753551256996,0.0,0.003293399823566085,44.53714391048434,1.0,-0.3893131256920328,0.30780380530671164,0.4754718594658494,0.5928328942133843,0.028809367391892413,-0.385794541291753,0.0,-0.08001266841465594,0.3557573522101374,0.30416636028058397,Capital Markets,Financial Services,RJF
2017Q4,2017,Q4,2017-11-22,2017-09-30,193489000.0,1656128000.0,0.0,0.873333,1656128000.0,1.0,34883456000.0,5581713000.0,0.0,0.0,29190105000.0,0.0,4340054000.0,12136183290.0,11529362290.0,25.856885757367298,0.0,0.087802395496593,0.5487295745947526,0.0,25.856885757367298,0.03466480630587778,7.328046678759129,15.680714782235682,2.174275762655658,0.1647638883864199,0.0,0.002626855514473694,0.04747602989795507,0.0,0.005546726792207745,-83.33688088829071,1.0,0.056450783689200104,1.191144943265876,0.4665138507987056,0.6112046329360007,0.04020430646472183,0.054872862875087226,0.0,0.38514603895608446,0.28266318410744545,0.3157788689364233,Capital Markets,Financial Services,RJF
2017Q3,2017,Q3,2017-06-30,2017-06-30,183424000.0,1592118000.0,0.0,0.826667,1592118000.0,1.0,33433426000.0,5389272000.0,0.0,0.0,27932676000.0,0.0,4178883000.0,11528576640.0,11354870640.0,25.000334001336004,0.0,0.07935827456031577,0.4923149174879279,0.0,25.000334001336004,0.034035023654400816,7.2410315315824585,15.713015526866712,2.1391714205555035,0.17606747208653176,0.0,0.0028012998489291394,0.04762054597695133,0.0,0.0054862460102054755,39.37772318790582,1.0,0.6103913054488996,1.2610523878288484,0.3795128859902813,0.6062875474798886,0.03758084319353098,0.6267482595006874,0.0,0.45922511904204283,0.30366942920336215,0.31007838150833283,Capital Markets,Financial Services,RJF
2017Q2,2017,Q2,2017-05-10,2017-03-31,112755000.0,1534452000.0,0.0,0.513333,1534452000.0,1.0,32928731000.0,5207748000.0,0.0,0.0,27600514000.0,0.0,4027927000.0,10933167420.0,10193694420.0,24.216395683804503,0.0,0.06365107115728207,0.4024674389006534,0.0,24.216395683804503,0.021651393270181275,7.125128332460058,24.240981375548756,2.099404084068584,0.28177907853310274,0.0,0.0029060197086051755,0.04659918415926809,0.0,0.0034242133412307934,45.61473358783403,1.0,-0.23000088499955745,0.4772001404100383,0.5877989428633215,0.5216706061884246,0.05016230288736939,-0.23069313010432088,0.0,0.05220775468573016,0.296323790256407,0.3068357667312192,Capital Markets,Financial Services,RJF
2017Q1,2017,Q1,2017-02-08,2016-12-31,146567000.0,1461157000.0,0.0,0.666667,1461157000.0,1.0,31669390000.0,5080877000.0,0.0,0.0,26464789000.0,0.0,3947074000.0,9843959700.0,9713706700.0,23.835418572467336,0.0,0.08199962171674288,0.5111082200966487,0.0,23.835418572467336,0.02884679160703949,6.737099230267521,16.79088693225624,1.9374528649286336,0.21324718388177422,0.0,0.0031750434736135705,0.04613783214643541,0.0,0.0046280335680605154,13.501225730885071,1.0,-0.15966309229541686,0.8877045555757538,0.6185756922828165,0.6709261497701955,0.021284611432825076,-0.14622822857808587,0.0,0.2299370871921257,0.23109085538954435,0.31485110313459164,Capital Markets,Financial Services,RJF
2016Q4,2016,Q4,2016-11-22,2016-09-30,171670000.0,1430705000.0,0.0,0.793333,1430705000.0,1.0,31593733000.0,4914096000.0,0.0,0.0,26443817000.0,0.0,3832332000.0,8229795079.05,8635821079.05,23.171883067738946,0.0,0.07285755057814788,0.46841616443797596,0.0,23.171883067738946,0.034934197459715884,5.752265546740943,11.984905748019456,1.6747322557495825,0.1656550358245471,0.0,0.003455493086625277,0.045284455622892045,0.0,0.005433672557782266,-17.648498937525332,1.0,0.36781551724137934,1.1707649880499298,0.5248242648579868,0.655202306264252,0.07310547704160847,0.36784484956654767,0.0,0.43121311020972014,0.26948207983809225,0.31373638727390496,Capital Markets,Financial Services,RJF
2016Q3,2016,Q3,2016-08-08,2016-06-30,125504000.0,1333238000.0,0.0,0.58,1333238000.0,1.0,28843431000.0,4747459000.0,0.0,0.0,23849301000.0,0.0,3689244000.0,6959441558.25,6484080558.25,22.420378044605012,0.0,0.06099582951833989,0.37058329519012173,0.0,22.420378044605012,0.02643603662506617,5.219954395426773,13.862987550695596,1.4659297864921004,0.22983331208567057,0.0,0.004144729107726465,0.04622328044122074,0.0,0.004351216053319038,-145.86966166946132,1.0,0.0,1.3418510035320839,0.36870130132797324,0.6198155850832892,0.036172519517057265,-0.0027255317965466,0.0,0.4649615376445412,0.1974420439332791,0.3112257960243767,Capital Markets,Financial Services,RJF
2016Q2,2016,Q2,2016-05-06,2016-03-31,125847000.0,1286695000.0,0.0,0.58,1286695000.0,1.0,27753211000.0,4635290000.0,0.0,0.0,22875972000.0,0.0,3592753000.0,6735481920.0,6830203920.0,21.843144462037248,0.0,0.0641210489121421,0.3839166481493067,0.0,21.843144462037248,0.027149757620343065,5.234715235545331,13.380298934420368,1.45308749182899,0.23080407161076547,0.0,0.004312386306576263,0.0463620227583756,0.0,0.004534502332000431,-20.992095942753494,1.0,0.191780005630133,0.34554995451551307,0.3064827993313541,0.5991252315238781,0.0293831757158389,0.18356233953107806,0.0,0.5332126025938495,0.11588614594563497,0.3010234543963566,Capital Markets,Financial Services,RJF
2016Q1,2016,Q1,2016-02-08,2015-12-31,106329000.0,1249967000.0,0.0,0.486667,1249967000.0,1.0,26907327000.0,4646814000.0,0.0,0.0,21986684000.0,0.0,3495513000.0,8293079412.900001,7309569412.900001,21.654685512169888,0.0,0.0661649891867743,0.38312766553599953,0.0,21.654685512169888,0.022882129562319473,6.634638684781279,19.498630225291315,1.7846807324114977,0.2549257493252076,0.0,0.003268508433409698,0.04645452147662234,0.0,0.003951674575479014,42.5661579080009,1.0,-0.17045444860542697,0.10188588867033026,0.3007522290500135,0.6351400087090406,-0.050130135607001865,-0.17693093678881613,0.0,0.18164464638164168,0.09310828567435712,0.31208210995121377,Capital Markets,Financial Services,RJF
2015Q4,2015,Q4,2015-11-25,2015-09-30,129186000.0,1315935000.0,0.0,0.586667,1315935000.0,1.0,26479684000.0,4522031000.0,0.0,0.0,21693586000.0,0.0,3419719000.0,7105633518.6,6175386518.6,21.056403021074885,0.0,0.07093162441062363,0.41535473772736187,0.0,21.056403021074885,0.02856813675094222,5.399684269055843,13.750780886860804,1.571336755232328,0.20147694022572105,0.0,0.003663009066238504,0.04969602356281895,0.0,0.004878683597583718,17.24898595346466,1.0,-0.032967014853288394,0.5828533706108321,0.48895744171936906,0.6617188529294098,0.015344339098551905,-0.030098727429708323,0.0,0.47052432525123283,0.17130134543353617,0.3120750278620467,Capital Markets,Financial Services,RJF
2015Q3,2015,Q3,2015-08-07,2015-06-30,133195000.0,1296048000.0,0.0,0.606667,1296048000.0,1.0,24808416000.0,4472665000.0,0.0,0.0,20062127000.0,0.0,3316400000.0,8534954160.0,7645199160.0,20.8149042712609,0.0,0.07629257748660777,0.4231700786891037,0.0,20.8149042712609,0.029779784535618026,6.585368875226844,16.019659446675927,1.9082480266239479,0.20804084237396298,0.0,0.0032466489544684327,0.05224227133243815,0.0,0.005368944151855564,137.48758271851543,1.0,0.18181959858415475,0.8327474261605601,0.4480849742043377,0.6828395876461469,0.030897953631991014,0.17390691238553538,0.0,0.6471559765324687,0.12658492283209488,0.33737099396854436,Capital Markets,Financial Services,RJF
2015Q2,2015,Q2,2015-05-08,2015-03-31,113463000.0,1257203000.0,0.0,0.513333,1257203000.0,1.0,24967935000.0,4375425000.0,0.0,0.0,20316025000.0,0.0,3211083000.0,8080922483.999999,7270216483.999999,20.49571388420461,0.0,0.07792430571450942,0.4446674323065759,0.0,20.49571388420461,0.025931880902997993,6.427699014399424,17.805193067343538,1.8468885843089529,0.22720181909521164,0.0,0.003190106086408043,0.050352702376067544,0.0,0.00454434858149062,64.93204194388197,1.0,-0.11494310344827573,0.7095886993714327,0.4347640959556745,0.6979467146488644,0.023191859409932555,-0.10161050231202888,0.0,0.4974111262071301,0.3104814325676586,0.2878764361824471,Capital Markets,Financial Services,RJF
2015Q1,2015,Q1,2015-02-06,2014-12-31,126296000.0,1228707000.0,0.0,0.58,1228707000.0,1.0,24253246000.0,4270665000.0,0.0,0.0,19695112000.0,0.0,3123498000.0,8091976277.7,7121872277.7,20.157101794033107,0.0,0.07543398520758829,0.428392065404334,0.0,20.157101794033107,0.029572911946968445,6.5857655874834276,16.017879184020078,1.8947813227448183,0.1870684740609362,0.0,0.0029196823111195857,0.05066154856137607,0.0,0.005207385436159762,35.71181678751583,1.0,-0.0744685774103312,1.475180850440536,0.5038948046534735,0.7155134943295011,-0.02518618306275601,-0.07384538667996421,0.0,0.6365749634365231,0.3694082662670675,0.4130663738431311,Capital Markets,Financial Services,RJF
2014Q4,2014,Q4,2014-11-25,2014-09-30,136366000.0,1260453000.0,0.0,0.626667,1260453000.0,1.0,23325652000.0,4141236000.0,0.0,0.0,18892396000.0,0.0,3023845000.0,7527454200.0,7067563200.0,19.651391558118014,0.0,0.08101076874507088,0.456295898132828,0.0,19.651391558118014,0.03292881642099122,5.972022915570831,13.800093498379361,1.8176829816025941,0.16617045304548053,0.0,0.003010313898688351,0.05403720333305153,0.0,0.005846181705874717,185.3048643592142,1.0,0.10588229065747598,1.6827895250529488,0.5971058674087757,0.7224359427085042,0.057419029554307055,0.1114769865269095,0.0,0.7352823096649297,0.35189198223694224,0.40372832597211517,Capital Markets,Financial Services,RJF
2014Q3,2014,Q3,2014-08-08,2014-06-30,122689000.0,1192009000.0,0.0,0.566667,1192009000.0,1.0,23070289000.0,4015176000.0,0.0,0.0,18757111000.0,0.0,2910165000.0,7115897100.0,5925105100.0,19.083082626363442,0.0,0.07777037383450203,0.4468508976941484,0.0,19.083082626363442,0.03055631932448291,5.969667259223714,14.499867755055467,1.772250357144992,0.18487394957983194,0.0,0.0031875109604943557,0.05166857684357574,0.0,0.005318052149238356,23.327521365840227,1.0,0.1805562500000001,1.4266948476347907,0.6073385936412978,0.7240499418501064,0.03206833764657294,0.17338370313695486,0.0,1.3039314588836801,0.23152367918302613,0.37870443522934893,Capital Markets,Financial Services,RJF
2014Q2,2014,Q2,2014-05-09,2014-03-31,104560000.0,1154971000.0,0.0,0.48,1154971000.0,1.0,22868902000.0,3888304000.0,0.0,0.0,18660541000.0,0.0,2810190000.0,7823942834.400001,6371233834.400001,18.53055777955698,0.0,0.057926742613178366,0.34069378320213645,0.0,18.53055777955698,0.026890901534447925,6.774146566796916,18.706825828232596,2.0121736454762797,0.21499617444529456,0.0,0.0028732316270462547,0.05050399883649858,0.0,0.004572147801411716,79.878535900682,1.0,-0.1111111111111112,13.40087025424424,0.6436850200954994,0.7206829945911074,-0.005748724442581192,-0.1035127279586395,0.0,0.13060933140574096,0.18601230505957556,0.35661248548721536,Capital Markets,Financial Services,RJF
2014Q1,2014,Q1,2014-02-07,2013-12-31,116633000.0,1161649000.0,0.0,0.54,1161649000.0,1.0,21924495000.0,3782076000.0,0.0,0.0,17798907000.0,0.0,2728175000.0,7259047955.55,5655182955.55,18.1278461991962,0.0,0.060439932595938925,0.3503670999736653,0.0,18.1278461991962,0.03083835438526354,6.248916803225415,15.559592815819709,1.9193289493785952,0.1738787478672417,0.0,0.0027937547904604574,0.0529840710128101,0.0,0.005319757650062179,1897.7903151764706,1.0,-0.012195724270899795,0.6000834531481627,0.4664167746269295,0.6992860617410595,0.05258918223903169,-0.007023787226072298,0.0,0.24315620740322863,0.24334118217775783,0.36882923445696425,Capital Markets,Financial Services,RJF
2013Q4,2013,Q4,2013-11-26,2013-09-30,117458000.0,1103611000.0,0.0,0.546667,1103611000.0,1.0,23186122000.0,3662924000.0,0.0,0.0,19187785000.0,0.0,2635026000.0,5769086490.0,4387587490.0,17.638152746779152,0.0,0.0578588346943055,0.3662434710630087,0.0,17.638152746779152,0.032066731387274214,5.2274637440184994,12.279041210475233,1.574994864758319,0.16679153399513016,0.0,0.0033958582583150008,0.04759791223387853,0.0,0.005065875181714303,24.087440356400258,1.0,0.3898325337563846,1.0139664390761771,0.3406063416267058,0.6371587127183534,0.012579124158983247,0.40061052681786746,0.0,0.4882722291526076,0.291333475465826,0.3919590597138644,Capital Markets,Financial Services,RJF
2013Q3,2013,Q3,2013-08-08,2013-06-30,83862000.0,1089901000.0,0.0,0.393333,1089901000.0,1.0,22214191000.0,3544195000.0,0.0,0.0,18339049000.0,0.0,2537252000.0,5999999609.25,4630897609.25,17.098792681308872,0.0,0.06082283167548168,0.38122338076770607,0.0,17.098792681308872,0.02366179061817987,5.505086800773649,17.886526702350288,1.6929089988699833,0.23306145810975173,0.0,0.0032575002121447015,0.04906327671352065,0.0,0.0037751543596613534,27.479445873502943,1.0,0.05357147640310383,0.00339722852423147,0.2291078405145316,0.6053980512795343,-0.029715654155686916,0.04879939969984993,0.0,0.19624380805046177,0.26240818938217564,0.3824000749688631,Capital Markets,Financial Services,RJF
2013Q2,2013,Q2,2013-05-09,2013-03-31,79960000.0,1123280000.0,0.0,0.373333,1123280000.0,1.0,22735145000.0,3470756000.0,0.0,0.0,18823261000.0,0.0,2472960000.0,6291339159.15,5459879159.15,16.789201138708094,0.0,0.06385175902770798,0.4182601715591646,0.0,16.789201138708094,0.023038208390333402,5.600864574415995,19.670270007347423,1.8126711180935795,0.2437343671835918,0.0,0.0030977506548276897,0.04940720633187077,0.0,0.0035170217739979226,-69.92008312106158,1.0,-0.08196878527148742,0.1383711453338679,0.38235013722219696,0.6669942012054525,0.02933279573341153,-0.06886834198942637,0.0,0.2441516065832104,0.32381183979127637,0.3908844100823414,Capital Markets,Financial Services,RJF
2013Q1,2013,Q1,2013-02-08,2012-12-31,85874000.0,1091270000.0,0.0,0.406667,1091270000.0,1.0,22275971000.0,3379801000.0,0.0,0.0,18466389000.0,0.0,2412561000.0,5260276546.2,4309403546.2,16.504062777728947,0.0,0.06300407735312638,0.41525433006262796,0.0,16.504062777728947,0.025408004790814606,4.8203254430159355,15.313938288073222,1.5563864695584146,0.2092367887835666,0.0,0.003415789995486074,0.04898866136968844,0.0,0.003855005916464876,24.013606444986166,1.0,0.016667499999999946,0.3071813746434405,0.36223662361818937,0.6024501766287912,0.024081065381392236,0.03059105910591059,0.0,0.7411900902474343,0.3818741613260614,0.40461375329445515,Capital Markets,Financial Services,RJF
2012Q4,2012,Q4,2012-11-21,2012-09-30,83325000.0,1065609000.0,0.0,0.4,1065609000.0,1.0,21160265000.0,3268940000.0,0.0,0.0,17479983000.0,0.0,2346563000.0,4987830599.849999,4418616599.849999,16.048169939934855,0.0,0.06667241643712873,0.43157904397144026,0.0,16.048169939934855,0.025489914161777212,4.680732426105635,14.964988298379838,1.52582506863081,0.21754575457545755,0.0,0.0036342453171014145,0.05035896289578604,0.0,0.0039378051267316356,32.91015775935444,1.0,0.09090809917445529,0.1389799078947589,0.32609315197144184,0.6006182827786608,-0.018964139465001178,0.09135559921414538,0.0,0.69594224946216,0.39688342945518396,0.4066151314266113,Capital Markets,Financial Services,RJF
2012Q3,2012,Q3,2012-08-08,2012-06-30,76350000.0,1086208000.0,0.0,0.366667,1086208000.0,1.0,21170555000.0,3157696000.0,0.0,0.0,17588846000.0,0.0,2281407000.0,4631172202.8,4316657202.8,15.564046450188284,0.0,0.0668154424860378,0.4479595249194349,0.0,15.564046450188284,0.024179021666430208,4.263614522080486,15.164283571709234,1.4666301641449968,0.23283562540929928,0.0,0.0038385530102404857,0.05130748815985221,0.0,0.0036064241112242924,37.24993125226218,1.0,0.0576922522189883,-0.040912908952837196,0.35429951663818643,0.6137090199164632,0.24574137810415203,0.10862652281868475,0.0,0.566126506833788,0.5189696364486501,0.4061246761217278,Capital Markets,Financial Services,RJF
2012Q2,2012,Q2,2012-05-09,2012-03-31,68869000.0,871937000.0,0.0,0.346667,871937000.0,1.0,19275376000.0,3087853000.0,0.0,0.0,15859505000.0,0.0,2222857000.0,4725258622.35,3404664622.3500004,15.914348075936907,0.0,0.08068657130216293,0.5036716449908722,0.0,15.914348075936907,0.02230319901886521,5.419266096461098,17.153068224999636,1.5302731776253597,0.23928037288184814,0.0,0.0034874281636260033,0.04523579721609581,0.0,0.0035729004715653796,66.06351008514388,1.0,-0.01886605553401467,0.03158424560734113,0.24643640514501203,0.7244006400819365,0.1139021713719233,0.022933531377645748,0.0,9.257721307508671,0.34195075819577,0.4777508820850519,Capital Markets,Financial Services,RJF
2012Q1,2012,Q1,2012-02-08,2011-12-31,67325000.0,782777000.0,0.0,0.353333,782777000.0,1.0,17891566000.0,2636669000.0,0.0,0.0,14928612000.0,0.0,2171907000.0,3815046000.0,2595193000.0,14.264794752147155,0.0,0.03896254805197041,0.26438699738192395,0.0,14.264794752147155,0.025534111411026565,4.873732876668579,14.166528035647975,1.446918820678667,0.24357965094689937,0.0,0.0042985064924512045,0.04375117303873792,0.0,0.003762946183693479,-113.4147690112373,1.0,-0.045045945945945916,0.05177304917299358,0.2027312346396829,0.6001951411695035,-0.04280597664661652,-0.0232419806461909,0.0,0.04253707277255824,0.11535857732231497,0.33716750625319675,Capital Markets,Financial Services,RJF
2011Q4,2011,Q4,2011-11-23,2011-09-30,68927000.0,817783000.0,0.0,0.37,817783000.0,1.0,18006995000.0,2587619000.0,0.0,0.0,15095150000.0,0.0,2125818000.0,3198927161.25,1471182161.25,13.99942652329749,0.0,0.03953741309974263,0.27513710480561476,0.0,13.99942652329749,0.026637229051108373,3.911706603402125,11.60259100660844,1.2362434969174365,0.19939936454509843,0.0,0.004296440433682601,0.04541474021623264,0.0,0.0038277902559533117,6.965455347888759,1.0,0.4999979729757122,0.25582266822240574,0.32286234842620865,0.6401881888823163,-0.03834019099539386,0.4732398580772026,0.0,0.32783382217601525,0.11611269969586248,0.29941516182084954,Capital Markets,Financial Services,RJF
2011Q3,2011,Q3,2011-08-09,2011-06-30,46786000.0,850387000.0,0.0,0.246667,850387000.0,1.0,16117109000.0,2558664000.0,0.0,0.0,13251870000.0,0.0,2074315000.0,3962095538.1,3074617538.1,13.841315178759798,0.0,0.04412764100559226,0.2779614673907946,0.0,13.841315178759798,0.018285323903412094,4.659167576762109,21.17137358451246,1.5485016938918124,0.352199375881674,0.0,0.004158910314389322,0.05276299862462927,0.0,0.0029028779292862013,-72.01453230033808,1.0,-0.42187467041041377,-0.2412829017804679,0.24342168716546056,0.631920837557361,-0.0019599627724436277,-0.4218025878369193,0.0,-0.3723177330453121,0.0753152666196413,0.2995549352099558,Capital Markets,Financial Services,RJF
2011Q2,2011,Q2,2011-05-10,2011-03-31,80917000.0,852057000.0,0.0,0.426667,852057000.0,1.0,15284179000.0,2507790000.0,0.0,0.0,12464771000.0,0.0,2044007000.0,4680416920.2,3888593920.2,13.65943331481421,0.0,0.030315334569164624,0.18476228073323525,0.0,13.65943331481421,0.03226625833901563,5.493079594675004,14.460548834608304,1.8663512176856913,0.20367784272773334,0.0,0.003521267502659944,0.0557476459808538,0.0,0.00529416725621965,-54.45764689688874,1.0,-0.015383088756222131,0.21619155038928087,0.3292760214232854,0.6809537297771721,0.04697301275820842,-0.009862584584511093,0.0,0.2971387502915324,0.18068555342768966,0.35624059414300374,Capital Markets,Financial Services,RJF
2011Q1,2011,Q1,2011-02-08,2010-12-31,81723000.0,813829000.0,0.0,0.433333,813829000.0,1.0,14849838000.0,2406742000.0,0.0,0.0,12131905000.0,0.0,1979572000.0,3961768500.0,3249491500.0,13.243321915452658,0.0,0.033172483093754965,0.20467752671453773,0.0,13.243321915452658,0.03395586232342312,4.868060120737894,12.11950277155758,1.646112670157416,0.2005188257895574,0.0,0.004136284086260971,0.054803897523999924,0.0,0.005503292359148968,3.2933802679914113,1.0,0.14035000000000006,0.6673183190215333,0.4224680222864952,0.6828359117027907,0.0881725289683187,0.1832766234706436,0.0,0.4018002127798803,0.14477769637467916,0.28585087371373213,Capital Markets,Financial Services,RJF
2010Q4,2010,Q4,2010-11-24,2010-09-30,69065000.0,747886000.0,0.0,0.38,747886000.0,1.0,17883081000.0,2302816000.0,0.0,0.0,15286213000.0,0.0,1909865000.0,3068862207.75,3115051207.75,12.67145942525415,0.0,0.1671651545950052,1.2981619026444144,0.0,12.67145942525415,0.029991540791795782,4.103382344033716,11.108601345652646,1.3326562815917555,0.1999420835444871,0.0,0.004499713269995382,0.041820869681236696,0.0,0.003862030262011339,-2.966428466377518,1.0,0.1875,0.42119868767805335,0.2213268164241992,0.7066205055494177,0.0006864042452697649,0.13805263071168455,0.0,0.05815086326366358,0.04318273279908693,0.2638306860820859,Capital Markets,Financial Services,RJF
2010Q3,2010,Q3,2010-08-06,2010-06-30,60687000.0,747373000.0,0.0,0.32,747373000.0,1.0,14880179000.0,2219392000.0,0.0,0.0,12414259000.0,0.0,1854610000.0,2953467180.0,2584273180.0,12.368917646140899,0.0,0.03340027025212533,0.22393610502335776,0.0,12.368917646140899,0.027343975286925427,3.9517980713780134,12.166803351623907,1.3307550806707424,0.22744574620594196,0.0,0.004673490226493731,0.050226075909436306,0.0,0.0040783783582173305,51.1334345567867,1.0,0.06666666666666674,0.7310977919802575,0.3987533170393732,0.7191032153864443,0.01761072056358663,0.09094340979362911,0.0,-0.13803396393635045,0.053621468092161895,0.2824321770088276,Capital Markets,Financial Services,RJF
2010Q2,2010,Q2,2010-05-07,2010-03-31,55628000.0,734439000.0,0.0,0.3,734439000.0,1.0,15277150000.0,2159867000.0,0.0,0.0,12881334000.0,0.0,1807726000.0,3189767084.3999996,2751297084.3999996,12.070881675720386,0.0,0.03210782115774212,0.22710472450386993,0.0,12.070881675720386,0.02575528956181098,4.343134126047227,14.335258702452,1.4768349553004883,0.26443517652980514,0.0,0.004611621980783897,0.048074346327685466,0.0,0.0036412550770268015,40.942215718338055,1.0,0.2857161224516034,0.4875548819425627,0.4105029200579982,0.7270205423683856,0.06910375607561935,0.2965993054098781,0.0,-0.09644598869870516,0.13846713227857427,0.30794148705586444,Capital Markets,Financial Services,RJF
2010Q1,2010,Q1,2010-02-09,2009-12-31,42903000.0,686967000.0,0.0,0.233333,686967000.0,1.0,14691995000.0,2093179000.0,0.0,0.0,12375906000.0,0.0,1766808000.0,2823002448.15,2295547448.15,11.74989404668682,0.0,0.033428407782605425,0.23463354065753575,0.0,11.74989404668682,0.020496574827093144,4.1093712625934,16.449912874099713,1.3486674804925904,0.31902197981493136,0.0,0.004848384034866676,0.04675791136601939,0.0,0.002920161625429358,-19.493450041776576,1.0,-0.027779166666666577,0.021830867651652774,0.28677300571414993,0.7460403123084003,0.029691617278066067,-0.0015359910633247224,0.0,-0.3045738701527801,0.09517639778846464,0.31807878693344693,Capital Markets,Financial Services,RJF
2009Q4,2009,Q4,2009-11-27,2009-09-30,42969000.0,667158000.0,0.0,0.24,667158000.0,1.0,18226728000.0,2032463000.0,0.0,0.0,15993589000.0,0.0,1737591000.0,2764802640.0,1886995640.0,11.409069603608307,0.0,0.07836173338407201,0.7027325958701339,0.0,11.409069603608307,0.021141344270473806,4.14414972165514,16.08603085945682,1.3603212653809686,0.31827596639437733,0.0,0.004946465184220166,0.03660327843812669,0.0,0.00235747194998466,-90.80408039936941,1.0,0.0,0.29902400921349637,0.38445120421281914,0.7687349788285267,0.06779620325896808,0.008780373283249208,0.0,-0.1877085996153421,0.11975482586014143,0.3366991268415789,Capital Markets,Financial Services,RJF
2009Q3,2009,Q3,2009-08-10,2009-06-30,42595000.0,624799000.0,0.0,0.24,624799000.0,1.0,17830830000.0,1962108000.0,0.0,0.0,15656955000.0,0.0,1708475000.0,2033820261.15,1692823261.15,11.068752802998892,0.0,0.011123935341203971,0.10108974633404481,0.0,11.068752802998892,0.021708794826788332,3.2551592770635036,11.936965965195446,1.036548579971133,0.3189576241342881,0.0,0.006680039657151392,0.035040376695868895,0.0,0.0023888400035219897,7.813100050901045,1.0,6.200072000720007,0.3435849172725135,0.3260716989145893,0.774518148695594,0.05957938972335233,5.9908091252256686,0.0,-0.27966542942774164,-0.047305118528307155,0.3050297686093035,Capital Markets,Financial Services,RJF
2009Q2,2009,Q2,2009-05-12,2009-03-31,6093000.0,589667000.0,0.0,0.033333,589667000.0,1.0,18117545000.0,1896329000.0,0.0,0.0,16018438000.0,0.0,1679633000.0,2312596830.45,2321933830.45,10.769303722886194,0.0,0.0180228060700277,0.17219005773787144,0.0,10.769303722886194,0.0032130500561875076,3.9218691743814724,94.88744585795175,1.219512452981524,2.217790907598884,0.0,0.005843214788705973,0.032546738534387526,0.0,0.00033630384249080106,-21.439733281880127,1.0,-0.9038472078392232,-0.8681079765667932,0.14420144309935712,0.7627624159246478,-0.11186971151094523,-0.9002668063444257,0.0,-0.9045170540827778,-0.040851684505189244,0.32528933249782904,Capital Markets,Financial Services,RJF
2009Q1,2009,Q1,2009-02-09,2008-12-31,61093000.0,663942000.0,0.0,0.346667,663942000.0,1.0,18282316000.0,1865419000.0,0.0,0.0,16172081000.0,0.0,1687390000.0,1996929750.0,1683545750.0,10.667919079276574,0.0,0.014001070761494332,0.13721957372579566,0.0,10.667919079276574,0.03275028291231085,3.0076870419404105,8.17167985693942,1.0704993087343917,0.21876483394169544,0.0,0.006692774245062952,0.03631607724097975,0.0,0.003341644461237843,7.773754189683161,1.0,0.23809642857142846,1.3644776658282918,0.5039749996739182,0.8297225738664097,-0.0421587933608881,0.24405392196790746,0.0,0.2953931333585304,0.20607804209666125,0.3555781128297353,Capital Markets,Financial Services,RJF
2008Q4,2008,Q4,2008-11-28,2008-09-30,49108000.0,693165000.0,0.0,0.28,693165000.0,1.0,20731859000.0,1883905000.0,0.0,0.0,18610632000.0,0.0,1639662000.0,3844649328.75,2857702328.75,10.773636428622488,0.0,0.11165366308925793,1.2287180086044678,0.0,10.773636428622488,0.026067131835204004,5.546513930665859,19.57241859142095,2.040787263025471,0.26317504276288994,0.0,0.003361554954662652,0.03343477302252538,0.0,0.0023687214928482777,310.10238173495725,1.0,-0.28813498994490666,0.38878738225810594,0.612694072182146,0.9089699243940447,-0.0658455791187347,-0.29783522548542996,0.0,0.05023127393801298,0.17643796956752836,0.4510174583187411,Capital Markets,Financial Services,RJF
2008Q3,2008,Q3,2008-08-11,2008-06-30,69938000.0,742024000.0,0.0,0.393333,742024000.0,1.0,18279188000.0,1847378000.0,0.0,0.0,16192316000.0,0.0,1603478000.0,3051549088.35,2720363088.35,10.650811907788722,0.0,0.022654233875159007,0.22415607417648148,0.0,10.650811907788722,0.03785798033753785,4.112466831733205,10.908051017865825,1.6518271238208966,0.18923904029283078,0.0,0.004337141437615308,0.04059392572580357,0.0,0.003826099933979562,72.83107206257905,1.0,0.18000018000018,1.8026978210619555,0.8535816088095981,0.96204384371163,0.07277424615469136,0.1697273791603947,0.0,1.0638038016428508,0.43664988876548505,0.48031101192338277,Capital Markets,Financial Services,RJF
2008Q2,2008,Q2,2008-05-12,2008-03-31,59790000.0,691687000.0,0.0,0.333333,691687000.0,1.0,18081869000.0,1772269000.0,0.0,0.0,16075314000.0,0.0,1546775000.0,2695829760.0,2242240760.0,10.071541416621203,0.0,0.024246166145767342,0.2473755394920297,0.0,10.071541416621203,0.03373641360312684,3.8974706189360218,11.27207626693427,1.521117708429138,0.22804816859006521,0.0,0.005057811959164662,0.03825306996749064,0.0,0.0033066272076188582,-60.56275155572529,1.0,0.06382985513814382,2.6954851624369733,0.9115118178267245,0.931071585182593,0.00854442884284229,0.06308452757725543,0.0,0.6257824206416798,0.3507724384396026,0.44096838881330147,Capital Markets,Financial Services,RJF
2008Q1,2008,Q1,2008-02-11,2007-12-31,56242000.0,685827000.0,0.0,0.313333,685827000.0,1.0,17097718000.0,1805683000.0,0.0,0.0,15043926000.0,0.0,1500620000.0,3817327615.95,3329054615.95,10.299267345990081,0.0,0.01356999805471116,0.1284920996653344,0.0,10.299267345990081,0.031147216870292295,5.5660211918603375,16.968313786627434,2.114062997741021,0.23749155435439706,0.0,0.0034990447097572232,0.04011219508942655,0.0,0.0032894448253269824,188.91115039095362,1.0,-0.10476285714285716,2.659103820824,0.9426239407524145,0.9694736943685288,-0.008398926603010832,-0.10680197563803262,0.0,0.36109786688883,0.30532268569123583,0.5304764367991025,Capital Markets,Financial Services,RJF
2007Q4,2007,Q4,2007-11-29,2007-09-30,62967000.0,691636000.0,0.0,0.35,691636000.0,1.0,16254168000.0,1757814000.0,0.0,0.0,14266684000.0,0.0,1461898000.0,3965772330.0,3523532330.0,10.02623180842053,0.0,0.01471124206418932,0.1360320261415599,0.0,10.02623180842053,0.03582119609924599,5.73390096813931,15.74543939682691,2.2560818892101215,0.1917988787777725,0.0,0.003045308453196051,0.04255130130314883,0.0,0.0038738986824794724,6.832696709745336,1.0,-0.0789473684210527,1.6824069965336965,0.7617186997999716,0.9607818140122979,0.00432143583190544,-0.07879683408189839,0.0,0.9342480802518714,0.4583567852523002,0.5543552210241575,Capital Markets,Financial Services,RJF
2007Q3,2007,Q3,2007-06-30,2007-06-30,68353000.0,688660000.0,0.0,0.38,688660000.0,1.0,15671201000.0,1680164000.0,0.0,0.0,13749681000.0,0.0,1409498000.0,3588571500.0000005,3510609500.0000005,9.644890285730687,0.0,0.04256476577640731,0.39700945860046993,0.0,9.644890285730687,0.04068233815270414,5.2109480730694395,13.125142641873804,2.1358459650367463,0.18452737992480214,0.0,0.00351476903832068,0.04394430267341986,0.0,0.00436169506089546,-121.35852215082856,1.0,0.14000114000114006,2.1731081197678264,0.7575340427630659,0.914075482986236,0.10058988140043694,0.144653772084066,0.0,1.1939863154920631,0.48730958082684334,0.546247635918828,Capital Markets,Financial Services,RJF
2007Q2,2007,Q2,2007-05-10,2007-03-31,59715000.0,625719000.0,0.0,0.333333,625719000.0,1.0,14165369000.0,1601706000.0,0.0,0.0,12356539000.0,0.0,1353758000.0,3443291520.0,3413172520.0,9.228915662650602,0.0,0.04450000561227879,0.3935547472507439,0.0,9.228915662650602,0.03728212293641904,5.502935854592876,14.415521728208994,2.1497650130548305,0.20050238633509168,0.0,0.0034771961451582237,0.04417244619607156,0.0,0.004215562616123872,25.48698386380459,1.0,0.0,1.9745794295306116,0.6332642498154484,0.8512047961612168,0.03613015399900646,0.0053876588938462835,0.0,0.31148922138173774,0.23188153664144526,0.5106255788186497,Capital Markets,Financial Services,RJF
2007Q1,2007,Q1,2007-02-09,2006-12-31,59395000.0,603900000.0,0.0,0.333333,603900000.0,1.0,12276177000.0,1528897000.0,0.0,0.0,10532106000.0,0.0,1306016000.0,,,,,,,,,,,,,,,,,,,,,,,,,,,,,,,Capital Markets,Financial Services,RJF
