Year,Date,FillingDate,NetIncome,Revenue,OperatingIncome,EPSDiluted,GrossProfit,GrossProfitRatio,TotalAssets,CommonStockEquity,CurrentAssets,CurrentLiability,TotalLiability,Inventory,RetainedEarnings,EnterpriseValue,bookValuePerShare,currentRatio,debtToAssets,debtToEquity,roic,shareholdersEquityPerShare,roe,priceToSalesRatio,peRatio,pbRatio,payoutRatio,inventoryTurnover,dividendYield,assetTurnover,quickRatio,returnOnAssets,priceToFreeCashFlowsRatio,grossProfitMargin,epsdilutedGrowth,fiveYNetIncomeGrowthPerShare,fiveYRevenueGrowthPerShare,fiveYShareholdersEquityGrowthPerShare,grossProfitGrowth,netIncomeGrowth,operatingIncomeGrowth,threeYNetIncomeGrowthPerShare,threeYRevenueGrowthPerShare,threeYShareholdersEquityGrowthPerShare,Industry,Sector,Price,MarketCap,AvgVolume,Symbol
2022,2022-12-31,2023-02-23,194563000.0,9647659000.0,1802594000.0,0.43,6442021000.0,0.6677289278,33664966000.0,-475211000.0,2568445000.0,4039701000.0,34168878000.0,0.0,-654273000.0,28627408400.0,-1.0484661683331715,0.6358007684232075,0.797504741279109,-56.496945567337455,0.028669415148338352,-1.0484661683331715,-0.40942444514121096,0.21610656015101692,10.715924404948526,-4.387361403671211,0.0,0.0,0.0,0.2865786051885512,0.5380648221242117,0.005779390954976755,4.606351920710354,0.6677289278155457,-0.7990654205607477,-0.8034290652895377,0.5885887566313,-1.1328267451672462,-0.03975408125544068,-0.8035334354561345,-0.28599591147523973,1.040374755811688,0.44011901372392603,-1.3050225827848076,Telecom Services,Communication Services,3.18,1445847423,4882765,ATUS
2021,2021-12-31,2022-02-16,990311000.0,10090849000.0,2524627000.0,2.14,6708720000.0,0.6648320672,33215034000.0,-819788000.0,789634000.0,2735119000.0,34085936000.0,264000.0,-848836000.0,34003746980.0,-1.7887155228654779,0.2887018809784876,0.8063814115017917,-32.67184442807165,0.073972703231354,-1.7887155228654779,-1.2080086558964025,0.7348709687361291,7.488023439101454,-9.045597129989705,0.0,12811.094696969696,0.0,0.3038036631243551,0.2217230767655813,0.02981514334743719,4.570784701081077,0.6648320671531206,1.8533333333333335,2.9141698979047046,1.6969957330542575,-1.649603859822934,0.023575722437520978,1.2704025603932294,0.1935139831956768,82.76585505254623,0.6802916066111665,-1.3557452268118204,Telecom Services,Communication Services,3.18,1445847423,4882765,ATUS
2020,2020-12-31,2021-02-12,436183000.0,9894642000.0,2115289000.0,0.75,6554200000.0,0.6623989024,33376660000.0,-1141030000.0,976566000.0,3098103000.0,34579799000.0,51049000.0,-985641000.0,48705972590.0,-1.963714403234106,0.31521418106499366,0.8083422966827717,-23.645097850187987,0.06148565700197549,-1.963714403234106,-0.3822712812108358,2.223893354605452,50.44815728719367,-19.28488172090129,0.0,65.43599286959588,0.0,0.29645392918284813,0.23409970552948045,0.013068503559073916,11.543660002654484,0.6623989023554364,2.5714285714285716,1.664996191138613,1.0859033467195789,-1.7131578161110979,0.01453006045665462,2.139452697644959,0.15981809518639814,-0.6562512639181354,0.2708753359902128,-1.2487765466331597,Telecom Services,Communication Services,3.18,1445847423,4882765,ATUS
2019,2019-12-31,2020-02-14,138936000.0,9760859000.0,1823811000.0,0.21,6460331000.0,0.6618609079,34108122000.0,2269964000.0,1381356000.0,1978479000.0,31828860000.0,262000.0,390766000.0,42042347560.0,3.4373394873285847,0.6981908829964837,0.7238553620747574,10.876536808513263,0.05005008022648548,3.4373394873285847,0.061206257015529765,1.8497243490557542,129.95119018828814,7.953825946138353,0.0,12597.435114503816,0.0,0.2861740379608118,0.5892354682561706,0.0040733992918167705,15.111888498662479,0.6618609079385329,6.0,1.1863748937791387,0.8105241813650891,0.24833097826163505,0.010447902661627408,6.377263314394945,0.08406666987640717,1.1863748937791387,0.8105241813650891,0.24833097826163505,Telecom Services,Communication Services,3.18,1445847423,4882765,ATUS
2018,2018-12-31,2019-03-01,18833000.0,9566608000.0,1682379000.0,0.03,6393532000.0,0.6683175478706769,33613808000.0,3670941000.0,903254000.0,2021191000.0,29933572000.0,0.0,251830000.0,34574872760.0,5.028080176636241,0.44689195627726425,0.6786675285347021,6.214373916660605,-0.07236587478375092,5.028080176636241,0.005130292205731446,1.2607450582275348,640.4212690490097,3.285548244986776,79.64397599957522,0.0,0.12436185343725722,0.28460351769725106,0.3783595909540464,0.0005602757057456864,8.906773400760924,0.6683175478706769,-0.986046511627907,1.0228514338772516,0.6050760013576411,0.8260367556992038,0.016311935545147246,-0.9876101211093721,0.9440837824595787,1.0228514338772516,0.6050760013576411,0.8260367556992038,Telecom Services,Communication Services,3.18,1445847423,4882765,ATUS
2017,2017-12-31,2018-04-30,1520031000.0,9326570000.0,865384000.0,2.15,6290915000.0,0.6745153899021827,34775225000.0,5494301000.0,853560000.0,2492983000.0,29279385000.0,0.0,854824000.0,36432788650.0,7.893486865262084,0.34238500623550183,0.6305888746945563,3.9912028845889584,-0.03603769102375365,7.893486865262084,0.27665593858072207,1.5844246759526814,9.721675182940347,2.6895591723132752,0.6048014810224265,0.0,0.06221165279043016,0.26819582044400864,0.2669292169260681,0.04371017009954645,14.650201106008693,0.6745153899021827,2.9026548672566372,2.9345414872456215,0.6413123204522104,1.8666601645640841,0.5279528555446906,2.826894462940038,0.8826365230406426,2.9345414872456215,0.6413123204522104,1.8666601645640841,Telecom Services,Communication Services,3.18,1445847423,4882765,ATUS
2016,2016-12-31,2016-12-31,-832030000.0,6017212000.0,459666000.0,-1.13,4117218000.0,0.6842401431094667,36474249000.0,2029555000.0,1704919000.0,3704933000.0,34444407000.0,0.0,-975978000.0,47639657990.0,2.7535481752726,0.46017539318524786,0.6584624401725173,11.833590614691397,0.01343361802453009,2.7535481752726,-0.4099568624649246,4.0067604382228845,-28.97675202817206,11.879218345893559,-0.43935795584293835,0.0,0.015162429364608617,0.16497151181920156,0.4318877021527785,-0.022811436090157743,43.14456305206797,0.6842401431094667,0.0,0.0,0.0,0.0,0.0,0.0,0.0,0.0,0.0,0.0,Telecom Services,Communication Services,3.18,1445847423,4882765,ATUS
TTM,,,,,,,,,,,,,,,,26504078423.0,-1.0368452074618528,0.32026160953508453,0.7902851987691539,-53.62025203684888,0.012335586134135991,-1.0368452074618528,-0.057942518390684684,0.15187887725925286,58.831487976563466,-3.0669958997876714,0.0,11661.348148148149,0.0,0.29761483642976366,0.24025350934192607,0.0007683486980667857,18.366964214939024,0.6692594545649356,,,,,,,,,,,Telecom Services,Communication Services,3.18,1445847423,4882765,ATUS
