Quarters,Year,Quarter,FillingDate,Date,NetIncome,Revenue,OperatingIncome,EPSDiluted,GrossProfit,GrossProfitRatio,TotalAssets,CommonStockEquity,CurrentAssets,CurrentLiability,TotalLiability,Inventory,RetainedEarnings,MarketCap,EnterpriseValue,bookValuePerShare,currentRatio,debtToAssets,debtToEquity,roic,shareholdersEquityPerShare,roe,priceToSalesRatio,peRatio,pbRatio,payoutRatio,inventoryTurnover,dividendYield,assetTurnover,quickRatio,returnOnAssets,priceToFreeCashFlowsRatio,grossProfitMargin,epsdilutedGrowth,fiveYNetIncomeGrowthPerShare,fiveYRevenueGrowthPerShare,fiveYShareholdersEquityGrowthPerShare,grossProfitGrowth,netIncomeGrowth,operatingIncomeGrowth,threeYNetIncomeGrowthPerShare,threeYRevenueGrowthPerShare,threeYShareholdersEquityGrowthPerShare,Industry,Sector,Symbol
2023Q1,2023,Q1,2023-05-03,2023-03-31,-5939000.0,41151000.0,1179000.0,-0.12,12704000.0,0.3087166776,593971000.0,370294000.0,198639000.0,26720000.0,202695000.0,30235000.0,290309000.0,295824960.0,248178960.0,7.58550475254015,7.434094311377246,0.0008417919393371056,0.0013502784274117322,0.004179729782843308,7.58550475254015,-0.016038607160796556,7.188767223153751,-12.452641858898803,0.7988921235558772,-0.5753493854184206,0.940863237969241,0.01155074947022726,0.06928116019132247,6.116616766467065,-0.009998804655446142,42.21246575342466,0.3087166776020024,-0.09090909090909087,-1.4159680127726644,0.445319355128514,0.0466106364442093,0.1445045045045045,-0.07981818181818182,-0.50875,-4.105602274423801,0.2720256597271959,0.2533766774261629,Security & Protection Services,Industrials,NL
2022Q4,2022,Q4,2023-03-08,2022-12-31,-5500000.0,40000000.0,2400000.0,-0.11,11100000.0,0.2775,609867000.0,382150000.0,193968000.0,32052000.0,207120000.0,31290000.0,300442000.0,332328000.0,263960000.0,7.83094262295082,6.051666042680644,0.0008198508855209414,0.0013083867591259977,0.005475599360350438,7.83094262295082,-0.014392254350385974,8.3082,-15.105818181818181,0.869627109773649,-0.6212727272727273,0.9236177692553531,0.010282010543800102,0.06558807084167531,4.915075502308748,-0.009018359740730356,24.59684701354452,0.2775,0.35294117647058826,-1.1117617134286966,0.590866921205374,0.13731549298198434,-0.0700402144772118,0.3417903303015797,-0.771210676835081,-1.8730158730158728,0.34984645496574773,0.2549834814420734,Security & Protection Services,Industrials,NL
2022Q3,2022,Q3,2022-11-02,2022-09-30,-8356000.0,42864000.0,10490000.0,-0.17,11936000.0,0.2784621127,583408000.0,363167000.0,186011000.0,32026000.0,199861000.0,33337000.0,309920000.0,377347680.0,249896680.0,7.439507538511963,5.808124648722913,0.0008570331568987741,0.0013767770750095687,0.017300416542691235,7.439507538511963,-0.02300869847755991,8.80337066069429,-11.289722355193874,1.0390472702640934,-2.453685974150311,0.9277379488256292,0.054334506574944354,0.0734717384746181,4.595328795353775,-0.014322738118092313,-223.9452106824926,0.2784621127286301,-1.2741935483870968,-1.4772614175845187,0.5846817564158898,0.460764247233415,-0.12422041235600557,-1.2762131429326986,-0.4341963322545847,-4.426352143597848,0.4413128517058306,0.2047157256702091,Security & Protection Services,Industrials,NL
2022Q2,2022,Q2,2022-08-03,2022-06-30,30252000.0,41675000.0,18540000.0,0.62,13629000.0,0.3270305939,640405000.0,398041000.0,208964000.0,31499000.0,219428000.0,33303000.0,339327000.0,481744829.99999994,330996829.99999994,8.155073859329223,6.633988380583511,0.0007807559278893825,0.0012561520044417536,0.038535199999139715,8.155073859329223,0.07600222087674385,11.559564007198558,3.981099018246727,1.2102894676679035,0.11295120983736612,0.8421463531813951,0.007092966623014928,0.06507600658958003,5.363757579605702,0.0472388566610192,47.54686439005132,0.32703059388122374,0.5897435897435896,-0.26663008158834905,0.38625658273740915,0.7351751526140148,0.12822847682119207,0.5748867718257067,-0.13723300293173252,4.139372838209275,0.23380033051381138,0.296106576440897,Security & Protection Services,Industrials,NL
2022Q1,2022,Q1,2022-05-04,2022-03-31,19209000.0,42050000.0,21489000.0,0.39,12080000.0,0.2872770511,614721000.0,380431000.0,197349000.0,27506000.0,211543000.0,28082000.0,312492000.0,350893570.0,206335570.0,7.795237997664078,7.1747618701374245,0.0008133771255577734,0.0013142987821707485,0.04944848477987169,7.795237997664078,0.050492730613435816,8.344674673008324,4.566786011765319,0.9223579834450926,0.17783330730386798,1.0672316786553664,0.009735145616945901,0.06840501625940874,5.919981095033811,0.031248322409678536,274.5646087636933,0.2872770511296076,0.2580645161290323,1.2959066495004172,0.4013096749759429,1.0276361116914636,0.27345561880666247,0.25295153610332005,0.2503782148260212,0.2614500252056327,0.3466934924531045,0.2659091154605785,Security & Protection Services,Industrials,NL
2021Q4,2021,Q4,2022-03-09,2021-12-31,15331000.0,34082000.0,17186000.0,0.31,9486000.0,0.2783287366,596152000.0,362470000.0,193648000.0,30597000.0,211181000.0,25642000.0,297351000.0,361120000.0,214618000.0,7.42766393442623,6.328986501944635,0.000838712274721883,0.0013794245040968907,0.04183840123337255,7.42766393442623,0.04229591414461886,10.595622322633648,5.888722196856043,0.9962755538389384,0.19105081208009914,0.9592075501130957,0.008110877270713336,0.057169983494142436,5.3146060071248815,0.025716595767522377,65.45586369403661,0.278328736576492,0.4761904761904762,0.5975340938073974,0.29156830850100895,1.033089217662755,-0.13147775132759568,0.48657034810433436,6.524518388791594,4.593997812209668,0.24177290383590994,0.27317189731818947,Security & Protection Services,Industrials,NL
2021Q3,2021,Q3,2021-11-04,2021-09-30,10313000.0,34556000.0,2284000.0,0.21,10922000.0,0.3160666743836092,573043000.0,342895000.0,186716000.0,30128000.0,207659000.0,23536000.0,285359000.0,281105280.0,139409280.0,7.026104952564392,6.197424322889007,0.0008725348708561138,0.001458172326805582,0.006062716838502469,7.026104952564392,0.030076262412691932,8.134774858201181,6.814343062154562,0.8197998804298692,0.2839135072238922,1.0041638341264445,0.010416026337178726,0.06030262999460773,5.2228159851301115,0.017996904246278204,-69.96149328023893,0.3160666743836092,-0.19230769230769237,0.39616142963912543,0.2141711410773987,1.011730524661254,-0.03396426676101185,-0.18776088839883437,-0.20886733633529617,1.669240852580383,0.14896222274768223,0.17189532531535964,Security & Protection Services,Industrials,NL
2021Q2,2021,Q2,2021-08-04,2021-06-30,12697000.0,36253000.0,2887000.0,0.26,11306000.0,0.3118638457506965,575347000.0,336301000.0,186625000.0,27538000.0,216772000.0,19948000.0,277974000.0,317167500.0,172394500.0,6.892120094271954,6.776999055850098,0.0008690407701786922,0.0014867633459311747,0.00750020794232642,6.892120094271954,0.03775486840657625,8.748724243510882,6.244929904701897,0.9431060270412518,0.2306056548791053,1.250601564066573,0.009231715103218331,0.06301067008257626,5.880782918149467,0.022068421317917707,30.18917761279269,0.3118638457506965,-0.03703703703703707,13.996473059915562,0.33477239514124596,1.191615614219997,0.024558223833257817,-0.04224183450252696,-0.2731621349446123,1.297494881603827,0.11774032902222538,0.09903703413398234,Security & Protection Services,Industrials,NL
2021Q1,2021,Q1,2021-05-05,2021-03-31,13257000.0,35924000.0,3972000.0,0.27,11035000.0,0.3071762609954348,559080000.0,324836000.0,175104000.0,24878000.0,212261000.0,18153000.0,268205000.0,363478050.0,229152050.0,6.657976183156039,7.038507918642978,0.0008943263933605209,0.0015392382617690158,0.010340775377074365,6.657976183156039,0.040811363272543685,10.117972664513974,6.854455193482688,1.1189586437463828,0.22078901712302934,1.3710681430066656,0.00805275586792655,0.0642555627101667,6.111182570946218,0.02371216999356085,240.713940397351,0.3071762609954348,2.0000000000000004,6.358705165972839,0.32419492480925877,1.1774535803488186,0.42884889291726014,2.076583894174983,32.94871794871795,-0.0709648624554768,0.2624331397605461,-0.08136519350938919,Security & Protection Services,Industrials,NL
2020Q4,2020,Q4,2021-03-10,2020-12-31,4309000.0,30000000.0,117000.0,0.09,7723000.0,0.25743333333333335,548150000.0,311877000.0,171164000.0,27507000.0,212801000.0,18337000.0,257875000.0,233264000.0,96725000.0,6.390922131147541,6.222561529792417,0.0009121590805436468,0.0016031961318083731,0.0003022767048176408,6.390922131147541,0.01381634426392456,7.7754666666666665,13.53353446275238,0.7479358849802968,0.4530053376653516,1.2148661176855537,0.008368200836820083,0.054729544832618805,5.398407678045588,0.007860986956125148,24.762632696390657,0.25743333333333335,0.12499999999999993,1.7642029646289696,0.1658303968132373,1.0756112556644564,0.053902838427947596,0.11286157024793389,1.37987012987013,-0.9124397776064993,0.19315019090403052,-0.07182377599177735,Security & Protection Services,Industrials,NL
2020Q3,2020,Q3,2020-11-04,2020-09-30,3872000.0,28426000.0,-308000.0,0.08,7328000.0,0.257792162105115,542597000.0,308619000.0,164754000.0,27402000.0,210633000.0,19166000.0,255518000.0,207353250.0,79061250.0,6.3255856852979155,6.012480840814539,0.0009214942213097381,0.0016201206017775964,-0.0007772028113897285,6.3255856852979155,0.012546213940165706,7.294492717934285,13.387993930785123,0.6718745443410807,0.5038739669421488,1.1008035062089117,0.009409064000684822,0.052388789469901234,5.165316400262754,0.007136051249822612,-61.202257969303425,0.257792162105115,-0.11111111111111106,3.0978810936622,0.07034464293187014,0.8837099760780754,-0.005158837903882704,-0.1562431902375245,-23.0,-0.7787244047159192,0.051490582058991964,0.24204315461220458,Security & Protection Services,Industrials,NL
2020Q2,2020,Q2,2020-08-05,2020-06-30,4589000.0,23800000.0,14000.0,0.09,7366000.0,0.3094957983193277,546466000.0,303267000.0,171644000.0,26347000.0,219937000.0,21818000.0,253597000.0,166309110.0,32508110.0,6.218182936581165,6.514745511822978,0.0009149700072831612,0.001648712190907682,6.690718699134063e-05,6.218182936581165,0.015131880488150706,6.987777731092437,9.060204292874264,0.5483917142320134,0.425365003268686,0.7532312769273077,0.01173718024226093,0.043552572346678475,5.543856985615061,0.008397594726844855,20.723876635514017,0.3094957983193277,1.2499999999999998,1.1565277003010836,-0.17840070450449277,0.5093011109116647,-0.2938356821014284,1.4026178010471204,-0.994475138121547,-0.8886666422344119,-0.2077117422110416,0.3230581000343709,Security & Protection Services,Industrials,NL
2020Q1,2020,Q1,2020-05-06,2020-03-31,1910000.0,32311000.0,2534000.0,0.04,10431000.0,0.3228312339450961,539105000.0,295074000.0,172069000.0,26868000.0,220900000.0,18962000.0,250960000.0,145292880.0,12386880.0,6.052055131676101,6.404235521810332,0.0009274631101547936,0.0016944901956797277,-0.028186621924455733,6.052055131676101,0.00647295254749656,4.496700194980038,19.01739267015707,0.4923947213241424,1.0209424083769634,1.1538867208100412,0.01342116695601326,0.05993452110442307,5.550766711329462,0.0035429090807913115,45.03809051456913,0.3228312339450961,-0.6923076923076923,-0.8100836238393545,0.15673953256950454,0.2649664901032885,0.16887046167637831,-0.6968253968253968,-0.14188960379275314,-0.7714920638663603,0.07779700116951695,0.5742130693907407,Security & Protection Services,Industrials,NL
2019Q4,2019,Q4,2020-03-11,2019-12-31,6300000.0,29633000.0,2953000.0,0.13,8924000.0,0.3011507441028583,557492000.0,304506000.0,164684000.0,29808000.0,230279000.0,18348000.0,251000000.0,190808000.0,61578000.0,6.239877049180328,5.524825550187869,0.000896873856485833,0.001642003770040656,0.010232291313485315,6.239877049180328,0.020689247502512265,6.439037559477609,7.571746031746032,0.6266149107078349,0.0,1.1286788750817527,0.0,0.053154125978489376,4.77187332259796,0.011300610591721496,20.472961373390557,0.3011507441028583,5.333333333333334,0.16795284486985448,0.195129188463638,0.28208357154644714,-0.05825242718446602,5.0962288686605985,-0.49165088655534517,-0.34352196262562107,0.12296941745820077,0.707969943205272,Security & Protection Services,Industrials,NL
2019Q3,2019,Q3,2019-11-07,2019-09-30,-1538000.0,29703000.0,5809000.0,-0.03,9476000.0,0.31902501430831903,555348000.0,301084000.0,146752000.0,30357000.0,231887000.0,18826000.0,244700000.0,183322560.0,74403560.0,6.175322011649849,4.834206278617781,0.0009003363656662129,0.0016606661263966203,0.005853565363270079,6.175322011649849,-0.005108209004796004,6.1718533481466515,-29.798855656697008,0.6088751311926239,0.0,1.0744183575905661,0.0,0.053485382138767044,4.080245083506275,-0.002769434660789271,-74.76450244698205,0.31902501430831903,-1.25,-1.1105693157900465,0.12033117270886673,0.14158582210220577,-0.13374165828686352,-1.2616536236815243,1.4506943905655987,-1.208413287876374,0.044660580680365165,0.7681323968715208,Security & Protection Services,Industrials,NL
2019Q2,2019,Q2,2019-08-07,2019-06-30,5878000.0,33730000.0,-12889000.0,0.12,10939000.0,0.3243107026386007,590835000.0,306671000.0,165665000.0,42989000.0,262209000.0,17830000.0,246238000.0,196909600.0,68827600.0,6.291977841608535,3.853660238665705,0.0008462599541327105,0.0016304117441818756,-0.03808770430084345,6.291977841608535,0.01916712046460213,5.837817966202194,8.374855392990813,0.6420874487643109,0.0,1.278238923163208,0.0,0.05708869650579265,3.344274116634488,0.009948632020784144,12.238011187072717,0.3243107026386007,-0.6129032258064516,0.07331433408442466,0.2553008948261383,0.19100938244124296,0.1366375727348296,-0.6133912128387267,-6.118745035742653,5.9503614639203795,0.24328130685429827,1.0007772199814167,Security & Protection Services,Industrials,NL
2019Q1,2019,Q1,2019-05-09,2019-03-31,15204000.0,31176000.0,2518000.0,0.31,9624000.0,0.3086989992301771,560797000.0,300052000.0,165746000.0,77043000.0,240897000.0,18510000.0,240360000.0,187598950.0,76737950.0,6.157818047489072,2.1513440546188494,0.0008915882217629552,0.001666377827843174,0.0072046337784356365,6.157818047489072,0.05067121698905523,6.017415640236079,3.084697283609576,0.6252214616133204,0.0,1.1643435980551053,0.0,0.055592308803363785,1.846696000934543,0.02711141464736794,143.09607170099162,0.3086989992301771,4.166666666666667,3.0445972625495177,0.20794732918769018,0.08963404094769735,0.21239606953892667,4.559049360146252,4.46831955922865,7.153535502346609,0.15064105875194653,1.013879681420814,Security & Protection Services,Industrials,NL
2018Q4,2018,Q4,2019-03-11,2018-12-31,2735000.0,27390000.0,-726000.0,0.06,7938000.0,0.28981380065717416,547242000.0,284115000.0,166644000.0,81323000.0,243684000.0,17102000.0,225156000.0,170937000.0,55178000.0,5.833983572895277,2.0491619836946495,0.0009136725616820347,0.0017598507646551572,-0.002506134390283175,5.833983572895277,0.00962638368266371,6.240854326396495,15.624954296160878,0.6016472203157173,0.0,1.1374108291427902,0.0,0.050050982928941855,1.7767544237177675,0.004997788912400729,-27.1414734836456,0.28981380065717416,1.1875,1.0828285887341005,0.22583243823845314,-0.2005318250886376,-0.17278032513547312,1.1777590016898478,-1.2085008615738082,1.4860494046561221,0.06658878504672887,0.8947315771923974,Security & Protection Services,Industrials,NL
2018Q3,2018,Q3,2018-11-07,2018-09-30,-15386000.0,30029000.0,3482000.0,-0.32,9596000.0,0.3195577608311965,569959000.0,292143000.0,174362000.0,95291000.0,258639000.0,17159000.0,222421000.0,306492830.0,183964830.0,5.995505571859544,1.8297845546798752,0.0008772560833323099,0.0017114906056280657,0.008414353056918355,5.995505571859544,-0.05266598891638684,10.206561324053416,-4.980060282074613,1.0491191984747195,0.0,1.1908036598869398,0.0,0.05268624585277187,1.594033014660356,-0.02699492419630184,37.56039583333333,0.3195577608311965,0.632183908045977,-1.587418309900712,0.23905727941109187,-0.2835409406831761,-0.14580737048246395,0.6389534201572217,1.0574350515463917,-17.30429313568415,0.13214225774717425,0.7854146982140844,Security & Protection Services,Industrials,NL
2018Q2,2018,Q2,2018-08-07,2018-06-30,-42615000.0,32385000.0,-60625000.0,-0.87,11234000.0,0.34688899181719934,591079000.0,305532000.0,161181000.0,90889000.0,266800000.0,16579000.0,237807000.0,423872699.99999994,313232699.99999994,6.271053549803986,1.773382917624795,0.0008459106143172063,0.0016364897948496393,-0.15238644430203305,6.271053549803986,-0.13947802521503475,13.088550254747567,-2.4866402675114396,1.3873266957307253,0.0,1.2757705531093553,0.0,0.054789630489325454,1.54274994773845,-0.07209696165825549,38.89810957144167,0.34688899181719934,-4.0,-1.9864094206764487,0.3458032715474083,-0.14038954075436735,0.18215300431442702,-3.9909460976979223,-20.667262330235882,-0.4550606853584273,0.1191092086041614,0.5221340680770674,Security & Protection Services,Industrials,NL
2018Q1,2018,Q1,2018-05-08,2018-03-31,14248000.0,28413000.0,-2798000.0,0.29,9503000.0,0.3344595783620174,574869000.0,353071000.0,136320000.0,29738000.0,203638000.0,16328000.0,280421000.0,382412750.0,282964750.0,7.247685517807657,4.5840338960252875,0.0008697633721769655,0.0014161457610508935,-0.006454806796294063,7.247685517807657,0.04035448960690626,13.459076831028051,6.709937359629421,1.08310438976863,0.0,1.1581332680058796,0.0,0.04942517338732824,3.8581949021454034,0.02478477705355481,318.9430775646372,0.3344595783620174,-0.71,7.720748854629125,0.323179533045558,-0.10853484616174856,0.2783158461124563,-0.7098816965649244,-7.556574923547401,0.4179088575187334,0.018046538869203044,0.5148704219246778,Security & Protection Services,Industrials,NL
2017Q4,2017,Q4,2018-03-12,2017-12-31,49111000.0,25092000.0,-327000.0,1.0,7434000.0,0.2962697274031564,551616000.0,335322000.0,130667000.0,19584000.0,198538000.0,15382000.0,220104000.0,693975000.0,596159000.0,6.885462012320328,6.672130310457517,0.000906427659821325,0.001491104073099886,-0.0032008260426536943,6.885462012320328,0.14645922426801702,27.657221425155427,3.532686159923439,2.069577898258987,0.0,1.147965154076193,0.0,0.045488165680473376,5.655279820261438,0.08903113760297018,251.07633863965268,0.2962697274031564,1.777777777777778,1.8034351046908896,1.9272650105266227,-0.1059361266821817,-0.09319346181995608,1.8108402014652014,-1.380232558139535,8.123351291101615,0.014064015518913661,0.4147294343984947,Security & Protection Services,Industrials,NL
2017Q3,2017,Q3,2017-11-08,2017-09-30,17472000.0,26993000.0,860000.0,0.36,8198000.0,0.303708368836365,481017000.0,248100000.0,129290000.0,26964000.0,215633000.0,15313000.0,170993000.0,445742250.0,349599250.0,5.092887201067433,4.794911734164071,0.0010394643016774874,0.002015316404675534,0.0025375764546854292,5.092887201067433,0.07042321644498187,16.51325343607602,6.3779511504120885,1.7966233373639662,0.0,1.227388493436949,0.0,0.05611651979036084,4.050178015131286,0.036323040557818126,99.23024265360641,0.303708368836365,-0.5764705882352941,0.7443291451090468,-0.27330877438612095,-0.3476771379390408,-0.1377787126630206,-0.5755823839483081,-0.3158313444709626,0.25714759594455316,0.01897287001275585,-0.058515845597003784,Security & Protection Services,Industrials,NL
2017Q2,2017,Q2,2017-08-08,2017-06-30,41167000.0,30002000.0,1257000.0,0.85,9508000.0,0.31691220585294316,457097000.0,228930000.0,121880000.0,26874000.0,211127000.0,15317000.0,153521000.0,343405500.0,253842500.0,4.699856292342435,4.535238520503088,0.0010938597278039453,0.002184073734329271,0.0036832847284850243,4.699856292342435,0.17982352684226618,11.446086927538165,2.0854416158573614,1.5000458655484208,0.0,1.3379904681073318,0.0,0.06563595910714794,3.8117139242390414,0.09006184682901003,47.45136106121321,0.31691220585294316,3.9999999999999996,0.5835603754551959,-0.20275283166376595,-0.37821272285526375,-0.01827568404749613,3.930179640718563,2.361863488624052,6.52166457468176,0.11724674798110689,-0.11036353254633488,Security & Protection Services,Industrials,NL
2017Q1,2017,Q1,2017-05-08,2017-03-31,8350000.0,29948000.0,-923000.0,0.17,9685000.0,0.3233938827300655,396081000.0,187250000.0,126180000.0,27104000.0,192152000.0,15347000.0,112354000.0,314153700.0,221244700.0,3.844495544696752,4.655401416765053,0.0012623680509794713,0.0026702269692923898,-0.003937023310235228,3.844495544696752,0.04459279038718291,10.489972619206625,9.405799401197605,1.6777233644859815,0.0,1.3203231902000392,0.0,0.07561079678146641,3.9326667650531286,0.021081546451357173,235.3211235955056,0.3233938827300655,-0.15,-0.6036567904276057,-0.1578745190163577,-0.5420427722227111,0.06698248319929492,-0.12811945285580034,-2.518092105263158,1.2222407517744311,0.16086746312594857,-0.31971143293499943,Security & Protection Services,Industrials,NL
2016Q4,2016,Q4,2017-03-10,2016-12-31,9577000.0,26334000.0,608000.0,0.2,9077000.0,0.34468747626642365,384992000.0,177920000.0,123499000.0,30743000.0,190722000.0,14974000.0,104004000.0,396905000.0,304243000.0,3.653388090349076,4.017142113651889,0.0012987282852630704,0.002810251798561151,0.004122459269585123,3.653388090349076,0.053827562949640285,15.07196020353915,10.360890675576904,2.2308059802158273,0.0,1.1524642714037665,0.0,0.06840142132823539,3.374686920599811,0.02487584157592885,44.307323063183745,0.34468747626642365,0.3333333333333335,-0.519036847774251,-0.20453468413329387,-0.5715821855495276,-0.034258963719544636,0.2991047205642973,102.33333333333333,1.2900363416111447,0.17857142857142858,-0.49935280544768984,Security & Protection Services,Industrials,NL
2016Q3,2016,Q3,2016-11-07,2016-09-30,7372000.0,28404000.0,-6000.0,0.15,9399000.0,0.33090409801436416,379857000.0,170109000.0,133107000.0,28839000.0,193688000.0,14638000.0,94427000.0,191414580.0,90419580.0,3.492567650802776,4.615520649120982,0.0,0.0,-3.801484146439439e-05,3.492567650802776,0.043336919269409614,6.739000844951415,6.491270347259903,1.1252466359804596,0.0,1.2983331056155212,0.0,0.07477550762523792,3.962585387842852,0.019407303274653356,19.68475730152201,0.33090409801436416,6.5,-0.733847956791935,-0.20587296893020526,-0.567855894371064,0.10758897006834786,7.724260355029585,-1.0096618357487923,2.2402620491726557,0.17251181295628668,-0.5826404122716163,Security & Protection Services,Industrials,NL
2016Q2,2016,Q2,2016-08-05,2016-06-30,845000.0,27107000.0,621000.0,0.02,8486000.0,0.3130556682775667,353981000.0,153147000.0,133847000.0,24232000.0,185079000.0,14124000.0,87055000.0,125156429.99999999,23100429.999999985,3.1447668329945175,5.523563882469462,0.0,0.0,0.003159859983695906,3.1447668329945175,0.005517574617850823,4.617125834655255,37.028529585798815,0.8172306999157671,0.0,1.31839422259983,0.0,0.07657755642251986,4.734978540772532,0.0023871337727166147,18.107122395833333,0.3130556682775667,1.4000000000000001,-0.9500551243285267,-0.23079490867627792,-0.5837734447794858,0.034247410115783056,1.3422438234102876,1.2815049864007253,1.0592433643214036,0.1269776008361384,-0.5689281808771435,Security & Protection Services,Industrials,NL
2016Q1,2016,Q1,2016-05-06,2016-03-31,-2469000.0,27075000.0,-2206000.0,-0.05,8205000.0,0.3030470914127424,347649000.0,148885000.0,127038000.0,23711000.0,183257000.0,14419000.0,86210000.0,110043919.99999999,14813919.999999985,3.05768914811468,5.3577664375184515,0.0,0.0,-0.010761056118210969,3.05768914811468,-0.016583268965980454,4.064410710987996,-11.142559740785742,0.7391202606038217,0.0,1.3086899230182398,0.0,0.07788027579541434,4.5274766985787185,-0.007101990801066593,-99.94906448683014,0.3030470914127424,0.5454545454545454,-1.1436924864455913,-0.22217172359263088,-0.4738575699635223,0.08560465731675046,0.561222676381731,0.15088529638183218,-0.16517174264597578,0.26146510689142727,-0.6239043043305036,Security & Protection Services,Industrials,NL
2015Q4,2015,Q4,2016-03-10,2015-12-31,-5627000.0,25680000.0,-2598000.0,-0.11,7558000.0,0.2943146417445483,349323000.0,149950000.0,124764000.0,24008000.0,184072000.0,15098000.0,88679000.0,148048000.0,51586000.0,3.0790554414784395,5.196767744085305,0.0,0.0,-0.011044237557210953,3.0790554414784395,-0.03752584194731577,5.765109034267913,-6.577572418695575,0.9873157719239747,0.0,1.200291429328388,0.0,0.07351362492592815,4.39182772409197,-0.01610830091348122,18.32050488800891,0.2943146417445483,-6.5,-1.0988010916176636,-0.2067847904515548,-0.4078257312065155,-0.06898250800689826,-6.967126193001061,-3.7006237006237006,-1.321209695060081,1.9489943197163906,-0.6001906292936137,Security & Protection Services,Industrials,NL
2015Q3,2015,Q3,2015-11-06,2015-09-30,943000.0,26505000.0,962000.0,0.02,8118000.0,0.3062818336162988,370230000.0,163510000.0,125279000.0,22011000.0,191553000.0,15448000.0,94306000.0,145589080.0,57197080.0,3.3580464963443686,5.691654172913543,0.0,0.0,-0.0031048658868595776,3.3580464963443686,0.0057672313619962084,5.492891152612715,38.597317073170736,0.8903986300532079,0.0,1.1902511651993786,0.0,0.0715906328498501,4.594384625868884,0.0025470653377630123,29.281794046661304,0.3062818336162988,1.0333333333333334,-0.9180616609645261,-0.2593382505826397,-0.16423496807839297,-0.11375545851528385,1.0322205897427137,1.8745454545454545,-0.9058104759183154,-0.28610939958099346,-0.5698843475327678,Security & Protection Services,Industrials,NL
2015Q2,2015,Q2,2015-08-07,2015-06-30,-29267000.0,28918000.0,-1100000.0,-0.6,9160000.0,0.31675772875025937,435012000.0,200586000.0,122613000.0,25146000.0,219470000.0,16118000.0,93363000.0,360770670.0,277615670.0,4.119908805225214,4.876043903602959,0.0,0.0,-0.0032077567365625475,4.119908805225214,-0.14590749105121992,12.475643889618922,-3.0817189155021016,1.798583500343992,0.0,1.2258344707780122,0.0,0.06647632708982741,3.879265091863517,-0.06727860380863057,34.00289066918002,0.31675772875025937,-3.857142857142857,-7.813597049187658,-0.16002301641668606,0.2582098300667073,0.06934391781461592,-3.9144592710615416,-1.3661784287616512,-2.1263379803372837,-0.23119509292258225,-0.45493931755755024,Security & Protection Services,Industrials,NL
2015Q1,2015,Q1,2015-05-08,2015-03-31,10042000.0,27891000.0,3004000.0,0.21,8566000.0,0.30712416191603026,482313000.0,232917000.0,111278000.0,20153000.0,234735000.0,16824000.0,122630000.0,377293250.0,304091250.0,4.784360043547029,5.521659306306753,0.0,0.0,0.014990160166284842,4.784360043547029,0.04311407067753749,13.527419239181098,9.392881149173471,1.6198613669246986,0.0,1.1486566809320018,0.0,0.057827593284858585,4.249640252071652,0.020820504527143163,2602.0224137931036,0.30712416191603026,0.9090909090909091,5.36975696714197,-0.15079997500003747,0.2566709163150642,0.10614669421487603,0.8655025078952258,8.643765903307887,-0.5231186975505385,-0.21534598545583147,-0.43008588857551877,Security & Protection Services,Industrials,NL
2014Q4,2014,Q4,2015-03-12,2014-12-31,5383000.0,24744000.0,-393000.0,0.11,7744000.0,0.31296475913352734,500758000.0,237022000.0,108033000.0,24627000.0,249308000.0,16863000.0,112588000.0,418820000.0,346260000.0,4.866981519507187,4.386770617614813,0.0,0.0,-0.0015586117242134263,4.866981519507187,0.02271097197728481,16.926123504688004,19.451049600594462,1.767008969631511,0.0,1.0081242957955288,0.0,0.04941308975593001,3.322207333414545,0.010749703449570451,9740.0,0.31296475913352734,-0.6206896551724138,7.051729979466119,-0.14816591636346868,0.35519751847266046,-0.048882338491771066,-0.6124271005831954,-1.049248120300752,-0.7296622482582011,-0.252563462603259,-0.429269069150855,Security & Protection Services,Industrials,NL
2014Q3,2014,Q3,2014-11-07,2014-09-30,13889000.0,26473000.0,7980000.0,0.29,8142000.0,0.30755864465682015,540347000.0,263347000.0,108355000.0,32209000.0,262717000.0,15082000.0,107205000.0,358306880.0,285803880.0,5.409424234332313,3.364121829302369,0.0,0.0,0.023897972634328822,5.409424234332313,0.05274030081983087,13.5348045178106,6.449472244222046,1.3605884251576819,0.0,1.2154223577774832,0.0,0.048992591797493094,2.633208109534602,0.025703853264661413,23.277261092704475,0.30755864465682015,1.6363636363636362,3.44511028174422,-0.10120732415792388,0.5302955741998999,-0.054684778822709855,1.5381944444444444,2.703308431163287,-0.49832716243505154,-0.25951073609291847,-0.33067844879806013,Security & Protection Services,Industrials,NL
2014Q2,2014,Q2,2014-08-07,2014-06-30,5472000.0,26848000.0,-4685000.0,0.11,8613000.0,0.3208060190703218,534129000.0,257277000.0,94244000.0,27046000.0,262778000.0,15875000.0,93316000.0,452422999.99999994,394479999.99999994,5.282895277207392,3.484581823559861,0.0,0.0,-0.018610621408900005,5.282895277207392,0.02126890472137035,16.851273837902262,20.669910453216374,1.7585054241148643,0.0,1.1486614173228347,0.0,0.05026501088688313,2.6178362789321894,0.010244716164072723,85.18602899642251,0.3208060190703218,0.375,3.547469735511355,-0.08349012349051672,0.6443905902716621,0.11149825783972125,0.45725699067909453,-72.203125,-0.6765766298244578,-0.2381600976135751,-0.3007808147324766,Security & Protection Services,Industrials,NL
2014Q1,2014,Q1,2014-05-08,2014-03-31,3755000.0,25781000.0,-64000.0,0.08,7749000.0,0.30057018734727126,559700000.0,275070000.0,88565000.0,18935000.0,270818000.0,15131000.0,87844000.0,527626160.0,475053160.0,5.651271726178247,4.677317137575917,0.0,0.0,-0.00018756652801145857,5.651271726178247,0.013651070636565238,20.465697994647222,35.1282396804261,1.9181523248627623,0.0,1.1917255964576037,0.0,0.04606217616580311,3.4701346712437284,0.006708951223869931,-9955.210566037736,0.30057018734727126,1.1176470588235294,1.3165959211782932,-0.09598033455903458,0.6777827839890728,0.2051321928460342,1.1137189582071472,0.9987818804720213,-0.7813832232566862,-0.2590727013780978,-0.027574846631746242,Security & Protection Services,Industrials,NL
2013Q4,2013,Q4,2014-03-12,2013-12-31,-33020000.0,22344000.0,-52540000.0,-0.68,6430000.0,0.2877730039384175,685825000.0,355380000.0,84414000.0,19070000.0,316830000.0,13235000.0,84089000.0,544466000.0,491857000.0,7.2973305954825465,4.426533822758259,0.0,0.0,-0.09534365841705827,7.2973305954825465,-0.09291462659688221,24.367436448263515,-4.122244094488189,1.5320670831222916,-0.18425196850393702,1.2024178315073668,0.01117425146841125,0.032579739729522834,3.316255899318301,-0.04814639303029199,82.59496359223301,0.2877730039384175,-4.666666666666667,-1.9089632366842706,-0.4032105790290631,0.8828696651251977,-0.14426404045781208,-4.558922558922559,-117.60045146726863,-1.5797782202266306,-0.30982863543027805,0.4034470933232979,Security & Protection Services,Industrials,NL
2013Q3,2013,Q3,2013-11-06,2013-09-30,-5940000.0,24209000.0,-443000.0,-0.12,7514000.0,0.31038043702755175,719253000.0,407316000.0,88478000.0,22402000.0,298417000.0,12926000.0,123193000.0,552449900.0,500274900.0,8.368245880757694,3.9495580751718595,0.0,0.0,-0.0007001882338369427,8.368245880757694,-0.014583271955926111,22.82002147961502,-23.251258417508417,1.3563176992801658,-1.0242424242424242,1.2915828562587033,0.011012763329308232,0.03365853183789293,2.9947772520310685,-0.008258568264574497,149.47237554112553,0.31038043702755175,0.5862068965517241,0.12070463015722546,-0.449504720431932,0.8891575034673939,-0.012614980289093298,0.58330410382322,0.9643374657865078,-1.516324203772332,-0.32324802158388766,1.082724969196521,Security & Protection Services,Industrials,NL
2013Q2,2013,Q2,2013-08-07,2013-06-30,-14255000.0,24039000.0,-12422000.0,-0.29,7610000.0,0.3165689088564416,653287000.0,355066000.0,107191000.0,20152000.0,284875000.0,12257000.0,135217000.0,551929140.0,498174140.0,7.295227137309691,5.319124652639936,0.027522360004102332,0.05063847284730163,-0.021176988213092957,7.295227137309691,-0.04014746554161761,22.95973792587046,-9.679571027709574,1.5544409771704415,-0.4268677656962469,1.3403769274700172,0.011024965994728962,0.03679699733807653,4.248610559745931,-0.02182042501993764,138.91999496602065,0.3165689088564416,-6.249999999999999,-4.589594135967562,-0.4508679649910208,0.3428519151116649,0.26411960132890366,-5.730406043437205,-3.3540133193130037,-4.319771603821653,-0.30151308351124106,1.2279440955321568,Security & Protection Services,Industrials,NL
2013Q1,2013,Q1,2013-05-08,2013-03-31,-2118000.0,21453000.0,-2853000.0,-0.04,6020000.0,0.2806134340185522,700531000.0,395683000.0,107511000.0,19973000.0,291665000.0,11890000.0,155557000.0,591815040.0,537452040.0,8.130082804249112,5.382816802683623,0.026023116750008207,0.04607223459183235,-0.0009396643111413927,8.130082804249112,-0.005352769767718098,27.586586491399803,-69.85541076487253,1.495679723414956,-2.87204910292729,1.29798149705635,0.010278549189963135,0.03062391243214076,4.261903569819256,-0.0030234208050750073,-204.28548153261994,0.2806134340185522,-1.1111989489918317,-6.291893374030484,-0.4713953882763914,0.5480289326962102,2.1286089238845145,-1.1209801793568286,-1.4686268068331143,0.07809125992750561,-0.34663050276406726,1.13546608414498,Security & Protection Services,Industrials,NL
2012Q4,2012,Q4,2013-03-12,2012-12-31,17507000.0,-27043000.0,6088000.0,0.35971563007253077,-5334000.0,-0.19724143031468402,680782000.0,374815000.0,112653000.0,24785000.0,292699000.0,11223000.0,163758000.0,557260050.0,497753050.0,7.701308841356921,4.545208795642526,0.027145253546656638,0.04930432346624335,0.016797426630165275,7.701308841356921,0.046708376132225234,-20.606443441925823,7.957674787227965,1.4867602683990768,0.34746101559376247,-1.9343312839704179,0.01091590900872941,-0.03972343569600841,3.6326810570909824,0.025716014818253127,77.46178065054212,0.19724143031468402,0.712931571773956,0.737505158696264,-1.635089966576059,0.5183760548044546,-1.5248966738830938,0.74947536724293,45.47328244274809,20.69443074647106,-1.931572184437055,1.1444081077701016,Security & Protection Services,Industrials,NL
2012Q3,2012,Q3,2012-11-06,2012-09-30,10007000.0,37110000.0,131000.0,0.21,10162000.0,0.27383454594448936,703653000.0,379974000.0,60742000.0,40698000.0,312325000.0,19253000.0,152334000.0,550446390.0,574879390.0,7.807310608395488,1.4925057742395205,0.047203664306128164,0.08741387568623116,0.00024457444069242597,7.807310608395488,0.026336012464010697,14.832831851253031,13.751533676426503,1.4486422492065247,0.6079744179074648,1.3996779722640627,0.01105284748983457,0.05273906314618143,0.6629318394024276,0.014221498380593844,139.2477586643056,0.27383454594448936,-0.6037735849056605,1.6233960046127804,-0.20129152001577877,0.4024666440538903,0.013665835411471322,-0.6147152812536095,1.1284313725490196,2.2036153956791322,0.26029504715097684,1.2086440909188974,Security & Protection Services,Industrials,NL
2012Q2,2012,Q2,2012-08-09,2012-06-30,25973000.0,37598000.0,-1020000.0,0.53,10025000.0,0.2666365232193202,683538000.0,367848000.0,57327000.0,36977000.0,304591000.0,19210000.0,148411000.0,606865020.0,627411020.0,7.558624090740969,1.550342104551478,0.04100137812382047,0.07618907809747505,-0.0019635946847601526,7.558624090740969,0.07060796850873187,16.140885685408797,5.84130654910869,1.6497711554772623,0.23420475108766797,1.4353461738677773,0.010023645785351082,0.05500498874971106,0.6947291559618141,0.03799788746199919,150.88637991049228,0.2666365232193202,0.2325581395348838,17.948957627407733,-0.1700344482849564,0.3987035599027062,0.05815917247202871,0.23393035298589007,0.9159317563669331,13.100083559593845,0.28437919843565257,1.3527497097738148,Security & Protection Services,Industrials,NL
2012Q1,2012,Q1,2012-05-09,2012-03-31,21049000.0,35531000.0,-12133000.0,0.43,9474000.0,0.26664039852523147,758920000.0,408520000.0,53825000.0,44056000.0,339279000.0,19661000.0,128521000.0,725078700.0,758848700.0,8.394879066231017,1.2217405120755402,0.05103699994729352,0.09481298345246254,-0.01929644609371862,8.394879066231017,0.05152501713502399,20.406931974895162,8.611795097154259,1.7748915597767554,0.28899235118057864,1.3253140735466151,0.008389434140045764,0.0468178464133242,0.48722080987833666,0.027735466188794602,-418.3950952106174,0.26664039852523147,0.05167060360858424,2.6447613485682417,-0.18544283924594343,0.5551549319481309,0.1628820424696207,0.057898175604362466,-1.528993721660272,2.775108897783351,0.2461884117443147,1.492321065672363,Security & Protection Services,Industrials,NL
2011Q4,2011,Q4,2012-03-06,2011-12-31,19897000.0,33080000.0,22936000.0,0.4088732712738631,8147000.0,0.24628174123337365,761242000.0,414980000.0,58304000.0,40806000.0,335250000.0,19578000.0,113555000.0,631159110.0,656792110.0,8.52762879395023,1.4288094888006666,0.048979168253984934,0.08984770350378332,0.040040970787031595,8.52762879395023,0.04794688900669912,19.079779625151147,7.930330074885662,1.5209386235481228,0.3057244810775494,1.2735212994177139,0.00963782333744656,0.04345530067967873,0.6570602362397686,0.02613754890034969,27.690918703110604,0.24628174123337365,-0.282678471449363,0.45909047066558306,-0.2517352646808674,0.66721676451385,-0.045348019685962034,-0.28102189781021897,8.048555623847573,-0.4518657601795031,-0.11578927905400638,1.2003133010743512,Security & Protection Services,Industrials,NL
2011Q3,2011,Q3,2011-11-03,2011-09-30,27674000.0,35736000.0,-3254000.0,0.57,8534000.0,0.23880680546227895,756657000.0,393292000.0,96133000.0,57938000.0,352381000.0,19982000.0,99741000.0,609747390.0,666752390.0,8.081951379898486,1.6592391867168352,0.09412719369542606,0.18109191135339645,-0.004952314938406092,8.081951379898486,0.07036502140902942,17.06255288784419,5.508305539495555,1.5503681488563203,0.21980920719809208,1.361325192673406,0.009976262465018508,0.047228797196087524,1.075667092409127,0.03657403552732612,397.2295700325733,0.23880680546227895,0.6285714285714286,7.7907522125728565,-0.2692991381140312,0.6794549881925399,-0.13237088247254983,0.6356758673680477,0.6396456256921373,5.097495041120847,-0.18720532985672353,0.824525630526938,Security & Protection Services,Industrials,NL
2011Q2,2011,Q2,2011-08-03,2011-06-30,16919000.0,35241000.0,-9030000.0,0.35,9836000.0,0.27910672228370365,709178000.0,367949000.0,79015000.0,44074000.0,329910000.0,20656000.0,78150000.0,894132000.0,943858000.0,7.555420944558522,1.7927803240005444,0.079994021247134,0.1541789758906805,-0.01966847093122117,7.555420944558522,0.04598191597205047,25.37192474674385,13.211951060937407,2.4300432940434677,0.3595366156392222,1.2299089852827265,0.0068032460531554624,0.04969274286568393,0.9468847846803103,0.02385719805182902,230.14980694980696,0.27910672228370365,0.0,4.899335413046912,-0.2991382776675546,0.5252928262969975,0.13317972350230414,-0.014446321430651832,-2.5792235047219307,3.2578869264172394,-0.1954557889214009,0.39074648313372906,Security & Protection Services,Industrials,NL
2011Q1,2011,Q1,2011-05-04,2011-03-31,17167000.0,34777000.0,5718000.0,0.35,8680000.0,0.2495902464272364,571873000.0,282719000.0,76660000.0,38277000.0,277891000.0,19434000.0,67314000.0,722422800.0,768708800.0,5.811523598092419,2.002769287039214,0.09788886693374228,0.19800579373865923,0.012360790302689053,5.811523598092419,0.06072106933032446,20.773005147079967,10.52051610648337,2.5552679515702867,0.3542843828275179,1.3428527323247916,0.008418892648460154,0.060812453114590125,1.0823732267419077,0.030018902798348585,43.14259779038519,0.2495902464272364,-0.7007171482809534,1.6393046413334758,-0.26181215754977405,0.2924580652132556,0.04101703046294075,-0.6982528299233636,2.9602331162152895,60.12840900713925,-0.14272045224286226,0.1065578161383497,Security & Protection Services,Industrials,NL
2010Q4,2010,Q4,2011-03-07,2010-12-31,56892000.0,32340000.0,-2917000.0,1.1694622594967934,8338000.0,0.2578231292517007,553725000.0,252949000.0,81979000.0,45234000.0,289870000.0,18424000.0,56229000.0,542911680.0,601980680.0,5.199576549909555,1.8123314321085908,0.13459749875840896,0.2946443749530538,-0.0057821693631334384,5.199576549909555,0.2249149037948361,16.787621521335808,2.3857118751318285,2.146328627509893,0.12107150390213035,1.3027572731220147,0.012687146461833351,0.058404442638493835,1.0419816951850378,0.10274414194771773,55.95873840445269,0.2578231292517007,3.8727594145699724,8.921837125776166,-0.30785982719977134,0.1494206898756281,-0.1402351000206228,3.949712893683661,-1.5696153095098613,4.648758460583318,-0.24018505503361398,0.02513906287056452,Security & Protection Services,Industrials,NL
2010Q3,2010,Q3,2010-11-01,2010-09-30,11494000.0,35740000.0,5121000.0,0.24,9698000.0,0.27134862898712925,459924000.0,195392000.0,62716000.0,40414000.0,253675000.0,18033000.0,5416000.0,441560400.0,503244400.0,4.017931318116389,1.551838471816697,0.16183108513580505,0.3809265476580413,0.013210410918306905,4.017931318116389,0.058825335735342286,12.354795747062115,9.60414999129981,2.2598693907631837,0.5287976335479381,1.4441302057339322,0.013764821301910226,0.07770849096807299,0.7709457118820211,0.02499108548368861,252.89828178694157,0.27134862898712925,1.6666666666666667,3.1150886900573744,-0.24285898680928777,-0.16820768962301014,0.09520045172219085,1.6792540792540793,10.084415584415584,1.7166043842245904,-0.2301607626096168,-0.27823870031529446,Security & Protection Services,Industrials,NL
2010Q2,2010,Q2,2010-08-03,2010-06-30,4290000.0,34384000.0,462000.0,0.09,8855000.0,0.25753257328990226,402133000.0,159222000.0,61245000.0,33324000.0,232164000.0,17963000.0,0.0,296618600.0,355704600.0,3.274421091597088,1.8378646020885847,0.1691728855876041,0.4272650764341611,0.001185229705143916,3.274421091597088,0.026943512831141426,8.626646114471848,17.2854662004662,1.86292472145809,1.4172494172494172,1.4211991315481824,0.020497703110998435,0.08550404965521358,0.8419457448085464,0.010668112291207139,-110.84402092675636,0.25753257328990226,1.9,-0.5701826592101955,-0.24923724324943664,-0.487300566737678,-0.026816133641059458,2.869281045751634,1.027366425778936,3.8017880372236914,-0.2403582463156229,-0.3940769665940112,Security & Protection Services,Industrials,NL
2010Q1,2010,Q1,2010-05-04,2010-03-31,-2295000.0,32800000.0,-16882000.0,-0.1,9099000.0,0.27740853658536585,459377000.0,185097000.0,86735000.0,56727000.0,263474000.0,17392000.0,-2295000.0,417142440.0,459142440.0,3.8071701838825125,1.5289897227070002,0.13056813902306819,0.3240463108532283,-0.1547821956958791,3.8071701838825125,-0.012398904358255402,12.71775731707317,-45.44035294117647,2.2536423604920666,-2.647930283224401,1.3627529898804047,0.01456816525309676,0.07140104968250478,1.0376363988929433,-0.004995896616504527,-76.03763033175356,0.27740853658536585,-4.4750000000000005,-1.1694896551951015,-0.30163215097236906,-0.4099344370652233,0.570146678170837,-1.5844594594594594,-0.5876986739396219,-1.3977609171613705,-0.24735571426602546,-0.2947200976310252,Security & Protection Services,Industrials,NL
2009Q4,2009,Q4,2010-03-10,2009-12-31,-888000.0,28999000.0,-10633000.0,-0.0182648401826484,5795000.0,0.1998344770509328,402991000.0,174604000.0,76644000.0,41873000.0,217333000.0,16266000.0,0.0,337408920.0,355393920.0,3.591344769426961,1.8303918993145942,0.10556067008940646,0.24363703007949417,-0.0054846430795165895,3.591344769426961,-0.0050857941398822475,11.635191558329598,-94.99125000000001,1.9324237703603584,-7.751126126126126,1.4265338743391123,0.020399579240525115,0.07195942341144095,1.1184534186707424,-0.0022035231556039713,-113.41476302521008,0.1998344770509328,-1.30441400304414,-1.0550545223134593,0.7243577362334758,-0.39426381301214175,-0.16798277099784636,-1.2846153846153847,-1.8137073299814765,-1.0651792526708892,-0.34343974540743966,-0.29786458212328437,Security & Protection Services,Industrials,NL
2009Q3,2009,Q3,2009-11-03,2009-09-30,3120000.0,29411000.0,-3779000.0,0.06,6965000.0,0.23681615722008773,396701000.0,171838000.0,71362000.0,40406000.0,213611000.0,17276000.0,0.0,325700400.0,348305400.0,3.5348885048959104,1.7661238429936148,0.10645297087731062,0.2457547224711647,0.22063124893061287,3.5348885048959104,0.018156635901255835,11.074101526639692,26.097788461538464,1.895392171696598,1.9474358974358974,1.2992590877517944,0.018655181264745146,0.07413896108151984,0.9876503489580756,0.007864865478030053,126.87978184651344,0.23681615722008773,2.5,-0.6360355548777923,-0.47702660087698207,-0.44688434266524324,0.11511367275056036,2.455223880597015,-1.5095738942826322,-0.007880271289625072,-0.3979967150407868,-0.265439019217847,Security & Protection Services,Industrials,NL
2009Q2,2009,Q2,2009-08-05,2009-06-30,-2144000.0,29239000.0,7416000.0,-0.04,6246000.0,0.21361879681247647,372409000.0,156165000.0,74999000.0,41225000.0,204988000.0,18797000.0,-2144000.0,358734420.0,380844420.0,3.2126766648151577,1.8192601576713159,0.0,0.0,2.1056103576949634,3.2126766648151577,-0.01372906861332565,12.269038612811656,-41.83003964552238,2.297149937566036,-2.7406716417910446,1.2232271107091557,0.01637980542820508,0.07851314012282196,1.0227774408732566,-0.005757111133189585,872.8331386861314,0.21361879681247647,0.8333333333333333,-1.0119136159241628,-0.9016534607523571,-0.5872465093761849,0.30833682446585675,0.8189647893270287,2.620275289490933,-1.7489717795216777,-0.41741552402942705,-0.3514229443981488,Security & Protection Services,Industrials,NL
2009Q1,2009,Q1,2009-05-06,2009-03-31,-11843000.0,28476000.0,-4577000.0,-0.24,4774000.0,0.16764995083579154,381212000.0,163706000.0,73381000.0,37909000.0,205989000.0,20880000.0,0.0,486020000.0,513123000.0,3.368297600921773,1.9357144741354295,0.10946664847906153,0.25490818907065105,-0.019337733730537328,3.368297600921773,-0.07234310287955237,17.067706138502597,-10.259647048889638,2.968858807862876,-0.5299332939289032,1.135153256704981,0.012913048845726513,0.07469859290893256,1.0102614154950011,-0.03106670304187696,-519.2521367521367,0.16764995083579154,-1.3217432559165885,-3.8687755020442496,-0.8928642277171464,-0.20315961635465873,-0.4112714268097176,-1.3266674022176863,-1.0954555882291601,-2.8225006544132105,-0.39498713922845197,-0.25090497752108165,Security & Protection Services,Industrials,NL
2008Q4,2008,Q4,2009-03-12,2008-12-31,36254000.0,37365000.0,47949000.0,0.7459363812188798,8109000.0,0.2170212765957447,419536000.0,188364000.0,87966000.0,45417000.0,219306000.0,22661000.0,16909000.0,651266800.0,676796800.0,3.8756429776552404,1.9368518396195258,0.10006292666183593,0.22286636512284724,0.148259234972296,3.8756429776552404,0.19246777515873523,17.429862170480398,4.490999613835715,3.457490815654796,0.16756771666574724,1.2910286395128194,0.009327974341698363,0.08906267876892567,1.1151551181275734,0.08641451508333016,-47.827480355438055,0.2170212765957447,6.328117008706284,3.0750541752016427,-0.8493343301696855,-0.07137654447015501,-0.2773371357276535,6.374944403261675,7.352543720190779,5.328600363580096,-0.1995579835214266,-0.1432486506683686,Security & Protection Services,Industrials,NL
2008Q3,2008,Q3,2008-11-03,2008-09-30,-6745000.0,43909000.0,-7548000.0,-0.14,11221000.0,0.25555125372930376,471111000.0,215275000.0,90750000.0,47272000.0,243572000.0,25441000.0,-13270000.0,499111730.0,522028730.0,4.429617893372291,1.9197410729395836,0.0896391720847104,0.19616769248635466,-0.026410614086496097,4.429617893372291,-0.031332017187318546,11.366957343596985,-18.499322831727206,2.318484403669725,-0.9006671608598962,1.2848551550646594,0.01217162337579203,0.09320308801959623,0.9975461160940937,-0.01431722035783499,297.4444159713945,0.25555125372930376,-2.7500000000000004,-1.3993119217352954,-0.8225334907188275,-0.3284465932165861,0.021855932975138877,-2.701134930643127,-7.038338658146965,-3.4163892637423077,-0.06920786129386391,-0.08298031750759219,Security & Protection Services,Industrials,NL
2008Q2,2008,Q2,2008-08-04,2008-06-30,3965000.0,43708000.0,-939000.0,0.08,10981000.0,0.2512354717671822,552668000.0,263999000.0,102359000.0,48262000.0,275074000.0,25911000.0,-6525000.0,463110349.99999994,481491349.99999994,5.432637102582571,2.1209025734532343,0.08907698654526769,0.18647797908325411,-0.002191756157765356,5.432637102582571,0.015018996284076833,10.595551157682802,29.199895964691045,1.7542125159564996,1.532156368221942,1.2630543012620123,0.013117823862066568,0.07908545455861385,1.2023952592101446,0.007174289084947925,107.05278548312528,0.2512354717671822,9.0,-0.8650316872738484,-0.8393038659107092,-0.1317639260080098,0.16299512815081552,14.672413793103448,-0.3688046647230321,-0.6024911595194833,-0.045042121848297575,-0.14937331341967955,Security & Protection Services,Industrials,NL
2008Q1,2008,Q1,2008-05-05,2008-03-31,-290000.0,40520000.0,-686000.0,-0.01,9442000.0,0.2330207305034551,537262000.0,255200000.0,101866000.0,45931000.0,268047000.0,25052000.0,-6815000.0,530624640.0,543614640.0,5.2518933157721435,2.2178049683220484,0.09209659346836367,0.1938871473354232,-0.0002670098598613763,5.2518933157721435,-0.0011363636363636363,13.095376110562684,-457.43503448275857,2.079250156739812,-20.944827586206898,1.2405396774708606,0.011446886446886446,0.07541944153876508,1.3810933791992337,-0.000539773890578526,359.5017886178862,0.2330207305034551,-1.0483021868787277,-1.0301839568964042,-0.842788202797697,-0.08802812278224088,-0.053907815631262526,-1.02882703777336,0.9221250993302305,-1.0214284530040887,-0.13679858199287817,-0.18601973745124464,Security & Protection Services,Industrials,NL
2007Q4,2007,Q4,2007-12-31,2007-12-31,10060000.0,42514000.0,-8809000.0,0.2070299637800461,9980000.0,0.23474620125135248,524761000.0,246462000.0,107701000.0,47956000.0,263933000.0,24277000.0,-6525000.0,555406560.0,564024560.0,5.07206947645703,2.245829510384519,0.0947669510500971,0.2017755272618091,-0.02008316202754657,5.07206947645703,0.040817651402650305,13.064086183374888,13.802349900596422,2.2535180271197994,0.6037773359840954,1.3401161593277588,0.010936132983377079,0.08101592915632069,1.4693469013262157,0.01917063196388451,-62.35618726844055,0.23474620125135248,1.6273635266062,0.2998788918591019,-0.8074147366781222,-0.08828649349419715,-0.11407012871726586,1.6276907718225495,-14.427320490367777,-0.37596301711354296,1.5293482618758634,-0.14451654684860316,Security & Protection Services,Industrials,NL
2007Q3,2007,Q3,2007-09-30,2007-09-30,-16027000.0,46389000.0,-571000.0,-0.33,11265000.0,0.2428377417060079,554635000.0,270504000.0,127462000.0,56183000.0,237563000.0,26646000.0,-16135000.0,556864320.0,524381320.0,5.566842278564373,2.2686933770001603,0.0,0.0,-0.001121189921595435,5.566842278564373,-0.059248661757312276,12.004232037767574,-8.686346789792227,2.05861769142046,-0.37898546203281963,1.318171582976807,0.010907504363001745,0.08363878947415868,1.5679298008294325,-0.02889648146979545,-526.336786389414,0.2428377417060079,-10.000000000000002,-2.8261471950138675,-0.8052829625282478,-0.33783157862521374,-0.05024871427367001,-9.47516339869281,0.8516112266112266,-2.8704035496627447,-0.17479180298740377,-0.12893783724086186,Security & Protection Services,Industrials,NL
2007Q2,2007,Q2,2007-06-30,2007-06-30,-1530000.0,45229000.0,-3848000.0,-0.03,11861000.0,0.2622432510115192,545793000.0,262576000.0,107074000.0,55426000.0,236616000.0,25526000.0,-108000.0,486861780.0,446279780.0,5.404021486344646,1.9318370439865766,0.0,0.0,-0.004226801976229412,5.404021486344646,-0.005826884406800317,10.764371973733667,-79.55257843137254,1.8541747151300956,-3.969934640522876,1.3072161717464545,0.012475820139342217,0.08286841348276727,1.263630786995273,-0.0028032605768120882,-83.45248200205691,0.2622432510115192,-1.25,-1.1094457779634685,-0.8064410623088807,-0.37821445578597995,-0.0215311004784689,-1.2653485952133194,-2.307065217391304,-1.0085052869532323,-0.8478078409558183,-0.30571017110955234,Security & Protection Services,Industrials,NL
2007Q1,2007,Q1,2007-03-31,2007-03-31,5766000.0,43551000.0,2944000.0,0.12,12122000.0,0.27834033661684005,546888000.0,262272000.0,118049000.0,56340000.0,238810000.0,23701000.0,1422000.0,529587400.0,479184400.0,5.398098217593545,2.095296414625488,0.0,0.0,0.008586773794926271,5.398098217593545,0.021984809663250365,12.16016624187734,22.96164585501214,2.0192296547096147,1.0532431494970518,1.3260621914687143,0.011467417842645048,0.07963422126651161,1.4693823216187434,0.010543292228024751,-545.9663917525774,0.27834033661684005,-0.5717723099522585,-0.09152505796248736,-0.78352333307888,-0.2989501464422096,0.25733845036821906,-0.5764965112008814,0.31663685152057247,0.3971803452706366,-0.8360933224396736,0.2770316534635598,Security & Protection Services,Industrials,NL
