Quarters,Year,Quarter,FillingDate,Date,NetIncome,Revenue,OperatingIncome,EPSDiluted,GrossProfit,GrossProfitRatio,TotalAssets,CommonStockEquity,CurrentAssets,CurrentLiability,TotalLiability,Inventory,RetainedEarnings,MarketCap,EnterpriseValue,bookValuePerShare,currentRatio,debtToAssets,debtToEquity,roic,shareholdersEquityPerShare,roe,priceToSalesRatio,peRatio,pbRatio,payoutRatio,inventoryTurnover,dividendYield,assetTurnover,quickRatio,returnOnAssets,priceToFreeCashFlowsRatio,grossProfitMargin,epsdilutedGrowth,fiveYNetIncomeGrowthPerShare,fiveYRevenueGrowthPerShare,fiveYShareholdersEquityGrowthPerShare,grossProfitGrowth,netIncomeGrowth,operatingIncomeGrowth,threeYNetIncomeGrowthPerShare,threeYRevenueGrowthPerShare,threeYShareholdersEquityGrowthPerShare,Industry,Sector,Symbol
2023Q1,2023,Q1,2023-04-25,2023-03-31,0.0,0.0,0.0,0.0,0.0,0.0,,,,,,,,24805776103.199997,,,0.0,0.0,0.0,0.0,,0.0,0.0,0.0,0.0,0.0,0.0,0.0,0.0,0.0,0.0,0.0,0.0,1.0,-1.0,-1.0,0.0,-1.0,1.0,1.0,0.0,0.0,0.0,Beverages—Non-Alcoholic,Consumer Defensive,CCEP
2022Q4,2022,Q4,2022-12-31,2022-12-31,-894000000.0,3383500000.0,-1091000000.0,-1.95,1102000000.0,0.3256982415,29313000000.0,7447000000.0,6543000000.0,7313000000.0,21866000000.0,1380000000.0,7428000000.0,23677903759.2,34197903759.2,16.295404814004378,0.8947080541501435,0.40620202640466685,1.598898885457231,-0.03962136534823476,16.295404814004378,-0.12004834161407278,6.998050468213389,-6.621337740268457,3.179522459943601,-0.5357941834451901,1.6532608695652173,0.020229831359707486,0.1154266025313001,0.22603582661014632,-0.030498413673114316,-30.067179376761906,0.3256982414659376,0.0,-14.595372529325251,0.3525277961816109,0.18540843097237533,0.0,0.0,0.0,-2.5570352105844933,-0.4481653743149823,0.22621505039292059,Beverages—Non-Alcoholic,Consumer Defensive,CCEP
2022Q3,2022,Q3,2022-11-02,2022-09-30,0.0,0.0,0.0,0.0,0.0,0.0,0.0,0.0,0.0,0.0,0.0,0.0,0.0,19793397560.199997,19793397560.199997,0.0,0.0,0.0,0.0,0.0,0.0,0.0,0.0,0.0,0.0,0.0,0.0,0.0,0.0,0.0,0.0,0.0,0.0,0.0,-1.0,-1.0,-1.0,0.0,0.0,0.0,0.0,0.0,0.0,Beverages—Non-Alcoholic,Consumer Defensive,CCEP
2020Q4,2020,Q4,2020-12-31,2020-12-31,186000000.0,2884500000.0,303500000.0,0.4095440858355082,1064000000.0,0.3688680880568556,19237000000.0,6025000000.0,4076000000.0,4140000000.0,13212000000.0,681000000.0,6078000000.0,18595868209.067158,24259868209.067158,13.266145791177081,0.9845410628019323,0.37360295264334353,1.192863070539419,0.01718115894831865,13.266145791177081,0.030871369294605808,6.4468255188307015,24.994446517563386,3.086451155031894,0.0,2.673274596182085,0.0,0.14994541768467018,0.3678743961352657,0.009668867286999012,0.0,0.3688680880568556,0.0,-0.3580785458929598,-0.050344678174495346,2.4554768526950737,0.0,0.0,0.0,4.264939162980454,0.16025774531366213,-0.034954869371815335,Beverages—Non-Alcoholic,Consumer Defensive,CCEP
2020Q2,2020,Q2,2020-07-01,2020-06-26,126000000.0,4837000000.0,268000000.0,0.27743,1669000000.0,0.34504858383295434,19063000000.0,5832000000.0,3797000000.0,4022000000.0,13231000000.0,795000000.0,5643000000.0,15083360877.73732,21295360877.73732,12.841188755874645,0.944057682744903,0.37271153543513613,1.218278463648834,0.012370558451877801,12.841188755874645,0.021604938271604937,3.1183297245683934,29.927303328843887,2.586310164221077,0.0,3.9849056603773585,0.0,0.2537376068824424,0.6904525111884634,0.006609662697371873,190.92861870553568,0.34504858383295434,0.0,-0.5915891662484941,0.43122671615730584,2.284334985734857,0.0,0.0,0.0,-0.545191655226884,0.7036532187111714,-0.04662059694889494,Beverages—Non-Alcoholic,Consumer Defensive,CCEP
2019Q4,2019,Q4,2020-01-02,2019-12-31,582000000.0,6215000000.0,822000000.0,1.25639,2389000000.0,0.38439259855189056,18685000000.0,6156000000.0,3103000000.0,4115000000.0,12529000000.0,723000000.0,6135000000.0,21040810592.14464,27145810592.14464,13.289190023220463,0.7540704738760632,0.3436446347337436,1.0430474333983106,0.04755476704720765,13.289190023220463,0.09454191033138401,3.3854884299508674,9.038148879787217,3.417935443818168,0.4879725085910653,5.291839557399723,0.01349757884831815,0.33261974846133263,0.07679222357229648,0.031147979662831147,27.612612325649135,0.38439259855189056,0.0,1.7393291948795846,0.8034367812462004,1.7328277930406906,0.0,0.0,0.0,36.209947938799345,0.8304199017720716,-0.2690019912935222,Beverages—Non-Alcoholic,Consumer Defensive,CCEP
2019Q2,2019,Q2,2019-07-12,2019-06-28,0.0,0.0,0.0,0.0,0.0,0.0,19090000000.0,6335000000.0,3663000000.0,4349000000.0,12755000000.0,945000000.0,6163000000.0,0.0,5914000000.0,0.0,0.8422625891009428,0.32980618124672606,0.9938437253354381,,0.0,0.0,0.0,0.0,0.0,0.0,0.0,,0.0,0.5697861577374109,0.0,0.0,0.0,0.0,-1.0,-1.0,-1.0,0.0,0.0,0.0,-1.0,-1.0,-1.0,Beverages—Non-Alcoholic,Consumer Defensive,CCEP
2018Q4,2018,Q4,2019-01-02,2018-12-31,134000000.0,2794000000.0,194000000.0,0.0,1060000000.0,0.3793843951,18216000000.0,6564000000.0,2991000000.0,3792000000.0,11652000000.0,693000000.0,6672000000.0,0.0,5309000000.0,0.0,0.7887658227848101,0.30841018884497146,0.85588056063376,0.012700062874984307,0.0,0.020414381474710544,0.0,0.0,0.0,1.0,2.502164502164502,,0.15338164251207728,0.0814873417721519,0.007356170399648661,0.0,0.3793843951324266,-1.0,-1.0,-1.0,-1.0,-0.18711656441717792,-0.6256983240223464,-0.6127744510978044,-1.0,-1.0,-1.0,Beverages—Non-Alcoholic,Consumer Defensive,CCEP
2018Q3,2018,Q3,2018-10-02,2018-09-28,358000000.0,3289000000.0,501000000.0,0.73,1304000000.0,0.3964730921,18559000000.0,6838000000.0,3735000000.0,3688000000.0,11721000000.0,747000000.0,6693000000.0,18917257210.001984,23770257210.001984,14.123446956815226,1.0127440347071583,0.28767713777681986,0.7807838549283416,0.03081431727211909,14.123446956815226,0.05235448961684703,5.751674432958949,13.210375146649431,2.7664897937996464,0.3547486033519553,2.6572958500669346,0.006713446806276558,0.17721860014009375,0.665943600867679,0.019289832426316073,27.656808786552606,0.39647309212526605,0.21666666666666667,-0.08853187611295264,0.11316779895622738,1.277664126692673,0.08036454018227009,0.22184300341296928,0.19856459330143542,0.15471983156483096,-0.05442402371327196,2.5859085814631086,Beverages—Non-Alcoholic,Consumer Defensive,CCEP
2018Q2,2018,Q2,2018-07-02,2018-06-29,293000000.0,3057000000.0,418000000.0,0.6,1207000000.0,0.3948315342,18619000000.0,6830000000.0,3795000000.0,3720000000.0,11789000000.0,815000000.0,6690000000.0,17085087345.448818,22401087345.44882,14.05037563668979,1.0201612903225807,0.3052795531446372,0.8322108345534407,0.024839996462844866,14.05037563668979,0.04289897510980966,5.588841133610997,14.577719578028,2.501476917342433,0.4300341296928328,2.2699386503067487,0.007374852551372194,0.1641871206831731,0.6615591397849462,0.015736613137117998,35.154500710800036,0.39483153418384037,1.4,0.167642175545221,0.02839563180582919,1.3713507985649556,0.36076662908680945,1.3629032258064515,1.2352941176470589,-0.11269312560577431,-0.1549015545224073,2.593603453978184,Beverages—Non-Alcoholic,Consumer Defensive,CCEP
2018Q1,2018,Q1,2018-04-03,2018-03-30,124000000.0,2378000000.0,187000000.0,0.25,887000000.0,0.3730025231,18182000000.0,6678000000.0,3350000000.0,3257000000.0,11504000000.0,774000000.0,6542000000.0,16424644045.382065,22021644045.382065,13.76778562925257,1.028553883942278,0.32130678693213066,0.8748128182090447,0.011157088417568035,13.76778562925257,0.018568433662773286,6.90691507375192,33.11420170439932,2.4595154305753315,1.0161290322580645,1.926356589147287,0.007671399127546148,0.13078869211307886,0.6459932453177771,0.006819931800681993,-193.2311064162596,0.37300252312867954,2.9929846938775513,0.4920041351190294,-0.056551282336111085,1.1649514863566393,-0.09949238578680203,3.0327868852459017,-0.05555555555555555,-0.322308536257553,-0.2350387211742463,2.4485320763566634,Beverages—Non-Alcoholic,Consumer Defensive,CCEP
2017Q4,2017,Q4,2018-01-02,2017-12-31,-61000000.0,2662000000.0,198000000.0,-0.12544,985000000.0,0.370022539444027,18194000000.0,6685000000.0,3314000000.0,3287000000.0,11509000000.0,650000000.0,6769000000.0,16125504646.739815,21513504646.739815,13.746658441291384,1.00821417706115,0.31592832802022647,0.8598354525056096,-0.005419643177657322,13.746658441291384,-0.00912490650710546,6.057665156551395,-66.088133798114,2.4121921685474668,-1.6557377049180328,2.58,0.006263369873538795,0.14631197097944376,0.10952236081533313,-0.0033527536550511158,58.63819871541751,0.370022539444027,-1.2023225806451612,-1.5696810768768,0.1872395863779116,0.9172419179937558,-0.1722689075630252,-1.200657894736842,-0.5362997658079626,-1.2734934354270357,-0.26419341329975915,1.8269029326961623,Beverages—Non-Alcoholic,Consumer Defensive,CCEP
2017Q3,2017,Q3,2017-10-02,2017-09-29,304000000.0,2964000000.0,427000000.0,0.62,1190000000.0,0.40148448043184887,18734000000.0,6768000000.0,3748000000.0,3943000000.0,11966000000.0,755000000.0,6637000000.0,17046103494.949848,22613103494.94985,14.025789460304345,0.9505452700989094,0.3224084552151169,0.892434988179669,0.025528754855671125,14.025789460304345,0.04491725768321513,5.751047063073498,14.018177216241652,2.5186323130836064,0.3355263157894737,2.3496688741721856,0.005983772187598119,0.15821501014198783,0.6401217347197565,0.016227180527383367,30.277270861367402,0.40148448043184887,0.016393442622950834,-0.10495211581638982,0.10875678116802998,0.8292124932036821,-0.009159034138218152,0.020134228187919462,0.026442307692307692,-0.18043554927794292,-0.10964451877315863,1.5101561153633212,Beverages—Non-Alcoholic,Consumer Defensive,CCEP
2017Q2,2017,Q2,2017-07-03,2017-06-30,298000000.0,3054000000.0,416000000.0,0.61,1201000000.0,0.3932547478716438,18838000000.0,6580000000.0,3828000000.0,4136000000.0,12258000000.0,802000000.0,6649000000.0,17364889041.871216,23407889041.871216,13.469127521298365,0.925531914893617,0.3370315320097675,0.9648936170212766,0.02446520840067936,13.469127521298365,0.045288753799392095,5.685949260599612,14.567859934455717,2.6390408878223734,0.6845637583892618,2.3104738154613464,0.011747843565720662,0.1621191209257883,0.07398452611218569,0.015819089075273383,95.41147825203964,0.3932547478716438,1.0333333333333334,0.12260151111500861,0.06815230775181987,0.8384468311937703,0.31400437636761486,1.0272108843537415,0.8995433789954338,0.046578641134321974,-0.08971981855778713,1.3955945690562563,Beverages—Non-Alcoholic,Consumer Defensive,CCEP
2017Q1,2017,Q1,2017-04-03,2017-03-31,147000000.0,2382000000.0,219000000.0,0.3,914000000.0,0.38371116708648195,18539000000.0,6543000000.0,3436000000.0,3662000000.0,11996000000.0,726000000.0,6553000000.0,16723340688.769682,22780340688.769684,13.798163276569928,0.9382850901146914,0.3463509358649334,0.9813541189057008,0.012734673533809603,13.798163276569928,0.02246675836772123,7.020713975134207,28.441055593145716,2.555913294936525,0.5578231292517006,2.0220385674931127,0.004903326525845755,0.12848589460057178,0.099399235390497,0.00792923027131992,201.48603239481545,0.38371116708648195,7.886255924170616,0.14576402127709606,0.08335110109521857,0.8894638869447601,-0.16069788797061524,11.25,0.6590909090909091,-0.05461242620140027,-0.05791400891029,1.355954377941456,Beverages—Non-Alcoholic,Consumer Defensive,CCEP
2016Q4,2016,Q4,2017-01-03,2016-12-31,12000000.0,2605000000.0,132000000.0,0.03376,1089000000.0,0.418042226487524,18568000000.0,6461000000.0,3425000000.0,3752000000.0,12107000000.0,673000000.0,6474000000.0,10552479936.0,16603479936.0,18.17951603826674,0.9128464818763327,0.34667169323567426,0.9962854047361089,0.0012826897615606054,18.17951603826674,0.0018572976319455193,4.050856021497121,219.843332,1.6332579996904504,0.08333333333333333,2.25260029717682,9.476445404918322e-05,0.14029513140887548,0.10287846481876332,0.0006462731581214993,108.78845294845361,0.418042226487524,-0.9496119402985075,-0.9029720223935117,0.369477657933827,1.5602394216656617,-0.06201550387596899,-0.963302752293578,-0.674074074074074,-0.9018762448222515,0.3832246267250399,1.8406691184856259,Beverages—Non-Alcoholic,Consumer Defensive,CCEP
2016Q3,2016,Q3,2016-10-03,2016-09-30,327000000.0,2986000000.0,405000000.0,0.67,1161000000.0,0.3888144675150703,18491000000.0,6497000000.0,3591000000.0,3389000000.0,11994000000.0,690000000.0,9401000000.0,17101557462.253992,23157557462.25399,13.510581038102682,1.0596046031277664,0.3462765669785301,0.9855317839002616,0.027376744186046513,13.510581038102682,0.05033092196398338,5.727246303501002,13.074585215790513,2.6322237128296124,0.24770642201834864,2.6449275362318843,0.004736410714566822,0.16148396517224595,0.10239008557096489,0.017684278838353794,35.18838984002879,0.3888144675150703,0.48888888888888893,0.024372999430129955,0.24137998866606147,0.8508430507720713,0.46776232616940583,1.1655629139072847,0.937799043062201,-0.16178435166414717,0.017503983122779173,1.1788282885440744,Beverages—Non-Alcoholic,Consumer Defensive,CCEP
2016Q2,2016,Q2,2016-08-01,2016-07-01,151000000.0,2167000000.0,209000000.0,0.45,791000000.0,0.3650207660359945,18735000000.0,6296000000.0,3858000000.0,3469000000.0,12439000000.0,769000000.0,6542000000.0,10436554748.740448,16828554748.740448,19.179867524265077,1.1121360622657825,0.36690685882038965,1.0918043202033036,0.01426356799363633,19.179867524265077,0.02398348157560356,4.816130479344923,17.279064153543786,1.6576484670807572,0.3973509933774834,1.7893368010403121,0.005749023642810976,0.11566586602615425,0.789276448544249,0.008059781158259942,78.73414913504503,0.3650207660359945,0.7764653865588683,-0.12561166986982278,0.28246444504426965,1.7435464111367283,0.5570866141732284,1.5593220338983051,0.9612299558075773,-0.108887055009051,0.07953654310398298,2.2370802992105245,Beverages—Non-Alcoholic,Consumer Defensive,CCEP
2016Q1,2016,Q1,2016-05-31,2016-04-01,59000000.0,1375000000.0,106565780.0,0.253312,508000000.0,0.3694545454545455,7031000000.0,823000000.0,2015000000.0,2152000000.0,6208000000.0,326000000.0,2044000000.0,10314392774.4,13663396504.4,3.6096491228070176,0.9363382899628253,0.5111653719243351,4.366954714459295,0.017573448574206788,3.6096491228070176,0.07168894289185905,7.5013765632,43.70505412881355,12.532676518104495,1.0508474576271187,2.6595092024539877,0.00601101793930924,0.19556250888920496,0.6951672862453532,0.008391409472336794,328.0070869729476,0.3694545454545455,-0.5866466934933798,0.17598415694026898,0.5754227257807656,-0.46116450771217865,-0.09483992832130046,-0.5943995793854893,-0.34465021341683344,0.5102464577842418,0.1605306609862872,-0.4323912759766554,Beverages—Non-Alcoholic,Consumer Defensive,CCEP
2015Q4,2015,Q4,2015-12-31,2015-12-31,145463360.0,1524849910.0,162609010.0,0.612822,561226700.0,0.36805373192434393,6961477260.0,875329620.0,1871394360.0,1972921620.0,6086147640.0,307325760.0,2130243140.0,10331052698.020319,13707062758.020319,3.839165,0.9485396383866481,0.5072920772566023,4.0344827586206895,0.039089286382955946,3.839165,0.1661812381031959,6.775127591423289,17.755420846219142,11.802471277071968,0.4107980868859347,3.135510703691093,0.005784122078038642,0.21904113926531737,0.07881316643486323,0.020895472981836617,119.22176887712983,0.36805373192434393,-0.06298049577071989,1.3501782067237573,0.48459280853098236,-0.4492785272748638,-0.10203728,-0.0036756164383561643,-0.3114776581375359,1.897510351778634,0.45053041243428243,-0.46455292393203385,Beverages—Non-Alcoholic,Consumer Defensive,CCEP
2015Q3,2015,Q3,2015-10-02,2015-10-02,146000000.0,1638000000.0,236171000.0,0.654012,625000000.0,0.38156288156288154,7151000000.0,898000000.0,1973000000.0,2097000000.0,6252000000.0,342000000.0,1995000000.0,10007321346.890638,13413480046.890638,3.93859649122807,0.9408679065331426,0.5007913158998741,3.9879272828507797,0.0390765980816798,3.93859649122807,0.16258351893095768,6.109475791752526,17.135824224127806,11.144010408564187,0.3904109589041096,2.961988304093567,0.005695829885357923,0.2290588728849112,0.6866952789699571,0.020416724933575724,29.175863985103902,0.38156288156288154,-0.021943067363556737,0.4582821487907851,1.0244088288185265,-0.43068590784308647,-0.005669908819135175,-0.06957821558866895,-0.036762111797442334,-0.09024651061357525,0.2967915581587434,-0.4863369418289955,Beverages—Non-Alcoholic,Consumer Defensive,CCEP
2015Q2,2015,Q2,2015-06-30,2015-06-30,156918080.0,1718966240.0,245184500.0,0.668685,628563900.0,0.36566390041493774,7762095480.0,903170540.0,2545460900.0,2513364020.0,6858924940.0,366439380.0,1901740140.0,9060577286.62317,12685741566.62317,3.9098291774891774,1.012770485987939,0.5150470939581897,4.426456071076012,0.03623375563625801,3.9098291774891774,0.17374136229022705,5.270945453020166,14.435202888384772,10.031967259055163,0.3561249920977876,2.975669099756691,0.006167647847616021,0.22145646680450265,0.14827953174884712,0.02021594302779692,87.71517200200871,0.36566390041493774,0.8103294239953218,0.2465996055216091,-0.1737743359856315,1.080057755311884,0.1983870834898609,0.7700998812398702,0.6804745707973451,0.25013465098398185,0.2714694999971926,-0.4663341741699517,Beverages—Non-Alcoholic,Consumer Defensive,CCEP
2015Q1,2015,Q1,2015-03-31,2015-03-31,88649280.0,1506114330.0,145901940.0,0.369372,524508240.0,0.3482526057633354,7562891700.0,938204880.0,2324273310.0,2206997700.0,6624686820.0,330587940.0,1866252030.0,9644745198.2069,13246122198.2069,3.9923611914893615,1.0531380753138075,0.5129426129426129,4.13484251968504,0.0223647542796479,3.9923611914893615,0.09448818897637795,6.403727131529848,27.199163936263496,10.279998968036598,0.6770833333333334,2.96927374301676,0.006223383694071996,0.19914529914529913,0.12594142259414226,0.011721611721611722,174.07464919208638,0.3482526057633354,-0.023564181598050238,1.3318328122820287,-0.15471256125832247,1.759417485842182,-0.16630913096030334,-0.20130459147726965,-0.22642318744190298,0.3942505896115857,0.3822073271912813,-0.4533024328123392,Beverages—Non-Alcoholic,Consumer Defensive,CCEP
2014Q4,2014,Q4,2014-12-31,2014-12-31,110992600.0,1800343920.0,188606920.0,0.378286,629139960.0,0.34945543071570456,7025421480.0,1176797160.0,2023005600.0,2144714880.0,5848624320.0,319075680.0,1637318760.0,8878069941.970459,11944650381.970459,4.862798181818182,0.9432515337423313,0.46260095985016975,2.7617051013277427,0.030484087047982392,4.862798181818182,0.0943175287744576,4.931318868214057,19.996986154866317,7.5442652682561375,0.509094840556938,3.6706149462723077,0.006364644609620942,0.2562613396399386,0.08550613496932516,0.01579871048533874,34.403736337121636,0.34945543071570456,-0.49999008666894895,1.5335331414158921,-0.06264900404182107,2.974281525136032,-0.011980301039950712,-0.4082384247984038,-0.3063055468509781,0.3179890909398817,0.3899678581370086,-0.31516726966280645,Beverages—Non-Alcoholic,Consumer Defensive,CCEP
2014Q3,2014,Q3,2014-09-30,2014-09-30,187563040.0,1683338880.0,271887600.0,0.756557,636768640.0,0.3782771535580524,7318110880.0,1363378400.0,2228690240.0,2243663760.0,5954732480.0,323112800.0,1528875200.0,8550400839.15024,11647555239.15024,5.587616393442623,0.9933263083948015,0.4466939478785268,2.397687861271676,0.044487379259378054,5.587616393442623,0.1375722543352601,5.079429306088528,11.396702728786865,6.271480345552078,0.2888218275839419,3.2390243902439027,0.006335644494227452,0.23002369157872066,0.07657182999648753,0.025629980615981048,35.94946943656427,0.3782771535580524,0.32329060875527355,1.237538222947935,-0.10933478837566676,4.495651507937108,0.02687877918225848,0.2923791656089945,0.25740522436619306,0.15799490049744533,0.3792262202924729,-0.2345406209387052,Beverages—Non-Alcoholic,Consumer Defensive,CCEP
2014Q2,2014,Q2,2014-06-30,2014-06-30,145130040.0,1710042340.0,216229100.0,0.571724,620101080.0,0.36262323189027,7452940640.0,1399991800.0,2415169100.0,2100720680.0,6052948840.0,357694240.0,1292243740.0,8698057359.956099,11717934959.956099,5.62245702811245,1.1496859734822051,0.4402045633359559,2.343455497382199,0.034385603846760655,5.62245702811245,0.10366492146596859,5.0864573095635155,14.98321326163091,6.21293450429931,0.31568378262694613,3.0471311475409837,0.005267291086274378,0.22944531864673484,0.12421493370551291,0.01947285601888277,152.46653681252207,0.36262323189027,0.787061927207712,0.2931935331149907,-0.1928701292045292,7.185734598629215,0.3120638997915851,0.7356626981516806,0.6162263129884652,0.10791001829409219,0.3341757875374199,-0.19574669732556194,Beverages—Non-Alcoholic,Consumer Defensive,CCEP
2014Q1,2014,Q1,2014-03-31,2014-03-31,83616500.0,1359677000.0,133786400.0,0.319924,472615000.0,0.34759358288770054,7046326100.0,1493463400.0,2014067000.0,1864284400.0,5552862700.0,347553800.0,1183718800.0,8823053078.5254,11628204878.5254,5.856719215686274,1.0803432137285491,0.42761324940666595,2.0175267770204477,0.022025835597331084,5.856719215686274,0.05598831548198637,6.4890801848714075,26.379521621107678,5.907779915145829,0.5478260869565217,2.5523012552301254,0.00519177427499459,0.19296254256526674,0.11154446177847113,0.011866680425136725,-577.8371402718824,0.34759358288770054,-0.13377665623341603,2.4600053880140216,-0.3203911930938279,419.85788897181516,0.02404682921958798,-0.05814810334266664,-0.07971351004400834,0.4901710116986033,0.3929156745208768,-0.12572993263074694,Beverages—Non-Alcoholic,Consumer Defensive,CCEP
2013Q4,2013,Q4,2013-12-31,2013-12-31,88778820.0,1367153560.0,145374730.0,0.369332,461516980.0,0.33757508556683274,6897814500.0,1651130400.0,1859694240.0,1589575100.0,5246684100.0,327329360.0,1142031860.0,8282752826.88984,10813037746.88984,6.39973023255814,1.1699316628701595,0.40283464566929134,1.6828947368421052,0.023450000487077394,6.39973023255814,0.05376850913773982,6.058392465356883,23.324124005280314,5.016413498830764,0.39354059898520843,2.7667441136352693,0.0042181712686842525,0.19820097510595566,0.1562642369020501,0.012870572266041658,82.75558883552368,0.33757508556683274,-0.5342274684877262,1.156221273097935,-0.34307735635455455,140.38359509831798,-0.20867712675286357,-0.5854735061614593,-0.37525895376447843,0.2675692326409586,0.17628536240161674,-0.08196994431914303,Beverages—Non-Alcoholic,Consumer Defensive,CCEP
2013Q3,2013,Q3,2013-09-30,2013-09-30,214169230.0,1611086180.0,232695980.0,0.792945,583222090.0,0.3620055197792088,7182450440.0,1637023630.0,2170594030.0,2070549580.0,5545426810.0,327552940.0,1107158580.0,7851391537.540321,10391038427.540321,6.200847083333334,1.048317823908375,0.40394139496491954,1.7722951561792666,0.05127367733507512,6.200847083333334,0.1308284291534631,4.873352918675226,9.164938793425556,4.796138182526003,0.16589922838121984,3.1380090497737556,0.004525377422602844,0.22430870821295915,0.17465998568360774,0.029818406933553445,27.948785461533753,0.3620055197792088,0.5630630275457222,1.5922060671875917,-0.2733819586750794,0.677938068606211,0.007664612850291866,0.5309559884848707,0.1130046920152324,0.8474670403661548,0.7196260586305572,-0.10368334615790453,Beverages—Non-Alcoholic,Consumer Defensive,CCEP
2013Q2,2013,Q2,2013-06-30,2013-06-30,139892480.0,1657187840.0,209070080.0,0.507302,578785920.0,0.3492578849721707,7014608640.0,1605688960.0,2038433280.0,1857034240.0,5408919680.0,340507520.0,966949120.0,7343939982.9118395,9974226062.911839,5.925051512915129,1.0976821192052981,0.40532544378698226,1.7707036859741503,0.03476775610879812,5.925051512915129,0.08712302537099091,4.431567626583502,13.124257971035757,4.573700240743911,0.2918910294534774,3.1670428893905194,0.005560143478161943,0.23624808240192854,0.1146523178807947,0.019943019943019943,130.5639466850965,0.3492578849721707,2.0935878281550147,1.124444160567866,-0.2136025830715962,0.7804048490429546,0.1690804550524087,1.9368396479129892,1.412040562230092,-0.05269232067609956,-0.32103754364830933,2.1521707958545817,Beverages—Non-Alcoholic,Consumer Defensive,CCEP
2013Q1,2013,Q1,2013-03-31,2013-03-31,47633680.0,1444628000.0,86677680.0,0.163985,495077920.0,0.3427027027027027,6959983440.0,1767912320.0,1903004560.0,1983435200.0,5192071120.0,322503440.0,882394400.0,7858434840.049602,10293999560.049603,6.359396834532374,0.9594488188976378,0.374733535285538,1.4752650176678446,0.014383858468440909,6.359396834532374,0.026943462897526502,5.439763620841906,41.244109420317734,4.445036527631416,0.9016393442622951,2.944309927360775,0.005465261324191232,0.20756198810725907,0.08700787401574803,0.006843935824077191,-135.99409052104767,0.3427027027027027,-0.36214447971122726,15.40540827812489,-0.18635965538836108,-0.1469244215400132,0.10059084200888506,-0.23826831129151602,-0.09506895429224209,0.05915469975021487,-0.3146292448027469,3.395451709636432,Beverages—Non-Alcoholic,Consumer Defensive,CCEP
2012Q4,2012,Q4,2012-12-31,2012-12-31,62533410.0,1309434420.0,95783740.0,0.257088,449829220.0,0.3435293995097517,7190891400.0,2036285020.0,2088458680.0,1950085060.0,5154606380.0,291870040.0,851413640.0,6794535280.0,8870139580.0,7.170017676056338,1.0709577355564173,0.3644584647739222,1.2870404753063498,0.016574594657461743,7.170017676056338,0.030709556562960916,5.188908414367174,27.16362053500681,3.336730965098393,0.4926512083700537,2.9451642244609966,0.004534108475480607,0.18209625860849463,0.2795657231485072,0.008696197247534568,64.12117248510555,0.3435293995097517,-0.6290971101117955,0.05775319937163775,-0.3479986991954615,-0.11613169277443684,-0.25472862443985056,-0.6947013780358969,-0.5980807152322972,0.21630278894436777,-0.41906499346079185,4.859932433838961,Beverages—Non-Alcoholic,Consumer Defensive,CCEP
2012Q3,2012,Q3,2012-09-30,2012-09-30,204827030.0,1612136700.0,238315860.0,0.693141,603577750.0,0.3743961352657005,7498382680.0,2231290650.0,2351227390.0,1670547450.0,5267092030.0,321648530.0,834884320.0,7132524879.641399,9189362089.6414,7.667665463917526,1.4074592074592074,0.35770668882426254,1.2020942408376962,0.04491571396998252,7.667665463917526,0.09179755671902269,4.424268041067113,8.705546430616847,3.196591568938542,0.17356825415083155,3.135593220338983,0.004984415841503159,0.2149979227253843,1.1146853146853146,0.027316161196510178,24.016475731916252,0.3743961352657005,0.3097259015996947,0.8027232491595464,-0.29646978772383686,-0.023563587569091445,-0.053124081729071716,0.26493086873164495,0.0023510149379898098,1.0488365115041653,-0.28477672779382013,6.541465680891743,Beverages—Non-Alcoholic,Consumer Defensive,CCEP
2012Q2,2012,Q2,2012-06-30,2012-06-30,161927450.0,1744077120.0,237756890.0,0.529226,637441230.0,0.3654891304347826,7293844260.0,2183255960.0,2231439250.0,1855451610.0,5110588300.0,359399950.0,675355950.0,6716488735.532399,8876837885.532398,7.326362281879194,1.2026394210302256,0.34188867229802905,1.1421852387843705,0.03721921972639757,7.326362281879194,0.07416787264833574,3.8510273763194593,10.36959566696752,3.076363403369525,0.24120252619305746,3.0791208791208793,0.005815138167860565,0.23911630929174787,0.9263516389953171,0.02220056313623565,35.76396317417113,0.3654891304347826,1.017090303425302,0.3048683901035485,-0.33015276563913515,-0.04190597884033097,0.29625174028943707,0.9817415735493731,0.8547699126110792,0.20561812647740443,-0.3121633311062991,9.666450079211021,Beverages—Non-Alcoholic,Consumer Defensive,CCEP
2012Q1,2012,Q1,2012-03-31,2012-03-31,81709670.0,1400308840.0,128186730.0,0.262371,491757280.0,0.3511777301927195,6869609320.0,2205411460.0,1922800950.0,1523248160.0,4664197860.0,330586830.0,523991370.0,6487400920.000001,8538388600.000001,7.302686953642384,1.2623031496062993,0.33085988651243997,1.0305914343983684,0.02093973212781112,7.302686953642384,0.03704962610469069,4.63283579642331,19.84893868742831,2.941583027776595,0.44036697247706424,2.748299319727891,0.005546480084045738,0.20384111741597555,0.9581692913385826,0.011894369271060672,-43.05540929213305,0.3511777301927195,-0.24603881683540132,10.517985690730765,-0.351683378657268,0.028042143043114164,-0.17761783654699526,-0.25458855010182285,-0.24133842229758462,1.8549038356595207,-0.4090097515383212,523.2698798727104,Beverages—Non-Alcoholic,Consumer Defensive,CCEP
2011Q4,2011,Q4,2011-12-31,2011-12-31,109616870.0,1685954720.0,168964310.0,0.3479900634920635,597966860.0,0.35467551584066265,7016475700.0,2236723450.0,2072383300.0,1425824400.0,4779752250.0,310934650.0,492248900.0,6267881331.1296,8064049731.1296,7.100709365079365,1.4534632034632036,0.3312073894875742,1.0389789582614695,0.027135302347100536,7.100709365079365,0.04900778860256506,3.7177044298850443,14.294974238749928,2.80226030228708,0.3207986143008827,3.499088506218268,0.005610339146874461,0.2402851220592127,1.1553030303030303,0.015622781961605027,78.61874893389302,0.35467551584066265,-0.46291696352351425,1.1260986224334126,-0.20387363350833926,-0.014395710817779395,0.005131193363265267,-0.4757770218311007,-0.3045946370863522,1.1579855453360797,-0.33648309391579384,155.65064355649235,Beverages—Non-Alcoholic,Consumer Defensive,CCEP
2011Q3,2011,Q3,2011-09-30,2011-09-30,209103520.0,1575639200.0,242972400.0,0.647926,594914240.0,0.3775700934579439,6875382640.0,2299402440.0,2123431520.0,1308369560.0,4575980200.0,295984560.0,417470760.0,5768649200.141101,7405399640.141101,7.299690285714286,1.6229600450196962,0.3249089740843864,0.9715017611271214,0.04974411398472008,7.299690285714286,0.0909382004482869,3.6611485676042466,6.896881984747436,2.5087601455885644,0.16200305953720914,3.3134328358208953,0.005872329695342094,0.22917112872135362,1.285875070343275,0.03041336474619833,23.696192478107008,0.3775700934579439,0.25775705433820434,0.8826689830091019,-0.41957669655597224,-0.3119548407781138,-0.036623713322661795,0.23056722250175812,-0.020190600624850667,1.121129403485397,-0.404423498036696,0.975283062915119,Beverages—Non-Alcoholic,Consumer Defensive,CCEP
2011Q2,2011,Q2,2011-06-30,2011-06-30,169924500.0,1662635250.0,247979250.0,0.515144,617530500.0,0.37141670128791027,6616694250.0,2258061750.0,1930646250.0,1492710750.0,4358632500.0,333632250.0,224493750.0,6509567192.400001,8142500192.400001,6.990903250773994,1.2933826931975938,0.28896544524480633,0.8467421229733864,0.04340886983286548,6.990903250773994,0.07525237075558275,3.9152106226546084,9.577146309684597,2.8828118595073855,0.1744108118605616,3.132505175983437,0.004552786556163238,0.25127883912725757,1.0,0.025681177575947386,63.563629542941264,0.37141670128791027,1.3618216245707502,-0.06007699716288095,-0.42972558752811585,-0.31307525704123224,0.3846288274856077,1.3758912152518332,1.2410312389746496,1.1268244309642697,-0.3380364249026134,1.1006801408793863,Beverages—Non-Alcoholic,Consumer Defensive,CCEP
2011Q1,2011,Q1,2011-03-31,2011-03-31,71520320.0,1244183680.0,110654080.0,0.218113,445989920.0,0.3584598698481562,6102842400.0,2177321440.0,1593688640.0,1181434720.0,3925520960.0,289454880.0,81641120.0,6283500381.766412,7802295101.766412,6.698981738342707,1.3489434608794975,0.28435599778883364,0.7970251007127362,0.02081776551512713,6.698981738342707,0.03284784629687016,5.0502996324195575,21.964038967409582,2.885885504239747,0.36792452830188677,2.757575757575758,0.004187805904549434,0.203869541182974,1.0188463735008566,0.0117191818684356,-124.17003362908885,0.3584598698481562,-0.19654126249857237,6.8849263142395145,-0.49349471154822655,-0.3242957466559316,-0.1784583370688842,-0.22283760584199225,-0.11650664036750691,20.06848939615505,-0.40063415901957894,-0.10137110952129871,Beverages—Non-Alcoholic,Consumer Defensive,CCEP
2010Q4,2010,Q4,2010-12-31,2010-12-31,92027510.0,1527160200.0,125246080.0,0.27146758112094393,542869510.0,0.3554764654029093,6463332400.0,2363221700.0,1676737000.0,1460189800.0,4100110700.0,275947300.0,42858300.0,6379235912.563589,7856719412.563589,6.971155457227138,1.148300720906282,0.2659376454164728,0.7273305758829144,0.02438952699582701,6.971155457227138,0.03894154746463271,4.177188426311522,17.329698240677136,2.699381066348362,0.0,3.5669516969363353,0.0,0.2362806220518691,0.893923789907312,0.014238399683729712,8.940179716001763,0.3554764654029093,-0.378165193889156,4.153325424281929,-0.46507512174389276,-0.3093869463576311,0.1669957683547746,-0.3817821734555355,-0.28276495234203325,0.304092956031115,-0.36295817255135326,-0.1406459995263778,Beverages—Non-Alcoholic,Consumer Defensive,CCEP
2010Q3,2010,Q3,2010-09-30,2010-09-30,148859360.0,1203041270.0,174623480.0,0.436559,465185500.0,0.3866745984533016,6052421190.0,2345250590.0,2250782150.0,1541553180.0,3707170600.0,251915840.0,0.0,7711294020.0,9080370730.0,6.918143333333333,1.4600742804085423,0.2824878798628355,0.7290204455294477,0.03998789773586809,6.918143333333333,0.06347268843454379,6.4098333218443955,12.95063679569763,3.288046937449017,0.0,2.928977272727273,0.0,0.19877024949745772,1.2423398328690807,0.024595010050845453,-23.55532066638336,0.3866745984533016,-0.22906074674757057,0.2987241296709533,-0.5883104715373227,-0.314749591767224,-0.7353390863716067,-0.4547390435628968,-0.6217452424614064,0.12463405499467627,-0.5493340933897196,-0.11901124418233154,Beverages—Non-Alcoholic,Consumer Defensive,CCEP
2010Q2,2010,Q2,2010-06-30,2010-06-30,273005720.0,4512263080.0,461655740.0,0.566269,1757666040.0,0.389530931339225,12476208030.0,941716360.0,4389563880.0,3493859720.0,11522221750.0,800612280.0,-1596623340.0,10593488897.247662,16315872837.247662,1.879673373253493,1.2563652326602284,0.5299649640420432,7.021172638436482,0.04609653273681494,1.879673373253493,0.2899022801302932,2.3477108292293236,9.700793903922289,11.249129087284478,0.12853741672518804,3.4406130268199235,0.0033125489005909337,0.36166943266334745,0.9126426690079017,0.021882107074804844,58.2200805285525,0.389530931339225,2.576624032843834,-0.0668156366172995,0.0015815967687253527,-0.8029931488697409,0.2136067184942054,2.4161336733879253,1.2347896535535787,0.30856867130129445,0.030820471019040875,-0.7541885384099146,Beverages—Non-Alcoholic,Consumer Defensive,CCEP
2010Q1,2010,Q1,2010-03-31,2010-03-31,79916580.0,3745524240.0,206576820.0,0.158325,1448299530.0,0.3866747181964573,12073435020.0,714725640.0,3912896700.0,3219281100.0,11346646500.0,734327820.0,-1803400560.0,10115488812.0,15959200242.0,1.446813036437247,1.215456674473068,0.544710877981766,9.201476793248945,0.021451467568725346,1.446813036437247,0.11181434599156118,2.7006870504194094,31.643899213404776,14.15296758067893,0.42452830188679247,3.128336755646817,0.0033539506227076832,0.3102285500187336,0.8681498829039813,0.006619208192831272,-60.71046726915668,0.3866747181964573,0.03109064740705043,1.142660894516308,0.10090924173521677,-0.8340269993426475,-0.0483763990515773,-0.0990747873203554,-0.037532074604572786,5.886839509185571,0.06012220611463854,-0.7963236293704478,Beverages—Non-Alcoholic,Consumer Defensive,CCEP
2009Q4,2009,Q4,2009-12-31,2009-12-31,88705010.0,3888964200.0,214632420.0,0.153551,1521924770.0,0.39134450504841367,11457711360.0,599547640.0,3608453200.0,3202240480.0,10842110640.0,610017040.0,-1709304040.0,7250616582.0102005,12653524942.0102,1.223566612244898,1.1268526591107235,0.534661306042885,10.217694994179277,0.024496656313021777,1.223566612244898,0.1479532302053595,1.8644081583497736,20.434630980849338,12.09347864668469,0.33790504053829656,3.8802841146863702,0.004133975319336205,0.339418936104182,0.8040540540540541,0.00774194838854799,150.056045451116,0.39134450504841367,-0.5475476979742173,2.23719870932184,0.5996897244087345,-0.854903652728857,0.035679648178156595,-0.4708956241006256,-0.31849742808153936,1.0655987506273175,0.18055036502909388,-0.8301645034143358,Beverages—Non-Alcoholic,Consumer Defensive,CCEP
2009Q3,2009,Q3,2009-09-30,2009-09-30,167651250.0,3779958750.0,314940000.0,0.339375,1469493750.0,0.38875920272939485,11162722500.0,496166250.0,3570903750.0,2766585000.0,10650266250.0,690967500.0,-1709771250.0,7129351868.799999,12412063118.8,1.016734118852459,1.2907262021589794,0.5307065547853581,11.939808481532149,0.037166537922464216,1.016734118852459,0.3378932968536252,1.8860925053216517,10.631223848316072,14.368877102785607,0.1487645931658726,3.343811394891945,0.0034982941589889512,0.33862337346467225,0.8876349362119725,0.015018849568284082,15.324663747923378,0.38875920272939485,-0.2560274110740389,-0.029085406278634818,-0.029680501700147903,-0.8828439731948752,-0.07401463679372458,-0.23619342782261668,-0.18195647522203984,-0.02566085383919697,-0.10119422143049979,-0.9041659356341155,Beverages—Non-Alcoholic,Consumer Defensive,CCEP
2009Q2,2009,Q2,2009-06-30,2009-06-30,219494380.0,4143745340.0,384991740.0,0.456166,1586951380.0,0.3829751226941953,11626189540.0,334501020.0,3762961160.0,3201251900.0,11275559540.0,789618760.0,-1910933500.0,5775801250.499999,11683215490.5,0.686860410677618,1.1754654983570647,0.5476808010133302,19.035639412997902,0.04406917627362759,0.686860410677618,0.6561844863731656,1.3938600895054036,6.578529767481973,17.266916706262958,0.10029249951638852,3.238010657193606,0.0038113569088088555,0.35641474154050307,0.8059145673603505,0.01887930514506303,38.520821904295936,0.3829751226941953,3.6472625766621163,0.24943211046533825,-0.011505586984751237,-0.9198736345638228,0.11974178513702496,3.7655398572168624,1.115694248914076,-0.19474534584166234,-0.05734338313825551,-0.9325092346255773,Beverages—Non-Alcoholic,Consumer Defensive,CCEP
2009Q1,2009,Q1,2009-03-31,2009-03-31,46058660.0,3813053000.0,181969460.0,0.098158,1417247620.0,0.3716831683168317,11692859160.0,-6795540.0,3400035180.0,3267144620.0,11681533260.0,797343360.0,-2266690120.0,4839101562.599999,11259376742.599998,-0.013982592592592593,1.040674832447423,0.5812346635670929,-1000.1111111111111,0.019010438218985348,-0.013982592592592593,-6.777777777777778,1.2690884607688377,26.265970192141932,-712.0996363202923,0.5573770491803278,3.0047348484848486,0.005305125273338276,0.3261009944465969,0.6778368384562052,0.003939041715097507,-41.61621251222488,0.3716831683168317,1.0445631837974954,-0.4846761627695147,0.04642777340492921,-1.0017595158267407,-0.021874747747129962,1.0431141740351364,1.1171741963636985,2.3959162790793957,0.03812538675591117,-1.0014103781226205,Beverages—Non-Alcoholic,Consumer Defensive,CCEP
2008Q4,2008,Q4,2008-12-31,2008-12-31,-1068295080.0,3912236480.0,-1552982360.0,-2.202670268041237,1448942880.0,0.370361783447201,11198202260.0,-22268540.0,3292152220.0,3644857160.0,11220470800.0,647224340.0,-2175851860.0,4173511960.5,10140762340.5,-0.045914515463917525,0.9032321639731967,0.5791904548078773,-291.258064516129,-0.15351992099144562,-0.045914515463917525,47.97328787607989,1.0667841736652892,-0.9766758357859329,-187.41740412707793,0.0,3.8059347397225514,0.0,0.3493629056848273,0.5971620023649981,-0.09539880198591805,13.711506654537978,0.370361783447201,-8.058053467363191,-15.823127424299113,0.41350585480059293,-1.0060194076349107,-0.03456284015011254,-8.038269042976792,-6.0919775032370325,-24.58587706437723,-0.042163776262321956,-1.0045486238150336,Beverages—Non-Alcoholic,Consumer Defensive,CCEP
2008Q3,2008,Q3,2008-09-30,2008-09-30,151783780.0,4073337610.0,304986100.0,0.312079,1500815320.0,0.36844854605606825,13503082260.0,1792325290.0,3390310600.0,4454924870.0,11710756970.0,774522840.0,-1095112880.0,5769869430.0,12159682860.0,3.69551606185567,0.7610253144403757,0.4933291312112617,3.7166600712307085,0.02807435034970902,3.69551606185567,0.08468539770478829,1.4164967361985985,9.503435462603449,3.2192088468494466,0.0,3.3214285714285716,0.0,0.3016598382183002,0.48893488298041715,0.011240676541653534,22.033817099217085,0.36844854605606825,1.0753243800466024,-0.3599742982852957,-0.0602897416566825,-0.5160838446075553,0.07160388646655506,1.0754454528495805,1.100345587859223,-0.07439842284665432,-0.0256888751084937,-0.6339546944892182,Beverages—Non-Alcoholic,Consumer Defensive,CCEP
2008Q2,2008,Q2,2008-06-30,2008-06-30,-2011834700.0,3771395750.0,-3039357350.0,-4.143134,1400531800.0,0.3713563605728728,12639735950.0,1614043000.0,3267483900.0,4009054050.0,11025692950.0,798125200.0,-1095515800.0,5327295952.063801,11386311702.0638,3.327923711340206,0.8150261531145981,0.486149514855965,3.8070866141732282,-0.2517173002661129,3.327923711340206,-1.2464566929133858,1.4125528863057664,-0.6619947394365702,3.3005910945766628,-0.010777296961822957,2.9705414012738856,0.004070008536244418,0.2983761500175959,0.5111745126010461,-0.15916746267156,67.6376467985352,0.3713563605728728,-328.1584017687934,-9.34117762406735,-0.11945682407620631,-0.5457188153723654,0.23983552709155725,-398.16252230768015,-30.448292156271336,-8.103689796479593,-0.1352511000927473,-0.6512033524005013,Beverages—Non-Alcoholic,Consumer Defensive,CCEP
2008Q1,2008,Q1,2008-03-31,2008-03-31,5065520.0,3097565480.0,103209970.0,0.012664,1129610960.0,0.36467702371218313,15544181310.0,3615514900.0,2845555860.0,3755449890.0,11928666410.0,695242620.0,935221630.0,7448300507.781,13548452967.781,7.454669896907217,0.7577137076378351,0.3948837019837875,1.697723292469352,0.004232666839781875,7.454669896907217,0.0014010507880910684,2.404565958612439,367.59802092287663,2.060093987658853,4.25,2.830601092896175,0.0028903855285524406,0.19927491954865778,0.46788062721294893,0.0003258788545358263,-39.740326586256934,0.36467702371218313,-0.9391638842215185,-0.8157858605151864,-0.139865149643038,0.06156850565282611,-0.08738499574986971,-0.9494094345064745,-0.46972534683265743,-0.8616669992039151,-0.07264800300451148,-0.14482804582235836,Beverages—Non-Alcoholic,Consumer Defensive,CCEP
2007Q4,2007,Q4,2007-12-31,2007-12-31,100127760.0,3401433830.0,194634930.0,0.2081658212058212,1237773820.0,0.3638976625336851,16492430020.0,3901914430.0,2806580040.0,3664603410.0,12590515590.0,633743880.0,1047323490.0,8574992427.82728,14900771437.82728,8.112088212058213,0.7658618753509264,0.3906262995924478,1.651081033573563,0.020348658600525395,8.112088212058213,0.025661188064547074,2.5209934564057885,21.4101274906861,2.1976372320977013,0.18570204706467017,3.414092156598025,0.00216839025299423,0.2062421259859922,0.47370391166011605,0.0060711344464446605,31.476204180892566,0.3638976625336851,-0.45990436193433415,0.9024055127178443,-0.02932574543345339,0.15054082476424424,-0.1528511374726581,-0.4668563940007143,-0.3827902640428862,2.7224314904973084,0.42532807735714784,-0.03803000463422333,Beverages—Non-Alcoholic,Consumer Defensive,CCEP
2007Q3,2007,Q3,2007-09-30,2007-09-30,187806360.0,3787661850.0,315346500.0,0.385424,1461105450.0,0.38575393154486587,16917288570.0,3777150300.0,2981075580.0,2819898480.0,13140138270.0,752626980.0,979676460.0,8308312807.599999,15098073337.599998,7.852703326403327,1.0571570576540756,0.40673542935255375,1.8217068645640073,0.02608393229770461,7.852703326403327,0.04972170686456401,2.1935202076183224,11.059679778150217,2.1996246237805255,0.09647346341199521,3.091247672253259,0.002180747213011326,0.22389296218052276,0.6371769383697813,0.011101445673335819,33.68114307095759,0.38575393154486587,-0.06837381650475817,-0.08678611468176532,-0.22669495954686927,0.060460126960725474,-0.09609041477336744,-0.05846324145388807,-0.1791280413077454,0.10346680783973829,-0.013553256776044766,-0.09515034034743236,Beverages—Non-Alcoholic,Consumer Defensive,CCEP
2007Q2,2007,Q2,2007-06-30,2007-06-30,199467900.0,4185132050.0,384160400.0,0.413711,1616428760.0,0.3862312444836717,17932902980.0,3662821660.0,3438235580.0,3091752450.0,14270081320.0,803042990.0,856234430.0,8492899920.0,15845877730.0,7.646809311064718,1.1120669056152928,0.41731894207794346,2.043162565550625,0.02542461276359021,7.646809311064718,0.05445744251714401,2.0293027360988525,10.644444444444446,2.318676885841065,0.1059840706198842,3.1987120515179392,0.0024891874623668,0.2333772760978825,0.7005973715651135,0.011123012276509846,47.774396885430384,0.3862312444836717,17.422362737676448,-0.14214348929139636,-0.12998952202378794,0.10536856290500231,0.21861420126793935,16.764588008977235,1.6869068541792214,0.15439841412695599,0.015041444363342805,-0.10795406496835734,Beverages—Non-Alcoholic,Consumer Defensive,CCEP
2007Q1,2007,Q1,2007-03-31,2007-03-31,11228400.0,3418673520.0,142974960.0,0.022457,1326448320.0,0.3880008758484782,17397282960.0,3395468160.0,2859499200.0,2778654720.0,14001814800.0,717869040.0,687926640.0,7245686520.0,14836833480.0,7.103489874476987,1.0290948275862069,0.4410739641151413,2.259920634920635,0.009226250857413366,7.103489874476987,0.0033068783068783067,2.1194438362163344,161.32500000000002,2.1339285714285716,1.9333333333333333,2.9144942648592282,0.0029960225218244744,0.19650617443311388,0.603448275862069,0.0006454111268878275,-35.32664233576642,0.3880008758484782,1.0081375793767506,-0.08479052328424713,-0.23489626941957828,-0.017538708701300403,0.06972830939131919,1.0085478013699671,1.069692619415735,-0.8722693325882441,-0.04610094906875955,-0.1061240770287585,Beverages—Non-Alcoholic,Consumer Defensive,CCEP
2022Q2,2022,Q2,2022-06-30,2022-06-30,,,,,,,30354000000.0,7591000000.0,6978000000.0,7416000000.0,22571000000.0,1410000000.0,7136000000.0,0.0,10823000000.0,0.0,0.9409385113268608,0.4164854714370429,1.6653932288236069,,0.0,,0.0,0.0,0.0,0.0,,,,0.7137270765911543,,0.0,0.0,0.0,-1.0,-1.0,-1.0,0.0,0.0,0.0,0.0,0.0,0.0,Beverages—Non-Alcoholic,Consumer Defensive,CCEP
2021Q4,2021,Q4,2021-12-31,2021-12-31,,,,,,,29090000000.0,7033000000.0,5760000000.0,6093000000.0,21880000000.0,1157000000.0,6677000000.0,0.0,11733000000.0,0.0,0.9453471196454948,0.45170161567548983,1.868334992179724,,0.0,,0.0,0.0,0.0,0.0,,,,0.24043984900705728,,0.0,0.0,0.0,-1.0,-1.0,-1.0,0.0,0.0,0.0,0.0,0.0,0.0,Beverages—Non-Alcoholic,Consumer Defensive,CCEP
2021Q2,2021,Q2,2021-06-30,2021-06-30,,,,,,,29170000000.0,6570000000.0,6010000000.0,6621000000.0,22375000000.0,1236000000.0,6454000000.0,0.0,11734000000.0,0.0,0.9077178673916327,0.4647925951319849,2.0636225266362254,,0.0,,0.0,0.0,0.0,0.0,,,,0.2754870865428183,,0.0,0.0,0.0,-1.0,-1.0,-1.0,0.0,0.0,0.0,-1.0,-1.0,-1.0,Beverages—Non-Alcoholic,Consumer Defensive,CCEP
