Quarters,Year,Quarter,FillingDate,Date,NetIncome,Revenue,OperatingIncome,EPSDiluted,GrossProfit,GrossProfitRatio,TotalAssets,CommonStockEquity,CurrentAssets,CurrentLiability,TotalLiability,Inventory,RetainedEarnings,MarketCap,EnterpriseValue,bookValuePerShare,currentRatio,debtToAssets,debtToEquity,roic,shareholdersEquityPerShare,roe,priceToSalesRatio,peRatio,pbRatio,payoutRatio,inventoryTurnover,dividendYield,assetTurnover,quickRatio,returnOnAssets,priceToFreeCashFlowsRatio,grossProfitMargin,epsdilutedGrowth,fiveYNetIncomeGrowthPerShare,fiveYRevenueGrowthPerShare,fiveYShareholdersEquityGrowthPerShare,grossProfitGrowth,netIncomeGrowth,operatingIncomeGrowth,threeYNetIncomeGrowthPerShare,threeYRevenueGrowthPerShare,threeYShareholdersEquityGrowthPerShare,Industry,Sector,Symbol
2023Q1,2023,Q1,2023-05-01,2023-03-31,5868000.0,38156000.0,7490000.0,0.33,17899000.0,0.4691005346,1098915000.0,405439000.0,39521000.0,95978000.0,693476000.0,6559000.0,167599000.0,1378974240.0,1753240240.0,22.968445501926126,0.4117714476234137,0.3450021157232361,0.935104910973044,0.008442022695831787,22.968445501926126,0.014473200654105796,36.14042981444596,58.749754601226996,3.4011879468921347,0.9446148602590321,3.0884281140417746,0.004019654493328317,0.03472152077276223,0.3026526912417429,0.00533981245137249,-161.37790988882387,0.46910053464723767,-0.17500000000000002,0.20972626996884133,0.13385779945605783,0.6130493274637449,-0.0445713675669905,-0.18147579857720741,-0.08053032163024798,-0.24406257014859,0.18641640781052624,0.21553940166164634,Utilities—Regulated Water,Utilities,MSEX
2022Q4,2022,Q4,2023-02-24,2022-12-31,7169000.0,38823000.0,8146000.0,0.4,18734000.0,0.4825490045,1074450000.0,402412000.0,37306000.0,117859000.0,672038000.0,6177000.0,167274000.0,1404062825.0,1767182825.0,22.547247513657375,0.3165307698181726,0.3415217087812369,0.911871415365347,0.010324127468615345,22.547247513657375,0.0178150750971641,36.16574775262087,48.96299431580416,3.4891176828722803,0.7730506346770819,3.2522259996762184,0.003947116825060873,0.03613290520731537,0.2418567949838366,0.0066722509190748755,-169.65476377477043,0.48254900445612137,-0.5,0.20901813181437462,0.11272740401612409,0.5664644914801608,-0.31677607585703865,-0.4983556084248828,-0.5085369532428355,-0.12991858765567355,0.16144467510852276,0.20946524012630371,Utilities—Regulated Water,Utilities,MSEX
2022Q3,2022,Q3,2022-10-28,2022-09-30,14291000.0,47732000.0,16575000.0,0.8,27420000.0,0.5744573871,1064669000.0,400159000.0,41472000.0,92967000.0,664510000.0,5792000.0,165652000.0,1360881600.0,1711149600.0,22.700192874971638,0.4460937752105586,0.33172375639752827,0.8825891708046052,0.01924014225086364,22.700192874971638,0.035713303961675234,28.510885778932373,23.806619550766218,3.4008521612658966,0.3599468196767196,3.5069060773480665,0.0037799026748543,0.04483271326581313,0.3443264814396506,0.013422951170739451,-147.66510416666668,0.5744573870778513,0.6000000000000001,0.7334231656746033,0.22310039960276198,0.6164818208550286,0.3624167743217728,0.6115245827695084,0.6430412371134021,0.21105391958639252,0.19080523793430404,0.3568862837899911,Utilities—Regulated Water,Utilities,MSEX
2022Q2,2022,Q2,2022-07-29,2022-06-30,8868000.0,39683000.0,10088000.0,0.5,20126000.0,0.5071693168,1038018000.0,387652000.0,39020000.0,78829000.0,650366000.0,5707000.0,156531000.0,1541677440.0000002,1882118440.0000002,22.04697719388045,0.49499549658120745,0.3321339321668796,0.8893569490161278,0.01257118164446529,22.04697719388045,0.022876187921125134,38.84982083007838,43.46181326116374,3.9769624302209206,0.5781461434370772,3.4268442263886456,0.0033255983819806038,0.03822958754087116,0.370904108893935,0.00854320445310197,-156.89776511296563,0.5071693168359247,-0.27536231884057966,0.5307669870807764,0.11648462084203957,0.6020325394331506,0.1799261300345899,-0.2671074380165289,0.11506576765778712,0.022756046629476074,0.11645143590856682,0.37060864101924657,Utilities—Regulated Water,Utilities,MSEX
2022Q1,2022,Q1,2022-04-29,2022-03-31,12100000.0,36196000.0,9047000.0,0.69,17057000.0,0.471239916,1009584000.0,379966000.0,32865000.0,59669000.0,629618000.0,5369000.0,152790000.0,1844471460.0,2173605460.0,21.665298209602007,0.5507885166501869,0.3292722547108512,0.8748888058405225,0.012290812830000386,21.665298209602007,0.03184495454856487,50.9578809813239,38.10891446280991,4.854306595853314,0.4228925619834711,3.5647234121810394,0.002774236474225521,0.03585239068764957,0.4176708173423386,0.011985134471227753,-694.4546159638554,0.4712399160128191,0.6829268292682926,1.532127040947326,0.11642082282437956,0.5885247396188105,0.09206735386388373,0.6719635207959099,0.18867428721587176,0.729880527348882,0.1044730576601287,0.3871870563669172,Utilities—Regulated Water,Utilities,MSEX
2021Q4,2021,Q4,2022-02-25,2021-12-31,7237000.0,34025000.0,7611000.0,0.41,15619000.0,0.45904482,108358000.0,367726000.0,34355000.0,56619000.0,-259368000.0,-7273000.0,145807000.0,2064290737.2,2380277737.2,21.42984852027364,0.6067751108285204,2.948743978294173,0.868907828111148,0.014822849673154575,21.42984852027364,0.01968041422145837,60.66982328288024,71.3103059693243,5.61366543894095,0.6893740500207268,-2.530730097621339,0.0024168107283022884,0.31400542645674523,0.4612762500220774,0.06678786983886746,143.45314365531618,0.45904481998530494,-0.3692307692307693,1.0851654862319577,-0.007570653408166744,0.5446124625588294,-0.2535366086790289,-0.3693795747647264,-0.3337710084033613,-0.024239211124931232,-0.0356831430597649,0.38012506686929254,Utilities—Regulated Water,Utilities,MSEX
2021Q3,2021,Q3,2021-10-29,2021-09-30,11476000.0,39874000.0,11424000.0,0.65,20924000.0,0.5247529718613633,1029592000.0,364424000.0,40567000.0,92494000.0,665168000.0,5156000.0,143678000.0,1797724980.0,2120266980.0,20.834943685323882,0.438590611282894,0.3184018523842454,0.8995675367154743,0.0180725211325015,20.834943685323882,0.03149079094680921,45.085142699503436,39.1627086964099,4.933058689877725,0.4180027884280237,3.67532971295578,0.002668372556073621,0.038727962144228,0.3393084956862067,0.011146162751847334,-168.23179674340258,0.5247529718613633,0.04838709677419359,0.21230870428099696,-0.017769535960475768,0.5375728980807956,0.1164230071497172,0.05062711709237389,0.16405135520684735,-0.12479669772281819,-0.0346089506245592,0.3795880509768273,Utilities—Regulated Water,Utilities,MSEX
2021Q2,2021,Q2,2021-07-30,2021-06-30,10923000.0,36701000.0,9814000.0,0.62,18742000.0,0.5106672842701834,1014975000.0,357182000.0,37242000.0,80745000.0,657793000.0,4661000.0,136998000.0,1429294240.0,1739145240.0,20.42440530649588,0.46122979751068177,0.31121653242690706,0.8843586742892979,0.017003347727968958,20.42440530649588,0.030581048317104446,38.944285986757855,32.71295065458207,4.001585298251312,0.43898196466172296,3.8530358292211973,0.0033548025772495937,0.03615951131801276,0.34829401201312776,0.010761841424665632,-73.9417609932747,0.5106672842701834,0.5897435897435896,0.7169897168499352,0.04345168084700404,0.5484944865244931,0.32125484666901655,0.5814391197336036,0.741924032658857,0.179935481489489,-0.015077836520734328,0.4033589961127605,Utilities—Regulated Water,Utilities,MSEX
2021Q1,2021,Q1,2021-05-05,2021-03-31,6907000.0,32541000.0,5634000.0,0.39,14185000.0,0.4359116191881012,986210000.0,350932000.0,31380000.0,65801000.0,635278000.0,5193000.0,130872000.0,1380953520.0,1674602520.0,20.080796520943007,0.4768924484430328,0.30185761653197596,0.8482982458140038,0.010034918030290243,20.080796520943007,0.019681875691017064,42.437341200331886,49.98383958303171,3.9351028689318728,0.6937889098016505,3.5347583285191604,0.003470066103310994,0.032996015047505094,0.36420419142566224,0.007003579359365652,-109.6778270192995,0.4359116191881012,-0.17999999999999994,0.3394012355029336,-0.011528007284989036,0.5431921769640388,-0.14506991321118612,-0.1685325628987601,-0.32381180988958236,0.438263122988022,-0.023260999172666528,0.41025283231845616,Utilities—Regulated Water,Utilities,MSEX
2020Q4,2020,Q4,2021-02-25,2020-12-31,8307000.0,34627000.0,8332000.0,0.47560975609756095,16592000.0,0.47916365841684233,976470000.0,348292000.0,34123000.0,56848000.0,628178000.0,5112000.0,128757000.0,1265761020.0,1548811020.0,19.941142791709606,0.6002497889107796,0.2944698761866724,0.8255745179332284,0.016109651137945817,19.941142791709606,0.02385067701813421,36.55416351402085,38.09320512820513,3.634194928393417,0.5766221259179005,3.5279733959311423,0.0037842846511421248,0.03546140690446199,0.45955882352941174,0.008507173799502289,-67.43891629815121,0.47916365841684233,-0.3394308943089431,0.6267292688274393,8.359005106214993e-05,0.4875045548255623,-0.24482272085931456,-0.3478056057156316,-0.367686119754117,0.4315363458432563,0.014141356962718172,0.3854060050490709,Utilities—Regulated Water,Utilities,MSEX
2020Q3,2020,Q3,2020-10-30,2020-09-30,12737000.0,39920000.0,13177000.0,0.72,21971000.0,0.550375751503006,959834000.0,344190000.0,37867000.0,85354000.0,615644000.0,4762000.0,125240000.0,1085511900.0,1363607900.0,19.706286499484712,0.44364646062281793,0.2953031461690251,0.8235044597460704,0.02093522344882131,19.706286499484712,0.03700572358290479,27.192181863727455,21.306271099945043,3.1538159156279963,0.3537724738949517,3.769214615707686,0.004151036943952434,0.04159052502828614,0.3483843756590201,0.01327000293800803,-122.00875576036866,0.550375751503006,0.3090909090909089,0.7522221304639684,0.06859302124178741,0.5400779194204535,0.24432236506767854,0.31133532379285495,0.40404901438465635,0.5592606241406453,0.03241093243668098,0.40328560459501,Utilities—Regulated Water,Utilities,MSEX
2020Q2,2020,Q2,2020-07-31,2020-06-30,9713000.0,35277000.0,9385000.0,0.55,17657000.0,0.5005244210108569,950870000.0,335457000.0,43989000.0,84294000.0,615413000.0,5274000.0,117008000.0,1173097160.0,1448009160.0,19.21068606116138,0.5218520891166631,0.3029941001398719,0.8588522523005929,0.016917288534849542,19.21068606116138,0.02895453068500583,33.25388099895116,30.193996705446313,3.4970120164432403,0.4637084319983527,3.340917709518392,0.0038394091756219066,0.03709970868783325,0.4122950625192778,0.010214855868835908,-75.25159792161139,0.5005244210108569,0.2500000000000001,0.7651133047874283,0.030267709172684794,0.5264610735333386,0.21129176099334568,0.26669274908711527,0.4378734487513406,0.6882462124302474,-0.0006010576396903622,0.3959348669058308,Utilities—Regulated Water,Utilities,MSEX
2020Q1,2020,Q1,2020-05-05,2020-03-31,7668000.0,31769000.0,6527000.0,0.44,14577000.0,0.45884352670842643,935316000.0,329484000.0,40010000.0,80539000.0,605832000.0,5276000.0,111800000.0,1048312440.0,1308353440.0,18.89568159660492,0.4967779585045754,0.29451009070731177,0.8360345267144991,0.012877809359285917,18.89568159660492,0.023272753760425393,32.997967830274796,34.1781572769953,3.181679353170412,0.5865936358894105,3.258529188779378,0.0042907055457626735,0.03396606066826613,0.4090440656079663,0.008198298756783804,-116.3627972027972,0.45884352670842643,-0.04347826086956525,0.9510781955066527,0.02124325423206265,0.5187417381205156,-0.04899530271398747,-0.04981412639405204,-0.13641174913998413,0.6139516613073702,-0.014448799246178248,0.3854532440667559,Utilities—Regulated Water,Utilities,MSEX
2019Q4,2019,Q4,2020-02-27,2019-12-31,8070000.0,32739000.0,7558000.0,0.46,15328000.0,0.4681877882647607,909878000.0,325876000.0,29133000.0,64981000.0,584002000.0,5445000.0,108667000.0,1111231252.95,1366956252.95,18.642327836807265,0.4483310506147951,0.283505041335212,0.791574095668291,0.017588353350773356,18.642327836807265,0.024764020670439063,33.94212568954458,34.42476000464684,3.409981873319913,0.533085501858736,3.1976124885215795,0.003871381396607974,0.03598174700344442,0.3281112940705745,0.008869320941928478,-73.10731927302632,0.4681877882647607,-0.30303030303030304,0.9645167125462916,0.07494660832497153,0.5057455059324719,-0.2374129353233831,-0.2742153071319363,-0.369273136944004,1.2824879350872929,-0.06261095276752802,0.34369460804159696,Utilities—Regulated Water,Utilities,MSEX
2019Q3,2019,Q3,2019-11-01,2019-09-30,11119000.0,37769000.0,11983000.0,0.66,20100000.0,0.5321824776933464,887353000.0,277879000.0,34711000.0,103475000.0,609474000.0,5159000.0,105233000.0,1078985600.0,1369767600.0,16.72962071041541,0.3354530079729403,0.33124697837275585,1.0577733473922102,0.02124829414310228,16.72962071041541,0.04001381896436938,28.568021393206067,24.259951434481515,3.882933219134947,0.36127349581796925,3.4248885442915293,0.003722941251486582,0.04256366970078424,0.25102681807199806,0.012530526182928327,-78.2213716108453,0.5321824776933464,0.3469387755102042,0.5944938716465814,0.12040479028801995,0.355982178034919,0.20996869732723333,0.36496439970537686,0.33888268156424584,0.23689667301595196,-0.020275228840448422,0.23460911572442547,Utilities—Regulated Water,Utilities,MSEX
2019Q2,2019,Q2,2019-07-31,2019-06-30,8146000.0,33393000.0,8950000.0,0.49,16612000.0,0.4974695295421196,807571000.0,265717000.0,32283000.0,102532000.0,541854000.0,5375000.0,98146000.0,980567840.0,1207904840.0,16.085537865488227,0.3148578004915539,0.28520959767005005,0.8668131884674296,0.01879552727153107,16.085537865488227,0.030656676087717383,29.364472793699278,30.09353793272772,3.690271378948279,0.4909157868892708,3.122046511627907,0.004078249190795407,0.041349924650587996,0.2242324347520774,0.010087038786682533,-50.497880317231434,0.4974695295421196,0.25641025641025633,0.6706730771693037,0.1092919940767699,0.3254292553827775,0.1395253121141446,0.24328449328449328,0.27347751849743884,0.3555843854094156,0.005093059726903896,0.21953938553929395,Utilities—Regulated Water,Utilities,MSEX
2019Q1,2019,Q1,2019-05-06,2019-03-31,6552000.0,30698000.0,7028000.0,0.39,14578000.0,0.4748843572871197,782973000.0,256575000.0,29650000.0,93246000.0,526398000.0,5479000.0,94000000.0,904689960.0,1114961960.0,15.618151935719503,0.31797610621367134,0.2749239118079423,0.8389671635973887,0.015322120724831996,15.618151935719503,0.025536392867582577,29.47064825070037,34.51961080586081,3.5260253726980415,0.6072954822954822,2.942142726774959,0.0043981918402189405,0.03920697137704621,0.23494841601784527,0.008368104647286687,-194.1394763948498,0.4748843572871197,-0.09302325581395345,1.0103914819444484,0.09850358573703794,0.2980185585169056,0.007394098541911409,-0.06306306306306306,-0.017475185236963512,0.3516133410395103,-0.008024611245952822,0.20024172650230407,Utilities—Regulated Water,Utilities,MSEX
2018Q4,2018,Q4,2019-03-08,2018-12-31,6993000.0,33268000.0,7153000.0,0.43,14471000.0,0.4349825658290249,767830000.0,251220000.0,30815000.0,94363000.0,516610000.0,5411000.0,91433000.0,863153384.5,1068142384.5,15.527468513332348,0.3265580789080466,0.27179714259666854,0.830722076267813,0.01744650042808564,15.527468513332348,0.027836159541437783,25.945454626067093,30.857764353639354,3.4358466065599873,0.5681395681395681,3.473849565699501,0.004602889905021278,0.04332729901149994,0.241196231573816,0.00910748472969277,-90.14656757180157,0.4349825658290249,-0.4189189189189189,1.1794077022181915,0.19780933222660058,0.29434059224223086,-0.2974901694257003,-0.4310008136696501,-0.44627651339216595,0.47834058685894054,0.03726095149111715,0.15826762687316326,Utilities—Regulated Water,Utilities,MSEX
2018Q3,2018,Q3,2018-11-02,2018-09-30,12290000.0,38713000.0,12918000.0,0.74,20599000.0,0.5320951618319427,752798000.0,247587000.0,35372000.0,94410000.0,505211000.0,5633000.0,88413000.0,772977100.0,966308100.0,15.10229352202025,0.37466370087914413,0.26157083307872764,0.7953163938332788,0.029695108024709867,15.10229352202025,0.04963911675491847,19.966861261075092,15.72370016273393,3.1220423527891206,0.3013832384052075,3.215693236286171,0.00479186252736336,0.051425482001811906,0.27772481728630444,0.01632576069543224,-103.04987335021997,0.5320951618319427,0.423076923076923,1.0503137196762207,0.19878397607391698,0.25568476672892504,0.13844368298883608,0.41671469740634004,0.204924913720735,0.8012849494008499,0.10404596177359565,0.18026847861356926,Utilities—Regulated Water,Utilities,MSEX
2018Q2,2018,Q2,2018-08-02,2018-06-30,8675000.0,34919000.0,10721000.0,0.52,18094000.0,0.5181706234428248,729744000.0,238510000.0,31059000.0,81575000.0,491234000.0,4826000.0,79826000.0,691081960.0,876773960.0,14.553941908713693,0.38074164878945754,0.25812476704159265,0.789757242882898,0.02308469205048468,14.553941908713693,0.036371640602071195,19.791000887768835,19.915906628242077,2.897496792587313,0.4267435158501441,3.4863240779113136,0.005356817590781851,0.04785102720954198,0.27493717437940546,0.011887730491788902,-85.0667109798129,0.5181706234428248,0.9259259259259258,0.8699158522325461,0.15895476511314255,0.2269487248379813,0.35606685153263884,0.9303515798842902,0.6883464566929134,0.6797966539746766,0.08664646077643358,0.15644104116778657,Utilities—Regulated Water,Utilities,MSEX
2018Q1,2018,Q1,2018-05-07,2018-03-31,4494000.0,31177000.0,6350000.0,0.27,13343000.0,0.4279757513551657,705002000.0,232867000.0,25163000.0,64026000.0,472135000.0,4155000.0,74854000.0,600191800.0,772740800.0,14.23914638620521,0.39301221378814855,0.24757802105525942,0.749539436674153,0.012340499020964332,14.23914638620521,0.01929856956975441,19.25110818872887,33.38850689808634,2.577401692811777,0.8222073876279484,4.292178098676294,0.006156365348543582,0.04422256958136289,0.2960672226907819,0.006374450001560279,-582.7104854368932,0.4279757513551657,-0.15624999999999997,0.3671426672593145,0.1144426991600686,0.21242652240390647,-0.13080581069637157,-0.15937149270482603,-0.2503836619053241,0.2191956752236309,0.0685817514047903,0.14447239287855776,Utilities—Regulated Water,Utilities,MSEX
2017Q4,2017,Q4,2018-03-09,2017-12-31,5346000.0,31456000.0,8471000.0,0.32,15351000.0,0.48801500508647,661140000.0,231608000.0,29247000.0,64537000.0,429532000.0,4118000.0,74055000.0,642188178.1899999,811161178.1899999,14.393717595444732,0.45318189565675504,0.263045648425447,0.7508807985907222,0.015547037046606683,14.393717595444732,0.023082104245103797,20.41544310115717,30.031246641881776,2.772737462393354,0.6909839132061354,3.9108790675084992,0.005752208037232166,0.04757842514444747,0.3520616080697894,0.008086033215355296,-685.3662520704376,0.48801500508647,-0.30434782608695654,0.9263912714379271,0.14106996142048356,0.22986782881638745,-0.23229645929185838,-0.3004449097095001,-0.3385131969389349,0.41378316077127664,0.12200976605669507,0.16258418866610141,Utilities—Regulated Water,Utilities,MSEX
2017Q3,2017,Q3,2017-11-02,2017-09-30,7642000.0,36174000.0,12806000.0,0.46,19996000.0,0.5527727096809864,651919000.0,229462000.0,30088000.0,59012000.0,422457000.0,4441000.0,72403000.0,641671800.0,805823800.0,14.04296205630355,0.5098624008676201,0.2559413055916456,0.7271487217927152,0.02141660927268174,14.04296205630355,0.033303989331566884,17.738480676729143,20.9916186862078,2.7964185791111387,0.4562941638314577,3.6428732267507318,0.005434242240347791,0.05548848860057768,0.39075103368806346,0.011722315195599454,-116.09766600325673,0.5527727096809864,0.3939393939393939,0.19938997907371578,0.07711541982130196,0.19630186347007855,0.22202530098392714,0.4201821222821037,0.3391195231621876,0.11399114264321757,0.09082123864482039,0.13822103948317088,Utilities—Regulated Water,Utilities,MSEX
2017Q2,2017,Q2,2017-08-01,2017-06-30,5381000.0,33014000.0,9563000.0,0.33,16363000.0,0.4956382140909917,638730000.0,224759000.0,29719000.0,55417000.0,413971000.0,4881000.0,68249000.0,646747200.0,802651200.0,13.761878520695568,0.536279481025678,0.24985987819579478,0.7100627783537033,0.016132520956785718,13.761878520695568,0.023941199240074925,19.590089053128974,30.047723471473706,2.8775141373649107,0.6478349749117265,3.4113911083794304,0.005390050393724163,0.05168694127409077,0.3956547629788693,0.008424529926573044,-429.44701195219125,0.4956382140909917,0.2222222222222222,0.39007862030649265,0.1594029021700307,0.19418088613877277,0.1365562269917344,0.2116640396307138,0.22917737789203085,0.11623193212084433,0.10925902292755914,0.1339624793951604,Utilities—Regulated Water,Utilities,MSEX
2017Q1,2017,Q1,2017-05-04,2017-03-31,4441000.0,30131000.0,7780000.0,0.27,14397000.0,0.4778135475092098,627261000.0,222296000.0,27008000.0,49503000.0,404965000.0,4641000.0,66354000.0,602248050.0,753460050.0,13.638628136695504,0.5455830959739814,0.24998206488208258,0.7053838125742253,0.013214366864096327,13.638628136695504,0.01997786734804045,19.987655570674722,33.902727426255346,2.7092167650340087,0.7833821211438865,3.390217625511743,0.005776689521867277,0.048035825597319136,0.420499767690847,0.007079987437446294,1176.26572265625,0.4778135475092098,0.42105263157894746,1.366137400575229,0.2320086171876595,0.1905727231921776,-0.006349644557940507,0.37919254658385093,-0.00853829488976679,0.3734449420289208,0.086747568108067,0.13350110224331418,Utilities—Regulated Water,Utilities,MSEX
2016Q4,2016,Q4,2017-03-03,2016-12-31,3220000.0,31808000.0,7847000.0,0.19,14489000.0,0.4555143360160966,620161000.0,220873000.0,26716000.0,47056000.0,399288000.0,4094000.0,65392000.0,683604800.0,832422800.0,13.87393216080402,0.5677490649438967,0.246221545695392,0.6913339339801605,0.014400148532623978,13.87393216080402,0.014578513444377538,21.491599597585513,53.07490683229814,3.0950129712549743,1.0801242236024844,4.230337078651686,0.005087734901802914,0.0512899069757692,0.4377337640258416,0.005192200089976635,214.83494657448145,0.4555143360160966,-0.6481481481481481,0.5489919092779663,0.3455990683028877,0.20725843971373503,-0.31639537626798775,-0.6346306592533757,-0.44567674484317604,0.01986177732094814,0.16387905540392494,0.15650490962674848,Utilities—Regulated Water,Utilities,MSEX
2016Q3,2016,Q3,2016-11-01,2016-09-30,8813000.0,37794000.0,14156000.0,0.54,21195000.0,0.5608033021114462,612448000.0,220657000.0,30469000.0,44415000.0,391791000.0,4399000.0,65650000.0,573848160.0,722992160.0,13.55054040776222,0.6860069796240009,0.24589352892000627,0.6824936439813829,0.02519808842941933,13.55054040776222,0.03993981609466276,15.18357834576917,16.278456825144673,2.6006342876047444,0.37183705889027574,3.77335758126847,0.005710569848302728,0.06170972882595747,0.5236294044804684,0.014389793092638069,-4782.068,0.5608033021114462,0.5000000000000001,0.6439279733973381,0.26460693106484123,0.17069666825236793,0.2514761454888994,0.48893394154417974,0.37064291247095277,0.4801851474201021,0.1782319557438338,0.12666378428960856,Utilities—Regulated Water,Utilities,MSEX
2016Q2,2016,Q2,2016-08-02,2016-06-30,5919000.0,32725000.0,10328000.0,0.36,16936000.0,0.5175248281130634,600362000.0,214612000.0,28265000.0,39122000.0,385750000.0,4732000.0,60114000.0,705835980.0,851930980.0,13.189846966996496,0.7224835131128265,0.24539194685872856,0.6864667399772613,0.018706525651258386,13.189846966996496,0.02758000484595456,21.56870832696715,29.812298530157122,3.28889335172311,0.5514445007602635,3.3366441251056638,0.004624303793637723,0.054508779702912576,0.5186595777311999,0.009859051705471033,-78.17432495292945,0.5175248281130634,0.24137931034482762,0.5652906821741241,0.20187842948410842,0.1551345161068547,0.14812555081011458,0.23569937369519833,0.24403758130570946,0.28502811624099844,0.09394642376086212,0.11195070163604746,Utilities—Regulated Water,Utilities,MSEX
2016Q1,2016,Q1,2016-05-03,2016-03-31,4790000.0,30579000.0,8302000.0,0.29,14751000.0,0.48238987540468947,585963000.0,211232000.0,24602000.0,30535000.0,374731000.0,2895000.0,57459000.0,500788050.0,636278050.0,13.01250539025442,0.8056983789094482,0.23744843957724293,0.6586880775640055,0.015306738155268649,13.01250539025442,0.02267648841084684,16.37686157166683,26.137163361169105,2.3707963282078475,0.6810020876826722,5.467357512953368,0.006513733704308639,0.052185888870116375,0.64565252988374,0.008174577575717238,88.43158220024722,0.48238987540468947,0.035714285714285546,0.7475793922111907,0.22276099179839284,0.14616245537448735,-0.006465952717720751,0.05020828765621574,-0.018908059560387616,0.4680521639538604,0.1012144567365158,0.10798121110354077,Utilities—Regulated Water,Utilities,MSEX
2015Q4,2015,Q4,2016-03-04,2015-12-31,4561000.0,30925000.0,8462000.0,0.28,14847000.0,0.4800970088924818,584722000.0,209130000.0,24410000.0,28319000.0,375592000.0,2600000.0,55931000.0,414024000.0,555541000.0,13.40576923076923,0.8619654648822346,0.24795714886732498,0.693281690814326,0.015901695877234896,13.40576923076923,0.02180940085114522,13.38800323362975,22.69370752028064,1.979744656433797,0.7143170357377768,6.1838461538461535,0.007869109037157266,0.05288838114522799,0.6982944313005403,0.007800288000109454,26.567248459958932,0.4800970088924818,-0.3170731707317072,0.7448211022693781,0.23672940589270142,0.1821052957040638,-0.16972374454758976,-0.3235948390923921,-0.2616055846422339,0.6952415956506199,0.15710951622082026,0.1454528121822767,Utilities—Regulated Water,Utilities,MSEX
2015Q3,2015,Q3,2015-11-03,2015-09-30,6743000.0,34654000.0,11460000.0,0.41,17882000.0,0.5160154671899347,603079000.0,207315000.0,30889000.0,46900000.0,395764000.0,2681000.0,54628000.0,386255680.0,540569680.0,12.795642513269966,0.6586140724946695,0.2635890157010939,0.7667800207413838,0.020732299472926166,12.795642513269966,0.032525384077370184,11.146063369308017,14.320616936081864,1.8631342642838193,0.46789262939344506,6.2558746736292425,0.008168164672685201,0.05746179190454319,0.5431130063965884,0.011180956392114466,166.4177854373115,0.5160154671899347,0.32258064516129026,0.12592934098911965,0.12188648730597575,0.12502071151874164,0.1583856967027272,0.3250147376694832,0.2409312398484028,0.06730849636245613,0.04064476635583664,0.09004431697162292,Utilities—Regulated Water,Utilities,MSEX
2015Q2,2015,Q2,2015-08-03,2015-06-30,5089000.0,31666000.0,9235000.0,0.31,15437000.0,0.4874944735678646,586407000.0,203237000.0,29050000.0,49414000.0,383170000.0,2323000.0,51062000.0,364321440.0,518304440.0,12.585113629326893,0.5878900716396163,0.2724336510307687,0.7860625771882088,0.016457382153702137,12.585113629326893,0.025039731938574176,11.505129792206152,17.897496561210453,1.7925940650570515,0.6176066024759285,6.986224709427464,0.00862699708257631,0.05400003751660536,0.48259602541789776,0.008678272940125202,368.7463967611336,0.4874944735678646,0.40909090909090906,-0.004754379900467937,0.03237614337030531,0.015314126516166593,0.21618214764043173,0.3996149614961496,0.381451009723261,0.3295435252499688,0.12466500103031927,0.09206763621883272,Utilities—Regulated Water,Utilities,MSEX
2015Q1,2015,Q1,2015-05-01,2015-03-31,3636000.0,28780000.0,6685000.0,0.22,12693000.0,0.44103544127866573,579754000.0,200709000.0,25635000.0,43644000.0,379045000.0,2216000.0,49117000.0,367164320.0,521021320.0,12.441668732953136,0.5873659609568326,0.27408694032296455,0.7917083937441769,0.011895696665493321,12.441668732953136,0.01811577956145464,12.757620569840167,25.245071507150715,1.8293366017468078,0.8638613861386139,7.259476534296029,0.008554752814761521,0.04964174460202086,0.5012372834753918,0.006271625551527027,56.089874732661166,0.44103544127866573,-0.06382484832498021,0.9559852371778977,0.11583375704377435,0.17984947679125501,-0.08912809472551131,-0.040886309680823005,-0.1704926169499938,0.9572928431749633,0.18895039646689538,0.08608514551346584,Utilities—Regulated Water,Utilities,MSEX
2014Q4,2014,Q4,2015-03-05,2014-12-31,3791000.0,28107000.0,8059000.0,0.23499876022811803,13935000.0,0.4957839684064468,575772000.0,199727000.0,22864000.0,43872000.0,376045000.0,2253000.0,48623000.0,372003920.0,530279920.0,12.380795933548226,0.5211524434719184,0.2795359968876569,0.8058449783955098,0.014134271130978614,12.380795933548226,0.01898090894070406,13.235276621482193,24.53204431548404,1.8625619971260772,0.8274861514112372,6.290279627163781,0.008432706838142996,0.04881619807840604,0.42446207148067105,0.006584203469428871,112.08313347393793,0.4957839684064468,-0.4404791423140047,0.8252514147838564,0.06832007804807308,0.17207361576162827,-0.21328967425055045,-0.4390352175199763,-0.30645438898450944,0.799707440458579,0.17340695698257602,0.0773312286603678,Utilities—Regulated Water,Utilities,MSEX
2014Q3,2014,Q3,2014-11-06,2014-09-30,6758000.0,32669000.0,11620000.0,0.42,17713000.0,0.5421959655942943,542498000.0,198599000.0,28751000.0,56691000.0,343899000.0,2138000.0,47977000.0,315501200.0,475753200.0,12.337640554140522,0.5071528108518107,0.3047089574523777,0.8323506160655391,0.021179081293485013,12.337640554140522,0.03402836872290394,9.65751017784444,11.671396862977213,1.588634383858932,0.4579757324652264,6.99532273152479,0.00980978836213618,0.06021957684636625,0.4168562911220476,0.012457188782262792,233.18640059127864,0.5421959655942943,0.4482758620689656,0.4030467358932227,0.0711870261907802,0.1589061901239114,0.2109796950844329,0.4293570219966159,0.3284554704470104,0.27524418696776204,0.10582063454565026,0.06590838860963745,Utilities—Regulated Water,Utilities,MSEX
2014Q2,2014,Q2,2014-08-04,2014-06-30,4728000.0,29190000.0,8747000.0,0.29,14627000.0,0.5010962658444673,538614000.0,194396000.0,28565000.0,54474000.0,344218000.0,2358000.0,44307000.0,339261240.0,499941240.0,12.136096890997628,0.52437860263612,0.3077361524208431,0.8526461449824071,0.015777738059331553,12.136096890997628,0.02432148809646289,11.622515930113053,17.938940355329947,1.7452068972612604,0.6499576988155669,6.1759966072943175,0.009057916548321287,0.054194655170493156,0.4253221720453794,0.008778085976227874,306.4690514905149,0.5010962658444673,0.44999999999999984,0.39328392592767425,0.060568925115420766,0.15400254555639648,0.24633605998636673,0.49195329757021145,0.46589576001340705,0.2700770943033915,0.0889825893995836,0.06284966343326129,Utilities—Regulated Water,Utilities,MSEX
2014Q1,2014,Q1,2014-05-02,2014-03-31,3169000.0,27173000.0,5967000.0,0.2,11736000.0,0.4318993118168771,530856000.0,192204000.0,25665000.0,52520000.0,338652000.0,2143000.0,42651000.0,348552680.0,504561680.0,12.032302491548768,0.48867098248286367,0.3049998492999985,0.8423914174522903,0.01084906582418585,12.032302491548768,0.01648769016253564,12.827169616899127,27.49705585358157,1.8134517491831594,0.9709687598611549,7.203453103126458,0.00882793384345804,0.05118713926187139,0.42004950495049503,0.005969603809696038,83.06784556720686,0.4318993118168771,0.008459595959596042,0.9551332358874502,0.10851394082356573,0.14883346017713148,-0.05140640155189137,0.0003156565656565657,-0.10459183673469388,0.1749212241755972,0.10418284104067844,0.05982460363480064,Utilities—Regulated Water,Utilities,MSEX
2013Q4,2013,Q4,2014-03-05,2013-12-31,3168000.0,27422000.0,6664000.0,0.19832227369475397,12372000.0,0.451170592954562,530341000.0,191631000.0,25838000.0,52678000.0,338710000.0,1984000.0,42560000.0,334495560.0,493295560.0,11.996431701514961,0.4904893883594669,0.308544879615191,0.8539015086285622,0.012255063148017014,11.996431701514961,0.016531771999311176,12.198073080008752,26.396429924242426,1.7455190444134823,0.9734848484848485,7.585685483870968,0.009219853321819876,0.05170635496784145,0.42002353923839175,0.005973515153457869,46.81533379986004,0.451170592954562,-0.4491047952923501,0.3825866200975753,0.07120828149651068,0.13975363309028435,-0.23464274667491494,-0.4544515240227312,-0.3511197663096397,0.18355085634846274,0.07096437285949143,0.057831535050169726,Utilities—Regulated Water,Utilities,MSEX
2013Q3,2013,Q3,2013-11-06,2013-09-30,5807000.0,31285000.0,10270000.0,0.36,16165000.0,0.5167012945501038,553146000.0,191015000.0,27315000.0,52291000.0,362131000.0,1988000.0,42476000.0,339715980.0,503197980.0,12.027137640095706,0.5223652253733913,0.3008590860279203,0.8712352433054996,0.01883396272922373,12.027137640095706,0.030400753867497316,10.85874956049225,14.625278973652488,1.7784780252859724,0.5193731703116928,7.605633802816901,0.008878004502467032,0.05655830467905399,0.4328852001300415,0.010498132500280215,560.5874257425743,0.5167012945501038,0.28571428571428553,0.03525229746474629,0.025118502375673136,0.1363299633775021,0.15844919019635947,0.2959160901584468,0.25688410231305836,-0.010824754987840073,0.033225560734517094,0.057452092097912015,Utilities—Regulated Water,Utilities,MSEX
2013Q2,2013,Q2,2013-08-02,2013-06-30,4481000.0,29102000.0,8171000.0,0.28,13954000.0,0.47948594598309396,552425000.0,187762000.0,26119000.0,52017000.0,364663000.0,2104000.0,39685000.0,312464460.0,476211460.0,11.86189904605471,0.5021243055155046,0.3018310177852197,0.8880337874543305,0.01539024207612554,11.86189904605471,0.023865318861111408,10.736872379905162,17.432741575541172,1.6641517452945749,0.673510377147958,7.199619771863118,0.009658698464458968,0.05268045436032041,0.4091162504565815,0.008111508349549712,1388.7309333333333,0.47948594598309396,0.4000000000000001,0.05365910581683965,0.059056999224249285,0.13565091411739205,0.20210199862164024,0.41045011016682403,0.3931798806479113,-0.10594358535967062,-0.03203479880955649,-0.04303178950223514,Utilities—Regulated Water,Utilities,MSEX
2013Q1,2013,Q1,2013-05-07,2013-03-31,3177000.0,27038000.0,5865000.0,0.2,11608000.0,0.429321695391671,546144000.0,185631000.0,25297000.0,51770000.0,360513000.0,1976000.0,38222000.0,305371920.0,463963920.0,11.744337593318992,0.488642070697315,0.2986391867346341,0.8786247986597067,0.011050913962755855,11.744337593318992,0.01711459831601403,11.29417560470449,24.02989612842304,1.645048079254004,0.9490084985835694,7.808704453441296,0.00987320641662141,0.04950708970527919,0.4168437318910566,0.005817147126032695,53.117397808314486,0.429321695391671,0.1596478356566399,0.3293657528672883,0.08714971959972705,0.1353385055275552,1.347763563917433,0.16544387380777698,0.025887703340913067,0.7443159364992845,0.06991556522114536,0.11372122680269346,Utilities—Regulated Water,Utilities,MSEX
2012Q4,2012,Q4,2013-03-07,2012-12-31,2726000.0,27079000.0,5717000.0,0.17246615209414146,-33379000.0,-1.2326526090328298,561726000.0,184985000.0,24613000.0,55932000.0,376741000.0,1403000.0,38060000.0,309165360.0,476687360.0,11.703467037833734,0.440052206250447,0.30361243738050225,0.9219504284131146,0.010590584297144694,11.703467037833734,0.014736329972700489,11.417163115329222,28.35338958180484,1.6712996188880178,1.1041819515774027,43.09194583036351,0.009735890204517091,0.048206776969554554,0.3746513623685904,0.004852899812364035,65.80786717752235,-1.2326526090328298,-0.5461417050154173,-0.12115863904046484,0.06876059670554327,0.1311234987125795,-2.031712669613328,-0.555881394591072,-0.4727473946324818,0.33955637811272915,0.05047508160867377,0.10795178287455665,Utilities—Regulated Water,Utilities,MSEX
2012Q3,2012,Q3,2012-10-26,2012-09-30,6138000.0,32353000.0,10843000.0,0.38,32353000.0,1.0,548050000.0,184778000.0,25627000.0,49859000.0,363272000.0,1452000.0,38344000.0,304430940.0,467856940.0,11.73864430468204,0.5139894502497042,0.301476142687711,0.8941757135589735,0.020563875138405716,11.73864430468204,0.033218240266698416,9.40966649151547,12.399435483870967,1.647549708298607,0.48273053111762787,0.0,0.009732913481133027,0.05903293495119059,0.43949938827493534,0.011199708055834322,5340.893684210526,1.0,0.6521739130434782,0.23845825732618187,0.12462110304904969,0.1352075447441803,0.18072333126528228,0.6477852348993288,0.503883495145631,0.3031471529440429,0.08481740881914333,0.10264093759752996,Utilities—Regulated Water,Utilities,MSEX
2012Q2,2012,Q2,2012-08-02,2012-06-30,3725000.0,27401000.0,7210000.0,0.23,27401000.0,1.0,545141000.0,181113000.0,23435000.0,48535000.0,364028000.0,2041000.0,35168000.0,298604000.0,461202000.0,11.524115551030796,0.4828474296899145,0.3032701631321071,0.9128279030218703,0.01364378256660114,11.524115551030796,0.02056727015730511,10.897558483267034,20.04053691275168,1.648716547128036,0.7940939597315436,0.0,0.009906096368434448,0.050264060123894554,0.3946018337282374,0.006833094557187957,118.2590099009901,1.0,1.090909090909091,-0.056285688077778465,0.05765177087602486,0.1311452357589644,0.1637220759364648,1.0614277808522412,0.8596853237038947,0.11880578976767334,0.014699590124307965,0.09581019339426045,Utilities—Regulated Water,Utilities,MSEX
2012Q1,2012,Q1,2012-05-04,2012-03-31,1807000.0,23546000.0,3877000.0,0.11,23546000.0,1.0,536133000.0,179760000.0,19193000.0,45949000.0,356373000.0,2003000.0,34399000.0,296421880.0,455285880.0,11.455518735661483,0.4177022350867266,0.29790742222545524,0.8885068980863373,0.00761224576202852,11.455518735661483,0.010052291944815309,12.589054616495371,41.010221361372444,1.6489868713840676,1.6347537354731598,0.0,0.009965526161564051,0.04391820686284933,0.34971381314065597,0.003370432336752261,415.15669467787114,1.0,-0.1575793069790141,-0.14229961236562458,0.041221682545950815,0.13419784384520242,0.01055793991416309,-0.11810639336261591,-0.07226609236659488,0.13487401584094108,-0.022186360876399823,0.0937626640003094,Utilities—Regulated Water,Utilities,MSEX
2011Q4,2011,Q4,2012-03-08,2011-12-31,2049000.0,23300000.0,4179000.0,0.13057608972724954,23300000.0,1.0,537536000.0,180334000.0,22873000.0,46687000.0,357202000.0,2023000.0,35549000.0,292812720.0,450692720.0,11.49209788427224,0.48992224816330027,0.2994887784260031,0.892710193307973,0.008309779110207407,11.49209788427224,0.01136225004713476,12.567069527896995,35.72629575402636,1.6237244224605454,1.4397266959492436,0.0,0.010074698940674436,0.04334593403976664,0.4118491228821728,0.003811837718776045,-1952.0848,1.0,-0.5919497196023452,-0.08568286217450181,0.020972403106406225,0.1359154737432208,-0.1873321474660807,-0.6015944001555512,-0.5092766557069046,-0.08970005638690327,-0.07345589620430552,0.09183802661706184,Utilities—Regulated Water,Utilities,MSEX
2011Q3,2011,Q3,2011-11-04,2011-09-30,5143000.0,28671000.0,8516000.0,0.32,28671000.0,1.0,507153000.0,180821000.0,27653000.0,48332000.0,326332000.0,2009000.0,36450000.0,266667540.0,423988540.0,11.574766355140186,0.5721468178432508,0.3183556047188915,0.8928996078995249,0.01643257240032171,11.574766355140186,0.02844249285204705,9.300950088940043,12.962645343184912,1.4747597900686316,0.5642621038304492,0.0,0.01088246435992922,0.05653323553247245,0.48665480427046265,0.010140923942084538,-164.50804441702653,1.0,0.3913043478260869,0.13374993588738815,-0.05691344198402752,0.2602488114995716,0.09842157689065972,0.4187586206896552,0.26387652122291483,-0.06786361730126628,-0.04489897354409698,0.09358969873191941,Utilities—Regulated Water,Utilities,MSEX
2011Q2,2011,Q2,2011-08-04,2011-06-30,3625000.0,26102000.0,6738000.0,0.23,26102000.0,1.0,502133000.0,178105000.0,25451000.0,43660000.0,324028000.0,1949000.0,34209000.0,289810840.0,444934840.0,11.41845108347224,0.5829363261566651,0.31745971684792673,0.8950169843631566,0.013623595257443055,11.41845108347224,0.020353162460346425,11.103012795954333,19.98695448275862,1.6271909267005418,0.7991724137931034,0.0,0.009996175436363941,0.05198224374817031,0.4870590929912964,0.0072192028805117365,-136.38157176470588,1.0,0.3529411764705882,-0.09081329972066113,-0.07642152053767555,0.2622473220593631,0.08776462743790632,0.37832699619771865,0.41317114093959734,-0.13499671893059262,-0.036049247212489116,0.09319547910525748,Utilities—Regulated Water,Utilities,MSEX
2011Q1,2011,Q1,2011-05-06,2011-03-31,2630000.0,23996000.0,4768000.0,0.17,23996000.0,1.0,490030000.0,176836000.0,21439000.0,41668000.0,313194000.0,1523000.0,33481000.0,283327440.0,434786440.0,11.353107344632768,0.514519535374868,0.3168275411709487,0.877960370060395,0.009792596592562722,11.353107344632768,0.014872537266167522,11.807277879646607,26.93226615969582,1.6022045284896742,1.1003802281368822,0.0,0.01021433010512501,0.04896843050425484,0.44139387539598735,0.005367018345815562,89.37774132492113,1.0,0.014528735632183964,0.0801239461395805,-0.020257428424361366,0.2688231927851132,-0.03889133656426483,0.007662835249042145,-0.11589096977563508,0.11673225198293703,-0.020916601126200206,0.09751783132339478,Utilities—Regulated Water,Utilities,MSEX
2010Q4,2010,Q4,2011-03-09,2010-12-31,2610000.0,24967000.0,5393000.0,0.16756548536209553,24967000.0,1.0,489185000.0,176641000.0,22765000.0,40740000.0,312544000.0,2196000.0,33745000.0,285819600.0,438642600.0,11.340588084232152,0.5587874324987727,0.31741774584257487,0.8790484655317848,0.010870899500941306,11.340588084232152,0.014775731568548639,11.447895221692635,27.37735632183908,1.6180818722720094,1.106896551724138,0.0,0.010107774274402456,0.05103795087747989,0.4704958271968581,0.005335404805952758,117.09119213437116,1.0,-0.5345403184386235,-0.08617208347513032,-0.0012689813250070779,0.2697056765946023,-0.1560926145005915,-0.5449790794979079,-0.4618301566709909,-0.1461311253405558,-4.556282288314289e-05,0.09605176225362368,Utilities—Regulated Water,Utilities,MSEX
2010Q3,2010,Q3,2010-11-03,2010-09-30,5736000.0,29585000.0,10021000.0,0.36,29585000.0,1.0,479692000.0,176497000.0,27703000.0,41443000.0,303195000.0,1924000.0,34024000.0,261323120.0,411933120.0,11.37369506379688,0.6684602948628237,0.32041393227320863,0.8708363314957195,0.02075337147651437,11.37369506379688,0.03249913596265092,8.83295994591854,11.3896059972106,1.4806094154574867,0.49599023709902373,0.0,0.010886905069861404,0.06167499145284891,0.5835002292305094,0.01195767284007238,-114.56515563349409,1.0,0.16129032258064513,0.4013382988464838,0.04932100397786349,0.2756446838761961,0.11481648956213732,0.2965641952983725,0.2694451482138333,0.17397866128372635,0.0431813541418771,0.09991444607381245,Utilities—Regulated Water,Utilities,MSEX
2010Q2,2010,Q2,2010-07-30,2010-06-30,4424000.0,26538000.0,7894000.0,0.31,26538000.0,1.0,473311000.0,173187000.0,25267000.0,35866000.0,300124000.0,1795000.0,31154000.0,221456200.0,368053200.0,12.395290581162325,0.7044833547091953,0.31825797414385043,0.8697823739657133,0.0165510219240372,12.395290581162325,0.025544642496261268,8.344871505011682,12.514477848101267,1.2787114506285113,0.5639692585895117,0.0,0.011266336187471835,0.0560688426848309,0.6107455528913177,0.009346919889882128,-47.350053453068206,1.0,1.8181818181818183,0.8536249449232667,0.1740951823969067,0.4150698258115436,0.22605682605682606,1.8358974358974358,1.4008515815085159,0.2607031146506716,0.1522001332757819,0.21665509380245715,Utilities—Regulated Water,Utilities,MSEX
2010Q1,2010,Q1,2010-05-06,2010-03-31,1560000.0,21645000.0,3288000.0,0.11,21645000.0,1.0,462771000.0,142760000.0,23393000.0,56193000.0,320011000.0,1621000.0,29336000.0,230822900.0,399281900.0,10.545132220416605,0.41629740359119466,0.37879858504530317,1.2279139815074251,0.006978330007052898,10.545132220416605,0.010927430652843934,10.664028644028644,36.99084935897436,1.6168597646399554,1.594871794871795,0.0,0.010778826537574912,0.04677259378828837,0.3679105938462086,0.00337099775050727,482.8930962343096,1.0,-0.1456224899598394,-0.05060092881559058,0.08551624456606467,0.21091024911885847,-0.01965668734997056,-0.10499139414802065,-0.2332089552238806,-0.14172622656023154,0.10944925662826195,0.04406151335829975,Utilities—Regulated Water,Utilities,MSEX
2009Q4,2009,Q4,2010-03-08,2009-12-31,1743000.0,22079000.0,4288000.0,0.12874870734229577,22079000.0,1.0,458086000.0,143004000.0,22045000.0,60668000.0,315082000.0,1618000.0,30265000.0,238539560.0,405731560.0,10.563155562121436,0.3633711347003363,0.37431835943469133,1.1990573690246427,0.008564547681422209,10.563155562121436,0.012188470252580347,10.803911409031207,34.21393574297189,1.6680621521076335,1.4245553643144004,0.0,0.010409174897446779,0.048198373231227325,0.3184215731522384,0.0038049623869753713,57.54874788902292,1.0,-0.55603894019898,-0.3222207501612244,0.06005546233095854,0.21054877612131126,-0.1340889481527963,-0.5671715917556494,-0.4145275805570726,-0.09847852051756978,0.12140185821572366,0.04409586268768186,Utilities—Regulated Water,Utilities,MSEX
2009Q3,2009,Q3,2009-10-30,2009-09-30,4027000.0,25498000.0,7324000.0,0.29,25498000.0,1.0,456809000.0,143273000.0,24626000.0,62865000.0,313536000.0,1622000.0,31004000.0,202946640.0,374016640.0,10.645935503046514,0.3917283066889366,0.38117243749575863,1.215323194181737,0.015038700862481096,10.645935503046514,0.028107179999022843,7.959316024786258,12.599120933697542,1.4165030396515743,0.6059101067792402,0.0,0.012022864729369257,0.05581763931971568,0.33869402688300326,0.008815500570260218,-171.26298734177215,1.0,0.38095238095238093,0.007160495511025896,0.07979470516042997,0.22198591759692587,0.1046224494216523,0.41496837666900915,0.320353344149991,0.03047744471250188,-0.026421576701437386,0.1591186511559586,Utilities—Regulated Water,Utilities,MSEX
2009Q2,2009,Q2,2009-08-07,2009-06-30,2846000.0,23083000.0,5547000.0,0.21,23083000.0,1.0,449487000.0,141279000.0,21205000.0,59301000.0,308208000.0,1557000.0,29416000.0,194121300.0,361983300.0,10.516525234479678,0.35758250282457293,0.3811411675977281,1.212621833393498,0.012125321150254937,10.516525234479678,0.02014453669689055,8.409708443443227,17.052117006324664,1.3740279871743146,0.8555867884750527,0.0,0.012543703344249188,0.051354099228676245,0.30235577814876646,0.006331662539739748,-44.89391766882516,1.0,1.0999999999999999,0.240415775349716,0.07023017489233195,0.20212352055199043,0.12145945683330904,1.0911094783247612,0.8477681545636242,-0.17121185353428534,-0.05167796240196631,0.16254435190478184,Utilities—Regulated Water,Utilities,MSEX
2009Q1,2009,Q1,2009-05-11,2009-03-31,1361000.0,20583000.0,3002000.0,0.1,20583000.0,1.0,443351000.0,140481000.0,18961000.0,58028000.0,302870000.0,1480000.0,29006000.0,193147200.0,354673200.0,10.473495862223217,0.32675604880402565,0.3714528669158297,1.1722866437454176,0.006631286201530142,10.473495862223217,0.009688142880531887,9.383821600349803,35.478912564290965,1.3748990966749952,1.786921381337252,0.0,0.012591432855355914,0.046425969491441316,0.28413869166609224,0.003069802481555246,-748.6325581395349,1.0,-0.3028586278586278,0.03851173973425269,0.02258043771734267,0.331186773222934,-0.042428471737613396,-0.2926195426195426,-0.3275089605734767,-0.350908405746754,-0.024085402690417146,0.17051782002309476,Utilities—Regulated Water,Utilities,MSEX
2008Q4,2008,Q4,2009-03-13,2008-12-31,1924000.0,21495000.0,4464000.0,0.14344292850219936,21495000.0,1.0,440000000.0,141178000.0,20576000.0,61470000.0,298822000.0,1475000.0,30077000.0,231105990.0,389896990.0,10.525460374263774,0.3347323897836343,0.3683613636363636,1.1480471461559167,0.009679303274122884,10.525460374263774,0.013628185694654975,10.751616189811584,30.029364604989606,1.6369830285171911,1.2619542619542619,0.0,0.010506002029631513,0.04885227272727273,0.2866438913291036,0.004372727272727273,-125.80620032661949,1.0,-0.5901630614222875,0.25486348020409855,0.09051840037716331,0.33024535848940145,-0.16208630569524032,-0.5919406150583245,-0.4675572519083969,-0.2177258209819719,-0.001496387260642248,0.17844301254145467,Utilities—Regulated Water,Utilities,MSEX
2008Q3,2008,Q3,2008-11-06,2008-09-30,4715000.0,25653000.0,8384000.0,0.35,25653000.0,1.0,416225000.0,141299000.0,22514000.0,57888000.0,274926000.0,1437000.0,30582000.0,233224499.99999997,385218500.0,10.584194756554307,0.3889234383637369,0.3727238873205598,1.0979341679700494,0.019427850258113787,10.584194756554307,0.03336895519430428,9.091509764939772,12.366092258748672,1.6505743140432698,0.504559915164369,0.0,0.010200472077333215,0.06163253048231125,0.33485351022664456,0.011328007688149438,-78.52676767676766,1.0,0.34615384615384603,0.5507596614985264,0.14793620182220657,0.32807557142446947,0.11365313653136531,0.3225806451612903,0.22842490842490842,0.3389674753690634,0.05761946566467808,0.1870963392789915,Utilities—Regulated Water,Utilities,MSEX
2008Q2,2008,Q2,2008-08-06,2008-06-30,3565000.0,23035000.0,6825000.0,0.26,23035000.0,1.0,408037000.0,138595000.0,21211000.0,52142000.0,269442000.0,1451000.0,28245000.0,220132710.0,367890710.0,10.445022232270706,0.40679298837789113,0.3712457448711759,1.0929831523503735,0.01569282692925058,10.445022232270706,0.025722428659042534,9.556444975037985,15.437076437587656,1.58831638948014,0.6684431977559607,0.0,0.010825288072817529,0.05645321380168955,0.34718652909362896,0.008736952776341362,-56.299925831202046,1.0,0.7333333333333335,0.557835934400081,0.13494667682456774,0.32920300432214755,0.10453128746104051,0.7789421157684631,0.5700483091787439,0.5728476726457079,0.07310869979426705,0.19242350100928612,Utilities—Regulated Water,Utilities,MSEX
2008Q1,2008,Q1,2008-05-06,2008-03-31,2004000.0,20855000.0,4347000.0,0.15,20855000.0,1.0,396809000.0,137104000.0,16193000.0,29179000.0,259705000.0,1273000.0,27064000.0,240692640.0,373421640.0,10.344348875811075,0.5549539052057987,0.3381752934031234,0.9787533551172832,0.010265469648299061,10.344348875811075,0.014616641381724822,11.541243826420523,30.026526946107786,1.755547905239818,1.18812375249501,0.0,0.009892284201128875,0.052556771645804405,0.47722677267898145,0.005050288677928172,-403.846711409396,1.0,-0.2356401384083045,0.2810930882830757,0.09002245848207217,0.3249772324342629,-0.01840346418149299,-0.2295271049596309,-0.12021857923497267,0.24574589528327428,0.06830798502091408,0.18785405553557935,Utilities—Regulated Water,Utilities,MSEX
2007Q4,2007,Q4,2008-03-10,2007-12-31,2601000.0,21246000.0,4941000.0,0.19624264373019465,21246000.0,1.0,392675000.0,137136000.0,17433000.0,27009000.0,255539000.0,1205000.0,27441000.0,251163300.0,383472300.0,10.34676324128565,0.6454515161612796,0.3421098873113898,0.9795968965114923,0.01294499847800181,10.34676324128565,0.018966573328666435,11.821674668172832,24.14103229527105,1.8314906370318513,0.9142637447135717,0.0,0.009467943764076997,0.05410581269497676,0.5503720981894924,0.006623798306487553,782.4401869158878,1.0,-0.36695921377356566,0.00452623807539446,0.09484446486112007,0.3328634873198886,-0.1197016780609074,-0.37445887445887444,-0.3607193686117221,0.033091474077534565,0.041918884111550106,0.18574998776594964,Utilities—Regulated Water,Utilities,MSEX
2007Q3,2007,Q3,2007-11-02,2007-09-30,4158000.0,24135000.0,7729000.0,0.31,24135000.0,1.0,388316000.0,136557000.0,23135000.0,26937000.0,251759000.0,1338000.0,27218000.0,252234600.00000003,387242600.0,10.340527033166742,0.8588558488324609,0.35454114690097754,1.008179734469855,0.018738437220294172,10.340527033166742,0.03044882356818032,10.450988191423246,15.16562049062049,1.8471012104835345,0.5627705627705628,0.0,0.009277077768077811,0.06215298880293369,0.7481159743104281,0.010707774080903181,-55.13324590163935,1.0,0.2916666666666667,0.2628934168495414,0.11007864567323863,0.33505672805617753,0.10991032421246263,0.25505584062782977,0.23092849179805702,0.0597679207343908,0.04157755081506721,0.18692982983450163,Utilities—Regulated Water,Utilities,MSEX
2007Q2,2007,Q2,2007-08-07,2007-06-30,3313000.0,21745000.0,6279000.0,0.24,21745000.0,1.0,382274000.0,134390000.0,21629000.0,22648000.0,247884000.0,1445000.0,25399000.0,253399110.0,384309110.0,10.188006974452279,0.9550070646414694,0.34904021722638734,0.9928491703251731,0.015550166455815419,10.188006974452279,0.024652131855048737,11.653212692573005,19.121574856625415,1.8855503385668577,0.7054029580440688,0.0,0.009222605399048166,0.05688328267159158,0.818968562345461,0.008666558541778934,-399.6831388012618,1.0,0.846153846153846,0.36523725168476073,0.0904847906672683,0.33180541899246524,0.0,0.8728094968908988,0.6869962385814078,0.4705555840873985,0.026767173946526935,0.16457123797723264,Utilities—Regulated Water,Utilities,MSEX
2007Q1,2007,Q1,2007-05-08,2007-03-31,1769000.0,18988000.0,3722000.0,0.13,0.0,0.0,375464000.0,133079000.0,20775000.0,19377000.0,242385000.0,1425000.0,24421000.0,242306640.0,369891640.0,10.10010625379478,1.0721473912370336,0.35375695139880253,0.9980763306006207,0.0092706185041766,10.10010625379478,0.013292856123054727,12.761040657257215,34.243448275862065,1.8207729243532036,1.3193894855850763,0.0,0.009632422784617045,0.05057209213133616,0.9516437012953501,0.004711503632838301,136.43391891891892,0.0,-0.08971674549609396,0.07118783430577219,0.03162353580227815,0.3407636371104765,-1.0,-0.059892650263059996,-0.14191804141524966,0.3741161897114406,-0.03969239609368978,0.2837287597251068,Utilities—Regulated Water,Utilities,MSEX
