Quarters,Year,Quarter,FillingDate,Date,NetIncome,Revenue,OperatingIncome,EPSDiluted,GrossProfit,GrossProfitRatio,TotalAssets,CommonStockEquity,CurrentAssets,CurrentLiability,TotalLiability,Inventory,RetainedEarnings,MarketCap,EnterpriseValue,bookValuePerShare,currentRatio,debtToAssets,debtToEquity,roic,shareholdersEquityPerShare,roe,priceToSalesRatio,peRatio,pbRatio,payoutRatio,inventoryTurnover,dividendYield,assetTurnover,quickRatio,returnOnAssets,priceToFreeCashFlowsRatio,grossProfitMargin,epsdilutedGrowth,fiveYNetIncomeGrowthPerShare,fiveYRevenueGrowthPerShare,fiveYShareholdersEquityGrowthPerShare,grossProfitGrowth,netIncomeGrowth,operatingIncomeGrowth,threeYNetIncomeGrowthPerShare,threeYRevenueGrowthPerShare,threeYShareholdersEquityGrowthPerShare,Industry,Sector,Symbol
2023Q1,2023,Q1,2023-05-10,2023-03-31,1918000.0,124885000.0,3265000.0,0.07,38537000.0,0.3085798935,771073000.0,374994000.0,434970000.0,260009000.0,396079000.0,219080000.0,329812000.0,620669960.0,723082960.0,13.21937462544506,1.6729036302589526,0.15819643535696362,0.32528787127260705,0.00770565004746018,13.21937462544506,0.005114748502642709,4.96993201745606,80.90067257559959,1.655146375675344,0.4436913451511992,0.3941391272594486,0.0013710990620522379,0.16196261573158444,0.7713809906580157,0.0024874428231827597,-14.087885239576003,0.30857989350202186,-0.898550724637681,-0.5746795691594411,0.23826472851721808,0.2329504570168949,-0.34678622279476573,-0.5079527963057978,-0.1508452535760728,2.8082159388889036,0.3436535212345479,0.15847078017526542,Agricultural Inputs,Basic Materials,AVD
2022Q4,2022,Q4,2023-03-16,2022-12-31,3898000.0,159979000.0,3845000.0,0.69,58996000.0,0.3687734015,726313000.0,369979000.0,388567000.0,266601000.0,356334000.0,184190000.0,328745000.0,634670140.0,690590140.0,12.655777519326811,1.457485155719596,0.1049795336170494,0.2060873725265488,0.01400589250730349,12.655777519326811,0.010535733109176467,3.967209071190594,40.70485761929194,1.7154220644955525,0.18342739866598257,0.5482545197893479,0.0011265694648876974,0.22026178796193926,0.7071503857824989,0.0053668322059497765,6.459549733850366,0.36877340150894805,1.9999999999999998,-0.5367896287907021,0.37553585013459756,0.21479865377606933,-0.0389026456405578,-0.4217475152054591,-0.658039843472074,0.13655420439131782,0.22795013477633874,0.07701859617744176,Agricultural Inputs,Basic Materials,AVD
2022Q3,2022,Q3,2022-11-08,2022-09-30,6741000.0,152117000.0,11244000.0,0.23,61384000.0,0.4035314922,776175000.0,362568000.0,436801000.0,219876000.0,413607000.0,192309000.0,325698000.0,546301800.0,699772800.0,12.410761963442186,1.9865787989594135,0.22453570393274713,0.48067948633084,0.01388059872969214,12.410761963442186,0.018592374395975376,3.591326413221402,20.260413885180242,1.5067568014827561,0.11007268951194185,0.4718083917029364,0.0013582236046082953,0.19598286468901988,1.034787789481344,0.008684897091506426,-25.089639019013504,0.40353149220665674,0.0,0.6473842855973988,0.6894432143841329,0.22211629263664698,0.026848893424112147,-0.013030746705710103,1.231395118078984,1.126474136163878,0.211520311661161,0.06696582216937863,Agricultural Inputs,Basic Materials,AVD
2022Q2,2022,Q2,2022-08-08,2022-06-30,6830000.0,148084000.0,5039000.0,0.23,59779000.0,0.4036830448,743644000.0,384834000.0,400070000.0,212944000.0,358810000.0,182203000.0,319672000.0,661604700.0,765207700.0,13.000270252009999,1.8787568562626793,0.16897870486415542,0.32653040012057144,0.006727849738289683,13.000270252009999,0.01774791208676988,4.467766267793955,24.21686310395315,1.7191950295452068,0.10775988286969253,0.48465173460371125,0.0011124467525699257,0.19913291843946834,0.9462534750920429,0.009184502261834964,245.85830546265328,0.4036830447583804,-0.30303030303030304,0.5573044459218444,0.8653824541844163,0.29681734646740243,-0.023107218145866356,-0.3125314544539507,-0.6583497186249915,1.1543247521649418,0.28269113030055,0.12931884443981098,Agricultural Inputs,Basic Materials,AVD
2022Q1,2022,Q1,2022-05-04,2022-03-31,9935000.0,149435000.0,14749000.0,0.33,61193000.0,0.4094957674,747461000.0,382623000.0,394112000.0,220142000.0,364838000.0,168049000.0,313584000.0,603036640.0,708840640.0,12.892913704215387,1.7902626486540505,0.16542000184625016,0.32315098674151843,0.0190965760187398,12.892913704215387,0.02596550651685863,4.035444440726738,15.174550578761952,1.5760595677729774,0.059788626069451435,0.5250968467530304,0.0009850147745583088,0.19992347426822268,0.9649180983183582,0.013291663377754826,-16.4678620388323,0.40949576739050425,1.0625,1.8072471450145093,1.0624449495231088,0.298817015649799,0.03877166477108761,1.038366844480919,0.754162702188392,1.483527976352875,0.4638451918785725,0.13514897516103422,Agricultural Inputs,Basic Materials,AVD
2021Q4,2021,Q4,2022-03-14,2021-12-31,4874000.0,158809000.0,8408000.0,0.16,58909000.0,0.3709424529,694160000.0,372738000.0,342000000.0,223061000.0,321422000.0,154306000.0,304385000.0,489929880.0,551723880.0,12.469490164592534,1.533212887954416,0.11247983173908033,0.20947421513234496,0.011142456434744914,12.469490164592534,0.013076209026179246,3.0850259116296934,25.12976405416496,1.3144081902033062,0.12166598276569553,0.6474148769328477,0.00121037728909288,0.22877866774230726,0.7854622726518755,0.00702143598017748,5.781497504159733,0.3709424528836527,-0.11111111111111106,0.21930103111578844,0.7582252079957781,0.2791180828323473,0.032332118323286134,-0.11349581666060386,-0.06013860943438408,-0.36289025064125136,0.172149912980063,0.09749541809494229,Agricultural Inputs,Basic Materials,AVD
2021Q3,2021,Q3,2021-11-10,2021-09-30,5498000.0,147298000.0,8946000.0,0.18,57064000.0,0.387405124305829,735872000.0,368341000.0,376333000.0,178321000.0,367531000.0,166973000.0,300105000.0,449874600.0,595914600.0,12.322393951558945,2.1104244592616688,0.22117705253087494,0.4418677258301411,0.012718644940977018,12.322393951558945,0.014926386147618646,3.0541799617102745,20.456284103310296,1.2213535826856092,0.10913059294288832,0.5404107250872896,0.0013337049924578982,0.20016796399373804,1.1040146701734512,0.007471408070968864,28.47668059248006,0.387405124305829,0.058823529411764594,0.8512431568616315,0.7306951834046542,0.28316819318135766,0.09445904217572258,0.06881804043545879,-0.0027867573291717757,-0.17129147946656495,0.29601589938007156,0.10282218570392233,Agricultural Inputs,Basic Materials,AVD
2021Q2,2021,Q2,2021-08-10,2021-06-30,5144000.0,134610000.0,8971000.0,0.17,52139000.0,0.38733377906544836,735442000.0,369371000.0,373082000.0,165875000.0,366071000.0,175151000.0,295201000.0,524074300.00000006,675541300.0,12.341162712996994,2.2491755840241145,0.23254858982761387,0.4630195656941124,0.010868635327712069,12.341162712996994,0.013926377544528402,3.8932791025926754,25.470173989113533,1.4188290363888882,0.11586314152410575,0.4708565751836986,0.001137243325994043,0.18303278844558782,1.1094800301431802,0.006994433279578811,46.275876379690956,0.38733377906544836,0.7000000000000001,0.5298130635067776,0.7868392630124086,0.29845242510076736,0.15528129223815115,0.6750244220123738,1.4551176792556102,-0.09968219588637114,0.23228802111415442,0.13092557808237726,Agricultural Inputs,Basic Materials,AVD
2021Q1,2021,Q1,2021-05-07,2021-03-31,3071000.0,116155000.0,3654000.0,0.1,45131000.0,0.388541173432052,710024000.0,360046000.0,365886000.0,166896000.0,349978000.0,172234000.0,290657000.0,606932170.0,747946170.0,12.107677304368295,2.192299396031061,0.21799122283190428,0.4298867366947557,0.004817018253759403,12.107677304368295,0.008529465679385412,5.225191941801903,49.40834988603061,1.6857072985118569,0.19309671116900032,0.41236921862117815,0.0009770449307374826,0.1635930616429867,1.093081919279072,0.00432520590853267,-17.075036432690954,0.388541173432052,-0.6153846153846154,0.06480325528098399,0.6196887300867249,0.2849437015444533,-0.10875232039180062,-0.6116590794132524,-0.6285830453344176,-0.3503735270034867,0.09864501426181606,0.12926418146133636,Agricultural Inputs,Basic Materials,AVD
2020Q4,2020,Q4,2021-03-31,2020-12-31,7908000.0,140748000.0,9838000.0,0.26,50638000.0,0.3597777588313866,680293000.0,360736000.0,331725000.0,171324000.0,319557000.0,163784000.0,288182000.0,459360960.0,563244960.0,12.187850530441246,1.9362436086012467,0.176110881634825,0.3321182249622993,0.01728948058890437,12.187850530441246,0.021921848664951653,3.2637121664251003,14.522033383915021,1.2733992725982437,0.0,0.5501758413520246,0.0,0.20689320630963423,0.9189722397329038,0.011624403014583421,7.208375859146973,0.3597777588313866,1.5999999999999999,1.5768087145113114,0.6345849581025685,0.308174884334475,0.17041488501097884,1.7017423983600957,1.1945126031675217,-0.07182690092560032,0.19530034566127033,0.16988343025103447,Agricultural Inputs,Basic Materials,AVD
2020Q3,2020,Q3,2020-11-09,2020-09-30,2927000.0,117439000.0,4483000.0,0.1,43265000.0,0.3684040225138157,675741000.0,344794000.0,353016000.0,150505000.0,330947000.0,176287000.0,280866000.0,387643140.0,539715140.0,11.68753601572828,2.3455433374306502,0.23922331189020646,0.4688393649541465,0.007413602114702152,11.68753601572828,0.00848912684095431,3.3008041621607815,33.10925350187906,1.1242746103470478,0.0,0.4207570609290532,0.0,0.1737929177007167,1.1028935915750306,0.0043315412265942125,35.54076648024205,0.3684040225138157,-0.23076923076923075,0.02914347120475737,0.5790818311961042,0.26600810369208805,0.07341338758497494,-0.24697710316439414,-0.3359502295956155,-0.2916504838626283,0.2916132123711264,0.15089856913487432,Agricultural Inputs,Basic Materials,AVD
2020Q2,2020,Q2,2020-08-07,2020-06-30,3887000.0,104555000.0,6751000.0,0.13,40306000.0,0.38550045430634594,661334000.0,339660000.0,336750000.0,131808000.0,321674000.0,180993000.0,277939000.0,404722880.0,565719880.0,11.547954985890593,2.554852512745812,0.2564468180979656,0.4993140199022552,0.009282885010654857,11.547954985890593,0.011443796737914385,3.8709088996222083,26.03054283509133,1.1915529647294352,0.15075894005659893,0.35498057935942273,0.0014479043042982893,0.15809711885371083,1.0868460184510804,0.005877514236376778,24.939788020704956,0.38550045430634594,5.5,3.852245383670838,0.5323297332174525,0.2600133827550991,0.05015502462155754,6.475,2.6770152505446623,-0.10803237435031453,0.32552001007986414,0.15194438666474966,Agricultural Inputs,Basic Materials,AVD
2020Q1,2020,Q1,2020-05-11,2020-03-31,520000.0,95962000.0,1836000.0,0.02,38381000.0,0.3999604009920594,674241000.0,334207000.0,350603000.0,139307000.0,340034000.0,175861000.0,274052000.0,423504480.0,597064480.0,11.411055722480196,2.5167651302518896,0.2656379543812969,0.5359073867393561,0.005691638528014651,11.411055722480196,0.0015559219286250736,4.413251912215252,203.60792307692307,1.2671921294287674,1.1192307692307693,0.32742336276946,0.0013742475640399366,0.14232596356495675,1.1743343837710956,0.0007712375841872564,-25.0209429280397,0.3999604009920594,-0.8181818181818181,8.931150280379837,0.4041701634462645,0.24563556024808603,-0.17524067388688327,-0.8486612339930152,-0.7058635052867671,-0.8511165575704326,0.3420219183687571,0.14953637935539343,Agricultural Inputs,Basic Materials,AVD
2019Q4,2019,Q4,2020-03-10,2019-12-31,3436000.0,130522000.0,6242000.0,0.11,46536000.0,0.3565375951946798,670098000.0,344156000.0,336199000.0,138638000.0,325942000.0,163313000.0,274118000.0,570237360.0,723829360.0,11.750751160885004,2.4250133441047907,0.23902921662204632,0.4654081288717907,0.009121019163314249,11.750751160885004,0.009983844535617568,4.3688984232543175,41.48991268917345,1.6569153523402178,0.16938300349243307,0.5142640206229755,0.0010206276207507697,0.19478046494691822,1.1716051876109004,0.005127608200591555,19.90496230103323,0.3565375951946798,0.0,0.8541391972433855,0.6384709924149261,0.28121664124938955,-0.01953100309714936,0.089755788138281,-0.08016504568228706,-0.12270868675111031,0.4748517534869458,0.20538996369161988,Agricultural Inputs,Basic Materials,AVD
2019Q3,2019,Q3,2019-11-06,2019-09-30,3153000.0,124884000.0,6786000.0,0.11,47463000.0,0.38005669261074276,681297000.0,337986000.0,356994000.0,143174000.0,343311000.0,186285000.0,271263000.0,456194900.0,627618900.0,11.631827098461644,2.4934275776328105,0.26025507231060757,0.5246104868248981,0.008841954638316095,11.631827098461644,0.009328788766398609,3.6529491367989495,36.1714954012052,1.349744959850408,0.18426895020615286,0.41560512118528065,0.001273578463941618,0.18330331705555727,1.1173676784891111,0.0046279375954979985,64.50719739819004,0.38005669261074276,0.0,3.2197678728694363,0.7078794267222509,0.27249301588661784,0.13948575132643506,0.015132002575660013,0.07868383404864092,0.09216159687282516,0.5095056251452859,0.21125737579934273,Agricultural Inputs,Basic Materials,AVD
2019Q2,2019,Q2,2019-08-07,2019-06-30,3106000.0,113104000.0,6291000.0,0.11,41653000.0,0.36827167916254067,665809000.0,333848000.0,342892000.0,129297000.0,331961000.0,193393000.0,268692000.0,448355460.0,619115460.0,11.511603048170752,2.6519718168248296,0.265942635200185,0.5303820900529582,0.008649714603801949,11.511603048170752,0.009303635187270854,3.9640990592728818,36.087850933676755,1.3429927991181618,0.18641339343206698,0.36946011489557534,0.001291386080142751,0.16987454360034185,1.0656241057410458,0.0046650015244612195,-28.6123458838545,0.36827167916254067,-0.15384615384615388,19.982688587432776,0.621818657579713,0.25982509772604934,-0.0011750035969497867,-0.2048131080389145,-0.0885250651984932,-0.04669339912493294,0.5494582204994094,0.2111718516564979,Agricultural Inputs,Basic Materials,AVD
2019Q1,2019,Q1,2019-05-08,2019-03-31,3906000.0,99676000.0,6902000.0,0.13,41702000.0,0.4183755367390345,662425000.0,329118000.0,340548000.0,147530000.0,333307000.0,189499000.0,266166000.0,505069110.0,658046110.0,11.357904544983953,2.308330509049007,0.24098426236932483,0.485035762249406,0.01027435860825339,11.357904544983953,0.011868083787577708,5.067108531642522,32.32649193548387,1.5346140593951105,0.14874551971326164,0.3059330128391179,0.0011503376240926712,0.15047137411782466,0.9374567884498068,0.005896516586783409,-21.37225414691943,0.4183755367390345,-0.48,0.7732085131228722,0.204693963916772,0.24368030081153405,-0.21291735084838534,-0.4733009708737864,-0.39371047083626143,0.3898422980988871,0.4263561686558043,0.20537304892944455,Agricultural Inputs,Basic Materials,AVD
2018Q4,2018,Q4,2019-03-12,2018-12-31,7416000.0,131338000.0,11384000.0,0.25,52983000.0,0.40340952351946885,593587000.0,329230000.0,310188000.0,145528000.0,264357000.0,159895000.0,262840000.0,440160630.0,530663630.0,11.361769679400904,2.1314661096146446,0.1628590248775664,0.29362755520456824,0.020199736305800367,11.361769679400904,0.02252528627403335,3.351357794393093,14.83820894012945,1.3369396166813474,0.07928802588996764,0.4900403389724507,0.001335875950559231,0.22126158423280834,0.9633678742235171,0.01249353506731111,79.63825402569206,0.40340952351946885,0.13636363636363635,25.1459927409558,0.704500476935901,0.2509473456973366,0.16960264900662253,0.13655172413793104,-0.024089155593656236,1.4682786466793523,0.5579897977834273,0.21950804196867027,Agricultural Inputs,Basic Materials,AVD
2018Q3,2018,Q3,2018-11-06,2018-09-30,6525000.0,111780000.0,11665000.0,0.22,45300000.0,0.4052603327965647,589911000.0,328490000.0,320808000.0,137927000.0,261287000.0,162760000.0,256005000.0,560932920.0,648877920.0,11.173509303037518,2.3259260333364753,0.16496217225988327,0.2962434168467838,0.018238427967449875,11.173509303037518,0.019863618374988585,5.018186795491143,21.491682758620687,1.707610338214253,0.08996168582375479,0.40845416564266407,0.001046470939876376,0.18948621063177326,1.0635771096304567,0.011060990556202546,-27.051163194444445,0.4052603327965647,0.15789473684210525,-0.29132313322516357,0.10785961828825462,0.22365729165218023,0.04626186571817909,0.16538667619217717,0.35971558456696584,1.3021726819049857,0.5082056961119437,0.2103281055380751,Agricultural Inputs,Basic Materials,AVD
2018Q2,2018,Q2,2018-08-06,2018-06-30,5599000.0,107046000.0,8579000.0,0.19,43297000.0,0.40447097509481905,562014000.0,320062000.0,288513000.0,140660000.0,241783000.0,163180000.0,250068000.0,673123500.0,740282500.0,10.912444595976815,2.051137494667994,0.13212838114353023,0.23201129781104912,0.016761004756975027,10.912444595976815,0.017493485637157802,6.288170506137548,30.055523307733523,2.1031034612043915,0.10466154670476871,0.3906667483760265,0.0008705683281002668,0.19046856484002178,0.8107706526375658,0.009962385278658538,64.34599942644107,0.40447097509481905,0.1875,-0.3559000807362522,0.1902646344424087,0.23703489077921322,0.05471243087866313,0.20279269602577873,0.1670521017548633,6.009159491555539,0.5732767543992523,0.19067196281107984,Agricultural Inputs,Basic Materials,AVD
2018Q1,2018,Q1,2018-05-08,2018-03-31,4655000.0,104108000.0,7351000.0,0.16,41051000.0,0.39431167633611247,566793000.0,313954000.0,290042000.0,134732000.0,252635000.0,143231000.0,245056000.0,591496400.0,668803400.0,10.72174031828427,2.152732832586171,0.15936153057641855,0.28770138300515363,0.013459988591204328,10.72174031828427,0.014827012874497537,5.681565297575594,31.766723952738992,1.8840225001114812,0.09409237379162191,0.44024687393092277,0.0007404947857670816,0.18367905037641608,1.0051138556541876,0.008212874894361786,-50.97788502973369,0.39431167633611247,-0.4285714285714286,-0.7343208991840847,-0.1730384812664834,0.2536258269433644,-0.08655793151020226,-0.44773994542650375,-0.13700399154731158,87.92110993704222,0.5236791786731646,0.17038960574786538,Agricultural Inputs,Basic Materials,AVD
2017Q4,2017,Q4,2018-03-14,2017-12-31,8429000.0,116494000.0,8518000.0,0.28,44941000.0,0.3857795251257575,535592000.0,305060000.0,254883000.0,126202000.0,230278000.0,123124000.0,238953000.0,575391300.0,641540300.0,10.418004234683423,2.0196431118365794,0.14467355748405503,0.2540024913131843,0.023931504807025814,10.418004234683423,0.027630630039992134,4.9392354971071475,17.065823347965356,1.886157805021963,0.05208209752046506,0.5811458367174556,0.000762959050649532,0.21750511583444115,0.9583207873092344,0.015737725731526982,-34.729074118783196,0.3857795251257575,1.0,-0.2807034516957072,0.08826936769541938,0.3084702644440155,0.18166281026503997,1.0613842015162631,0.3181677499226246,3.549400944223533,0.4626741104320601,0.13590358704164177,Agricultural Inputs,Basic Materials,AVD
2017Q3,2017,Q3,2017-11-02,2017-09-30,4089000.0,89975000.0,6462000.0,0.14,38032000.0,0.422695193109197,469115000.0,296459000.0,249576000.0,105492000.0,172372000.0,123315000.0,230962000.0,668519700.0,716853700.0,10.15513993080533,2.36582868843135,0.12231329204992379,0.19354784304069028,0.012400082813916807,10.15513993080533,0.013792801028135425,7.430060572381217,40.873055759354365,2.2550157020026376,0.10687209586696014,0.42122207355147384,0.0006536830552637417,0.19179732048644788,1.068498085162856,0.00871641281988425,-22.61951277279648,0.422695193109197,-0.06666666666666654,-0.5148963533106947,-0.05013858121442616,0.3185187462092028,0.10767438473860493,-0.04995353159851301,-0.0327795240233498,4.446954496726983,0.22474114413872393,0.11094710469089816,Agricultural Inputs,Basic Materials,AVD
2017Q2,2017,Q2,2017-07-31,2017-06-30,4304000.0,77905000.0,6681000.0,0.15,34335000.0,0.4407290931262435,425598000.0,291219000.0,214274000.0,98148000.0,134024000.0,126865000.0,227312000.0,501112500.0,519863500.0,10.024750430292599,2.1831723519582673,0.06190818565876719,0.09047486599432042,0.015407605270586981,10.024750430292599,0.014779255474402425,6.432353507477055,29.107371050185872,1.7207410917556891,0.10106877323420074,0.34343593583730736,0.0008680685474818529,0.1830483225955009,0.7621143579084647,0.010112829477582132,202.71541262135923,0.4407290931262435,0.25,-0.5279740107994387,-0.11938956667272667,0.35690233651302256,0.14130434782608695,0.24681344148319814,0.3015780245470485,28.026774764080955,0.11520959273898043,0.09710455943227689,Agricultural Inputs,Basic Materials,AVD
2017Q1,2017,Q1,2017-05-04,2017-03-31,3452000.0,70673000.0,5133000.0,0.12,30084000.0,0.4256788306708361,422605000.0,287347000.0,221604000.0,95581000.0,135130000.0,122279000.0,223445000.0,480520200.00000006,499721200.00000006,9.926659066569938,2.3184942614117867,0.07097171117237136,0.10437902605560524,0.011558407989264953,9.926659066569938,0.012013349713064692,6.79920478825011,34.800130359212055,1.672264544261816,0.08371958285052143,0.33193761807015104,0.0006014315319106252,0.1672318122123496,0.9087998660821711,0.00816838418854486,34.1036337828247,0.4256788306708361,-0.07692307692307698,-0.6228269934418729,-0.227059242479033,0.3999654368920927,-0.17360729590154927,-0.1082407646602945,-0.15645028759244042,0.5687300486060253,-0.14495392123194886,0.08696021216497071,Agricultural Inputs,Basic Materials,AVD
2016Q4,2016,Q4,2017-03-07,2016-12-31,3871000.0,87468000.0,6085000.0,0.13,36404000.0,0.416197923812137,429956000.0,282190000.0,227075000.0,97074000.0,147599000.0,120576000.0,220428000.0,554335050.0,587417050.0,9.748505890074965,2.3391948410490966,0.09524462968303733,0.145118537155817,0.012730214301725717,9.748505890074965,0.013717707927283036,6.337575456166827,35.800506974941875,1.964403593323647,0.07465771118574012,0.42350053078556266,0.0005213453488102548,0.20343477006949548,0.9794074623483116,0.009003246843863093,97.28589856089856,0.416197923812137,0.3,-0.4255824954261876,0.007864662158204444,0.4395138059540221,0.10361971745589038,0.34549878345498786,0.2861974212640034,12.661816447971272,0.13633343250285707,0.0733246590813794,Agricultural Inputs,Basic Materials,AVD
2016Q3,2016,Q3,2016-11-02,2016-09-30,2877000.0,82447000.0,4731000.0,0.1,32986000.0,0.4000873288294298,463109000.0,278077000.0,263234000.0,109768000.0,184848000.0,141678000.0,217135000.0,465049419.99999994,502943419.99999994,9.603101149981006,2.3980941622330736,0.09606377764198061,0.1599844647345879,0.010001904528035524,9.603101149981006,0.01034605522930699,5.640586316057588,40.41096802224539,1.672376428111638,0.10045185957594717,0.3491085419048829,0.0006214393300393752,0.1780293624179189,0.9218078128416296,0.0062123603730439275,73.61871457970555,0.4000873288294298,-0.09090909090909087,-0.4067361465896035,0.0632738292490404,0.4725488478475334,0.05067685937251155,-0.11367837338262476,-0.0712603062426384,-0.6827609838154065,-0.17038904750507441,0.05167538916830833,Agricultural Inputs,Basic Materials,AVD
2016Q2,2016,Q2,2016-08-02,2016-06-30,3246000.0,72724000.0,5094000.0,0.11,31395000.0,0.43170067653044386,459655000.0,274614000.0,258526000.0,104660000.0,184821000.0,151102000.0,214258000.0,436573230.0,480368230.0,9.504516664936144,2.4701509650296196,0.10789396395122429,0.18059530832368342,0.011631457761779746,9.504516664936144,0.011820227665013438,6.003152054342445,33.62393946395564,1.589770477834342,0.0,0.2735172267739673,0.0,0.1582143129085945,0.815440473915536,0.007061818102707465,29.775830718865095,0.43170067653044386,0.09999999999999995,-0.48478521156321674,-0.13730036889778532,0.47344906322298314,0.14151183507253753,0.16177523264137436,0.1002159827213823,-0.6209375911511597,-0.1791377762169688,0.07743215840501985,Agricultural Inputs,Basic Materials,AVD
2016Q1,2016,Q1,2016-05-04,2016-03-31,2794000.0,69474000.0,4630000.0,0.1,27503000.0,0.39587471572098915,463522000.0,271450000.0,258377000.0,95647000.0,191988000.0,144415000.0,211301000.0,454590240.0,512474240.0,9.422729797278533,2.7013602099386285,0.14195658458498195,0.2424019156382391,0.010169771509053288,9.422729797278533,0.010292871615398784,6.543314621297176,40.67557623478883,1.6746739362681893,0.0,0.29062770487830214,0.0,0.14988285345679386,0.9776260625006534,0.006027761357605464,51.221435492957745,0.39587471572098915,0.0,-0.46599125719489554,-0.012536138455351203,0.5147505402131967,-0.10407844159228614,-0.06461332440575829,-0.0032292787944025836,-0.8379116739586001,-0.43906682026841626,0.10174067674747328,Agricultural Inputs,Basic Materials,AVD
2015Q4,2015,Q4,2016-03-02,2015-12-31,2987000.0,83808000.0,4645000.0,0.1,30698000.0,0.36628961435662466,443539000.0,268395000.0,236831000.0,76282000.0,175213000.0,136477000.0,208507000.0,403600080.0,466452080.0,9.316682865870591,3.1046773812957187,0.1541600625875064,0.25475884424076456,0.010190323446778463,9.316682865870591,0.011129119394921665,4.815770332187858,33.779718781386,1.5037540937796905,0.0,0.3891498201162101,0.0,0.18895294438595028,1.0629113027975146,0.006734469798597192,16.257152984774027,0.36628961435662466,0.11111111111111122,-0.2668890619744863,0.2849241265674886,0.5447477445914359,-0.023383068749403494,0.07756132756132757,-0.1356531447711202,-0.7409075409310196,-0.20419630381960086,0.17014758476119612,Agricultural Inputs,Basic Materials,AVD
2015Q3,2015,Q3,2015-11-03,2015-09-30,2772000.0,72486000.0,5374000.0,0.09,31433000.0,0.4336423585244047,493913000.0,265442000.0,283619000.0,114650000.0,228470000.0,161496000.0,205520000.0,332384680.0,419686680.0,9.231801898932286,2.473781072830353,0.1877476397665176,0.349345619758742,0.009798803392306044,9.231801898932286,0.010442959290541813,4.585501752062467,29.976973304473308,1.2521932474890936,0.0,0.2542044385000248,0.0,0.1467586396794577,0.8831836022677715,0.005612324437704616,53.03728737833094,0.4336423585244047,2.0,-0.2685217208693034,0.011926566899421762,0.5668174540636358,0.25126388280721307,2.5492957746478875,3.482068390325271,-0.6661078430526457,-0.22305891044561743,0.19863477489931924,Agricultural Inputs,Basic Materials,AVD
2015Q2,2015,Q2,2015-07-31,2015-06-30,781000.0,66523000.0,1199000.0,0.03,25121000.0,0.3776287900425417,493003000.0,262814000.0,278484000.0,111353000.0,230120000.0,165234000.0,202748000.0,395728800.0,488325800.0,9.16494629655461,2.5009115156304724,0.19814483887521983,0.3716925277953229,0.005760001239743062,9.16494629655461,0.002971683395861712,5.948751559610962,126.67375160051216,1.5057371372910118,0.7323943661971831,0.2505658641683915,0.001445434347967598,0.13493427017685491,0.8206873636094223,0.0015841688590130284,-27.460190132537644,0.3776287900425417,15.968325791855204,-0.5467466097819048,0.21579941921881263,0.5895789824718853,0.019107505070993916,14.313725490196079,2.918300653594771,-0.9132294705768471,-0.2382404875682495,0.24052335569698052,Agricultural Inputs,Basic Materials,AVD
2015Q1,2015,Q1,2015-05-01,2015-03-31,51000.0,66565000.0,306000.0,0.001768,24650000.0,0.37031472996319387,470716000.0,261331000.0,288302000.0,93896000.0,210113000.0,166981000.0,201967000.0,302956740.0,381394740.0,9.16083009079118,3.0704396353412284,0.18123029597464288,0.32643658808178133,0.00011330984667131658,9.16083009079118,0.00019515480367809405,4.551291820025539,1485.0820588235292,1.1592835905422625,11.156862745098039,0.2510165827249807,0.0018781559373790462,0.14141223157912627,1.0439741842038,0.00010834558417389679,16.536939956331878,0.37031472996319387,-0.971936507936508,-0.9732410334852305,0.366014097760346,0.6106578604213586,-0.21089698444202573,-0.9717451523545706,-0.23690773067331672,-0.9943455879709298,-0.26126942076035325,0.2919599045704111,Agricultural Inputs,Basic Materials,AVD
2014Q4,2014,Q4,2015-02-27,2014-12-31,1805000.0,77591000.0,401000.0,0.063,31238000.0,0.4025982394865384,473171000.0,261637000.0,287049000.0,81245000.0,212168000.0,165631000.0,202488000.0,331483740.0,426124740.0,9.17155677077856,3.533128192504154,0.2103383343442434,0.38039726797050877,-0.002272366324054897,9.17155677077856,0.006898871337005087,4.272193166733255,45.91187534626039,1.2669604834178652,0.7872576177285319,0.2798570315943271,0.004286786434833878,0.16398088640259018,1.2218844236568405,0.003814688558681745,-222.17408847184987,0.4025982394865384,1.1,1.2016401498970217,0.46311238127463833,0.6383193311888699,0.10408935072279363,1.465846994535519,-0.7530788177339901,-0.7282126996236729,-0.09278164145543354,0.354318573789701,Agricultural Inputs,Basic Materials,AVD
2014Q3,2014,Q3,2014-10-31,2014-09-30,732000.0,71635000.0,1624000.0,0.03,28293000.0,0.39496056397012635,481976000.0,260207000.0,291533000.0,100624000.0,222079000.0,171520000.0,201252000.0,318819200.0,408918200.0,9.1409751984824,2.8972511528064877,0.19740402011718425,0.3656473499944275,0.004570129252485571,9.1409751984824,0.0028131449192373764,4.450606547078942,108.8863387978142,1.2252522030537225,1.9330601092896176,0.25269356343283583,0.0044382521504351055,0.14862773250120337,0.9878955318810622,0.0015187478214682888,-47.09293943870015,0.39496056397012635,1.9999999999999996,-0.667386447120059,0.028428716430791482,0.5497303644852871,0.08568687643898695,4.048275862068966,1.2461964038727524,-0.8464512700631028,-0.0602276711058388,0.4016860060621937,Agricultural Inputs,Basic Materials,AVD
2014Q2,2014,Q2,2014-07-31,2014-06-30,145000.0,68313000.0,723000.0,0.01,26060000.0,0.38147936703116536,479442000.0,259577000.0,286206000.0,107277000.0,220351000.0,175240000.0,201937000.0,375553760.0,457525760.0,9.137461278513095,2.6679157694566404,0.17971099736777338,0.3319284836483972,-0.0006740163298545132,9.137461278513095,0.0005586011087268903,5.497544537642908,647.5064827586207,1.4467913567072583,9.779310344827586,0.24111504222780186,0.0037757576971137233,0.14248438810116762,0.8426410134511592,0.00030243491392076624,35.12145889834471,0.38147936703116536,-0.8571428571428571,35.5566829766263,0.3714214995993783,0.5705627769390764,-0.09842587787580004,-0.9328392774432608,-0.8175164058556285,-0.976592243809051,-0.17579130750169317,0.41654586295071294,Agricultural Inputs,Basic Materials,AVD
2014Q1,2014,Q1,2014-05-02,2014-03-31,2159000.0,81095000.0,3962000.0,0.07,28905000.0,0.3564338121955731,498094000.0,259372000.0,301434000.0,112114000.0,239034000.0,158459000.0,203212000.0,614881650.0,705668650.0,9.132495334671315,2.688638350250638,0.19911502648094537,0.3823774347269559,0.0076977594512318386,9.132495334671315,0.008323951698718444,7.582238732350946,71.19982051875868,2.370655467822278,0.6567855488652153,0.3293596450816931,0.0023061348472506868,0.16281063413733152,1.1052232549012613,0.004334523202447731,-14.068586692902576,0.3564338121955731,6.291666666666668,1.9367699932385665,0.7274025132422008,0.5755157447978597,-0.10624284963359204,6.766187050359712,1.5528350515463918,-0.5814435060442804,0.16915599515380103,0.46809391113849425,Agricultural Inputs,Basic Materials,AVD
2013Q4,2013,Q4,2014-02-28,2013-12-31,278000.0,75522000.0,1552000.0,0.0096,32341000.0,0.42823283281692753,447443000.0,257953000.0,249506000.0,110499000.0,189648000.0,139830000.0,202470000.0,689860290.0,734925290.0,9.082532305200521,2.257993285007104,0.11564601524663477,0.20059855865215756,0.0031466513439123815,9.082532305200521,0.0010777157079002765,9.134560657821561,620.3779586330935,2.674364283415971,5.086330935251799,0.30881069870557104,0.002049690380062317,0.16878574477642963,0.8300527606584674,0.000621308188976026,-42.105730590820315,0.42823283281692753,-0.9690322580645161,-0.9666044696983902,0.010514958994687091,0.5727843017617648,-0.25065455640770173,-0.9686583990980834,-0.8974494515660103,-0.9307916095631373,0.17447821646647232,0.5059245329723173,Agricultural Inputs,Basic Materials,AVD
2013Q3,2013,Q3,2013-11-01,2013-09-30,8870000.0,97201000.0,15134000.0,0.31,43159000.0,0.4440180656577607,463414000.0,258615000.0,268562000.0,142592000.0,204581000.0,127172000.0,203610000.0,762428240.0,789068240.0,9.131240731586752,1.883429645421903,0.08408248348129319,0.15066798136225665,0.03161160431382702,9.131240731586752,0.03429808789126694,7.843831236304153,21.488958286358514,2.9481207199891735,0.15941375422773393,0.42495203346648636,0.0018546007687228374,0.20974981334184983,0.8705397217235189,0.019140552508124485,-45.450267660208645,0.4440180656577607,0.06896551724137938,0.391536837774732,0.3592808213515809,0.6398463226477117,0.025982979128036893,0.0577152396851896,0.17345119019927116,1.3762442243745527,0.37760541773588735,0.5497502559236692,Agricultural Inputs,Basic Materials,AVD
2013Q2,2013,Q2,2013-08-06,2013-06-30,8386000.0,86761000.0,12897000.0,0.29,42066000.0,0.4848491833888498,437237000.0,249603000.0,246790000.0,123126000.0,187491000.0,127150000.0,196155000.0,669459700.0,678026700.0,8.821452553454675,2.004369507658821,0.0937272005800058,0.16418472534384604,0.03000492122286559,8.821452553454675,0.03359735259592232,7.716136282431046,19.95765859766277,2.682097971578867,0.0,0.3515139598898938,0.0,0.19843014200536552,0.823156766239462,0.01917952963724479,19.565119677353362,0.4848491833888498,-0.5084745762711864,0.8110969437692914,0.4049557369567558,0.6013929980898528,-0.21782785742176605,-0.5042270174401419,-0.5068634573471494,3.9323485488995873,0.6070283102758357,0.5300030267625194,Agricultural Inputs,Basic Materials,AVD
2013Q1,2013,Q1,2013-05-03,2013-03-31,16915000.0,121537000.0,26153000.0,0.59,53781000.0,0.44250722002353193,474445000.0,241773000.0,286481000.0,168585000.0,232409000.0,109489000.0,189182000.0,832804740.0,872757740.0,8.55258410272737,1.6993267491176558,0.10527669171347574,0.2065904794993651,0.05844324003536457,8.55258410272737,0.06996232002746378,6.8522732994890445,12.308671888856045,3.444572967204775,0.0,0.6188384221245969,0.0,0.25616667896173423,0.9384346175519768,0.035652183077068994,-36.96097727676194,0.44250722002353193,0.5128205128205127,8.13731256778272,1.7795172194744941,0.6058888875102142,0.17487329605033206,0.4951825333686909,0.4932625328308782,7.956056370087336,1.516885237561043,0.5037160034023598,Agricultural Inputs,Basic Materials,AVD
2012Q4,2012,Q4,2013-03-01,2012-12-31,11313000.0,103342000.0,17514000.0,0.39,45776000.0,0.4429563972053957,399890000.0,225077000.0,222317000.0,113670000.0,174454000.0,87951000.0,174243000.0,878317830.0,892284830.0,7.961972478686901,1.9558106800387085,0.13114356448023207,0.23300026213251465,0.042124963275210564,7.961972478686901,0.05026279895324711,8.499137136885293,19.409480906921242,3.902299346445883,0.42146203482718997,0.6545235415174359,0.005428558816800975,0.25842606716847133,1.0185537081024016,0.02829027982695241,41.56733696166588,0.4429563972053957,0.3928571428571428,0.4001395036156287,0.4003144482254547,0.5078513491292348,0.15523028391167193,0.4008172362555721,0.3303456133687809,2.275331976077843,0.9664769259056877,0.4222507424025032,Agricultural Inputs,Basic Materials,AVD
2012Q3,2012,Q3,2012-11-02,2012-09-30,8076000.0,90756000.0,13165000.0,0.28,39625000.0,0.43661025166380185,397616000.0,215423000.0,230753000.0,123203000.0,182193000.0,92815000.0,165751000.0,1007199700.0,1037690700.0,7.701930639971398,1.8729495223330601,0.13609864794173274,0.25120344624297314,0.031234043364903465,7.701930639971398,0.03748903320443964,11.097885539248093,31.178792100049524,4.6754510892523085,0.0,0.5508915584765394,0.0,0.2282503722184218,1.0550798276016007,0.020311053881131545,-39.63168725899111,0.43661025166380185,-0.06666666666666654,0.39847331771648914,0.5113313245621139,0.53676295099663,0.033354196004798414,-0.07639524245196706,-0.07562140148855498,2.734729474610801,0.32604497657874193,0.3057595627110875,Agricultural Inputs,Basic Materials,AVD
2012Q2,2012,Q2,2012-08-03,2012-06-30,8744000.0,84837000.0,14242000.0,0.3,38346000.0,0.4519961809116305,371644000.0,205814000.0,206059000.0,104068000.0,165830000.0,79922000.0,159622000.0,740744220.0,748774220.0,7.387967549716419,1.9800418956835915,0.15089171357535705,0.27246931695608656,0.034879276147556676,7.387967549716419,0.04248496215029104,8.731381590579582,21.178643069533393,3.5990953968145996,0.0,0.5817046620454943,0.0,0.2282749082455253,1.1695045547142253,0.023527892284013734,20.061864420550876,0.4519961809116305,-0.03225806451612906,1.2961744626880978,0.5991245849987155,0.5304937113086533,0.025897586815773983,0.001144950767117014,-0.011109568115539509,2126.0292914064185,0.736775257434753,0.26985674435673873,Agricultural Inputs,Basic Materials,AVD
2012Q1,2012,Q1,2012-05-04,2012-03-31,8734000.0,87255000.0,14402000.0,0.31,37378000.0,0.42837659732966593,355650000.0,195872000.0,192896000.0,95305000.0,159778000.0,74667000.0,150878000.0,599164560.0,642855560.0,7.09064581523313,2.0239861497298146,0.16427105300154646,0.29827132004574414,0.03609794803148077,7.09064581523313,0.04459034471491587,6.866822073233625,17.150348065033207,3.0589597288024835,0.0,0.6679925536046714,0.0,0.2453395191902151,1.2048685798226746,0.02455785182061015,-44.995836587563836,0.42837659732966593,0.3478260869565217,2.8909074729896616,1.0202461356062762,0.5114517628113899,0.16620386259399084,0.35810915876224536,0.28727207722559883,11.214552086531294,0.9108951507991279,0.22326086280852395,Agricultural Inputs,Basic Materials,AVD
2011Q4,2011,Q4,2012-03-09,2011-12-31,6431000.0,82819000.0,11188000.0,0.23,32051000.0,0.38700056750262624,339141000.0,187072000.0,178465000.0,79025000.0,152069000.0,71068000.0,143524000.0,368504160.0,399796160.0,6.77208224732117,2.258335969629864,0.19572095382156685,0.3548206038316798,0.027500111704110753,6.77208224732117,0.03437713821416353,4.449512309977179,14.325305551236198,1.9698520355798836,0.21443010418286426,0.7143580795857488,0.003742155855174064,0.2442022639551101,1.3297817146472635,0.018962614369834374,10.513670756062767,0.38700056750262624,0.43750000000000006,0.1260625210516501,0.4245541953796591,0.4657708897198291,0.042275047965919806,0.39259419662191425,0.3697355533790402,-0.20572823507221513,0.13932155284721245,0.17269328540980278,Agricultural Inputs,Basic Materials,AVD
2011Q3,2011,Q3,2011-11-04,2011-09-30,4618000.0,73840000.0,8168000.0,0.16,30751000.0,0.41645449620801733,345660000.0,179828000.0,184310000.0,93887000.0,165832000.0,80819000.0,137093000.0,307737000.0,372344000.0,6.521414324569356,1.963104583169129,0.1979951397326853,0.3805803323175479,0.02084979992243518,6.521414324569356,0.025680094312342906,4.16761917659805,16.65964703334777,1.7112852281068576,0.0,0.5331543325208181,0.0,0.21362032054620148,1.0738760424765943,0.013359949082913845,-131.7367294520548,0.41645449620801733,-0.2727272727272727,0.027959289445097985,0.3628792629407539,0.4813831555031431,-0.038820992092020126,-0.23123023139670384,-0.23542076195825143,-0.2558963859628598,0.06056805489702834,0.1711570872963759,Agricultural Inputs,Basic Materials,AVD
2011Q2,2011,Q2,2011-08-05,2011-06-30,6007000.0,80374000.0,10683000.0,0.22,31993000.0,0.39805160872919104,332190000.0,177699000.0,168982000.0,81030000.0,154491000.0,80620000.0,133854000.0,357297560.0,418379560.0,6.4505227239727025,2.0854251511785757,0.2138535175652488,0.39977715125014773,0.0265397014562852,6.4505227239727025,0.03380435455461201,4.445437081643317,14.870049941734644,2.0106897619007422,0.0,0.600111634830067,0.0,0.24195189499984948,1.049895100580032,0.018083024774978175,31.36940825285338,0.39805160872919104,0.22222222222222227,0.7114910247978516,0.7769479199115155,0.516340522699966,0.13157429349556113,0.19852354349561052,0.16283879394796996,0.33249042063977174,0.33682112403547243,0.17098877555533465,Agricultural Inputs,Basic Materials,AVD
2011Q1,2011,Q1,2011-05-06,2011-03-31,5012000.0,67396000.0,9187000.0,0.18,28273000.0,0.4195056086414624,311935000.0,171665000.0,145938000.0,65486000.0,140270000.0,77297000.0,127825000.0,239533280.0,311323280.0,6.220647919988404,2.2285373973062943,0.23422828473880777,0.4256196662103516,0.02383730977182772,6.220647919988404,0.029196399965048206,3.5541171582883258,11.94798882681564,1.3953530422625462,0.0,0.506138659973867,0.0,0.21605783256127079,0.9967015850716183,0.016067449949508712,-20.984080595707404,0.4195056086414624,0.28571428571428553,0.87094824165704,0.3916346367877953,0.4832563909174804,0.10661865435046382,0.2841404048168076,0.6894078705406399,1.773459645714981,0.5789169535780744,0.16802936373782734,Agricultural Inputs,Basic Materials,AVD
2010Q4,2010,Q4,2011-03-10,2010-12-31,3903000.0,62480000.0,5438000.0,0.14,25549000.0,0.4089148527528809,281799000.0,166437000.0,118645000.0,51186000.0,115362000.0,74054000.0,123661000.0,235669839.99999997,296650840.0,6.031200173938252,2.317918962216231,0.22050823459274163,0.3733484741974441,0.019332790264869282,6.031200173938252,0.023450314533427063,3.771924455825864,15.095429157058673,1.4159702470003663,0.1404048168075839,0.4987036486887947,0.002325286935315949,0.2217183169564122,0.8199312311960302,0.013850297552510831,-32.99773732847942,0.4089148527528809,0.07692307692307698,-0.5406967821035684,-0.06117719381737182,0.8650722835572687,0.006817465321563682,0.0808640265854334,-0.1503125,-0.5051695886458456,-0.13273057087849596,0.14219853729525692,Agricultural Inputs,Basic Materials,AVD
2010Q3,2010,Q3,2010-11-03,2010-09-30,3611000.0,68256000.0,6400000.0,0.13,25376000.0,0.3717768401312705,282162000.0,161431000.0,147599000.0,69441000.0,120731000.0,78955000.0,119758000.0,169319640.0,222913640.0,5.89207241404482,2.1255310263389062,0.19364053274360118,0.3384603948436174,0.018820768136167215,5.89207241404482,0.02236869002855709,2.4806557665260196,11.72248961506508,1.0488669462494813,0.0,0.5430941675638021,0.0,0.24190358730091224,0.9606428478852551,0.012797612718934512,-40.67250540475619,0.3717768401312705,1.1666666666666667,-0.3902621426706293,0.22032152026938875,0.948465286858908,0.31939894972183225,1.19780888618381,0.7792604948568251,-0.361649845514755,0.16037610276484182,0.17564270749223232,Agricultural Inputs,Basic Materials,AVD
2010Q2,2010,Q2,2010-08-05,2010-06-30,1643000.0,52172000.0,3597000.0,0.06,19233000.0,0.3686460170206241,258212000.0,157650000.0,124281000.0,53691000.0,100562000.0,74539000.0,116695000.0,216829990.0,265986990.0,5.765643857660096,2.3147454880706264,0.1939723947763853,0.31770377418331747,0.010603410223024402,5.765643857660096,0.010421820488423723,4.156060530552787,32.992999087035905,1.3753884554392641,0.0,0.4419028964703041,0.0,0.20205102783759082,0.8872436721238196,0.006362988552042508,10.78273360186981,0.3686460170206241,-0.14285714285714296,-0.4682256496677259,0.24320921292526085,1.0338393592705182,0.0163284717818643,-0.10071154898741105,-0.04233226837060703,-0.5604218786328323,0.0019320168527004722,0.19441261841125088,Agricultural Inputs,Basic Materials,AVD
2010Q1,2010,Q1,2010-05-06,2010-03-31,1827000.0,46712000.0,3756000.0,0.07,18924000.0,0.4051207398527145,269908000.0,155534000.0,135246000.0,46777000.0,114374000.0,74339000.0,115052000.0,222869900.0,292161900.0,5.6876325605207345,2.891292729332792,0.2623560620655927,0.45528308922807875,0.010088969998708999,5.6876325605207345,0.011746627746987797,4.771148741222812,30.49670224411604,1.4329336350894337,0.0,0.3738011003645462,0.0,0.1730663781733035,1.2517048977061376,0.006768973131585578,-13.677195458729672,0.4051207398527145,1.2253339771446967,-0.48223689099146605,0.006572888349386623,1.0884015084530803,3.6302911671152436,1.2129122479897447,1.2867613376087952,-0.1778160039503526,0.09253455027293045,0.2123835379499745,Agricultural Inputs,Basic Materials,AVD
2009Q4,2009,Q4,2010-03-10,2009-12-31,-8581000.0,50836000.0,-13098000.0,-0.31065,4087000.0,0.08039578251632701,254711000.0,153087000.0,119676000.0,50879000.0,101624000.0,72512000.0,113496000.0,226971800.00000003,280548800.0,5.5981496379726465,2.3521688712435385,0.21184793746638347,0.3524793091510056,-0.03955713983343774,5.5981496379726465,-0.05605309399230503,4.464784798174523,-6.612626733480947,1.482632751311346,-0.031464864234937655,0.6447070829655781,0.0011895750925885946,0.19958305687622444,0.8848640893099314,-0.03368916144179089,8.39858649398705,0.08039578251632701,-4.883125,-2.2963337373871133,-0.007800008766137766,1.126074531501337,-0.8086968732447107,-5.092036242250835,-4.363636363636363,-2.5178003627149126,-0.11669005379873197,0.21168120468143953,Agricultural Inputs,Basic Materials,AVD
2009Q3,2009,Q3,2009-11-04,2009-09-30,2097000.0,66371000.0,3894000.0,0.08,21364000.0,0.32188757137906615,296400000.0,159989000.0,158627000.0,58122000.0,136411000.0,99475000.0,122077000.0,225400440.0,306273440.0,5.898429435186551,2.729207528990744,0.2758906882591093,0.5111226396814781,0.010962581704814515,5.898429435186551,0.013107151116639269,3.3960681622997995,26.87177396280401,1.4088496084105782,0.0,0.45244533802462933,0.0,0.2239237516869096,0.9907436082722549,0.007074898785425101,14.982746609944163,0.32188757137906615,542.62,-0.5357800969269703,0.4787696271176758,1.4439248425126958,0.3011754674462513,525.25,3.4149659863945576,-0.5254497540630759,0.24539134163858395,0.33986794494709255,Agricultural Inputs,Basic Materials,AVD
2009Q2,2009,Q2,2009-08-10,2009-06-30,-4000.0,47485000.0,882000.0,-0.00014770503304900115,16419000.0,0.34577234916289357,296472000.0,157556000.0,157216000.0,44030000.0,138916000.0,112434000.0,120250000.0,306015300.0,402010300.0,5.817953546767106,3.5706563706563705,0.32819625462100976,0.6175645484780015,0.0005767940452881419,5.817953546767106,-2.5387798623981314e-05,6.444462461830051,-19125.95625,1.9422637030643073,0.0,0.27630432075706635,0.0,0.16016689603065382,0.9779014308426073,-1.3491999244448043e-05,16.138345111275182,0.34577234916289357,-1.0049235011016333,-1.0014693570785296,0.3321055522189189,1.578698670730911,-0.1151649062297909,-1.005722460658083,-0.557451078775715,-1.0011593174222932,0.0679254497145409,0.3676409028624775,Agricultural Inputs,Basic Materials,AVD
2009Q1,2009,Q1,2009-05-08,2009-03-31,699000.0,44637000.0,1993000.0,0.03,18556000.0,0.41570894101306094,320629000.0,156529000.0,179818000.0,49787000.0,164100000.0,112527000.0,120254000.0,348351600.0,462632600.0,5.796511627906977,3.6117460381224014,0.36094052627803475,0.7393390362169311,0.004536243094466673,5.796511627906977,0.004465626177896748,7.80409973788561,124.5892703862661,2.2254764292878635,0.0,0.23177548499471237,0.0,0.13921697663031105,1.317090806837126,0.00218008976106341,-10.429064127896533,0.41570894101306094,-0.8965517241379312,-0.7191684894717771,0.1545449395147151,1.675929313407051,-0.4013614220731038,-0.9116866708780796,-0.8524031696660002,-0.7333473379925758,-0.05810141748010491,0.3821249856456333,Agricultural Inputs,Basic Materials,AVD
2008Q4,2008,Q4,2009-03-13,2008-12-31,7915000.0,71060000.0,13503000.0,0.29,30997000.0,0.43620883760202644,286937000.0,155943000.0,145511000.0,48630000.0,130994000.0,90626000.0,120896000.0,315946800.0,398696800.0,5.774811139090505,2.9922064569195967,0.29267400161010954,0.5385236913487621,0.035267394727290804,5.774811139090505,0.05075572484818171,4.446197579510273,9.979368288060643,2.0260402839499045,0.10157927984838913,0.442069604749189,0.002544732214410781,0.24765018105019568,1.093913222290767,0.027584452336227114,-296.9424812030075,0.43620883760202644,0.31818181818181807,0.5574518374548403,0.6281518045795219,1.7421272044830596,0.07680817063850483,0.31282136341018413,0.26491803278688525,-0.04814697817356334,0.09115350066699901,0.785787221063598,Agricultural Inputs,Basic Materials,AVD
2008Q3,2008,Q3,2008-11-10,2008-09-30,6029000.0,67636000.0,10675000.0,0.22,28786000.0,0.42560175054704596,296521000.0,149165000.0,161049000.0,66916000.0,147356000.0,89247000.0,112989000.0,403963040.0,482740040.0,5.568351500671943,2.4067338155299183,0.2763075802388364,0.5492642375892468,0.02888974478390328,5.568351500671943,0.040418328696410016,5.972603938730853,16.750830983579366,2.7081623705292794,0.0,0.43530874987394536,0.0,0.2280985157880892,1.0488522924263255,0.020332455374155626,84.21159891598916,0.42560175054704596,0.375,0.8813715125353708,0.8032524760261776,1.8760133396571173,0.21912586820260885,0.3885306310456011,0.3056506849315068,0.04121286805343207,0.2367727928590988,0.8414131466248906,Agricultural Inputs,Basic Materials,AVD
2008Q2,2008,Q2,2008-08-08,2008-06-30,4342000.0,57908000.0,8176000.0,0.16,23612000.0,0.407750224494025,288152000.0,146160000.0,152814000.0,56299000.0,141992000.0,90708000.0,107756000.0,326355900.0,409572900.0,5.508611917235141,2.714328851311746,0.3052486187845304,0.6017925561029009,0.021426276294481305,5.508611917235141,0.029707170224411605,5.635765351937557,18.79064371257485,2.232867405582923,0.0,0.37809234025664773,0.0,0.2009633804381021,1.0215634380717242,0.015068436103167772,18.171263919821826,0.407750224494025,1.6666666666666667,1.211100633534286,0.9606921920281286,1.9995214243100863,0.33130356337392874,1.5054818234275822,1.1572559366754618,0.4482363598629834,0.42201803815839906,0.9431709638698175,Agricultural Inputs,Basic Materials,AVD
2008Q1,2008,Q1,2008-05-12,2008-03-31,1733000.0,40934000.0,3790000.0,0.06,17736000.0,0.4332828455562613,293461000.0,140941000.0,161203000.0,53501000.0,152520000.0,90284000.0,103414000.0,440360960.0,538805960.0,5.325763301088271,3.01308386759126,0.34326196666678027,0.7147246010742083,0.00962027735998118,5.325763301088271,0.012295925245315417,10.757828699858308,63.525816503173694,3.124434763482592,0.0,0.2569447521155465,0.0,0.1394870187179898,1.2571914543653389,0.005905384361124647,-10.499283772829145,0.4332828455562613,-0.7857142857142857,0.24675541656417202,0.31831145291830376,2.0198180701872728,-0.42648342764753433,-0.770888418826018,-0.7045755709720165,-0.4925077197225227,-0.08853651797317144,0.9555292985801619,Agricultural Inputs,Basic Materials,AVD
2007Q4,2007,Q4,2008-03-17,2007-12-31,7564000.0,69087000.0,12829000.0,0.28,30925000.0,0.44762401030584625,248581000.0,139739000.0,125440000.0,50296000.0,108842000.0,63455000.0,103004000.0,459150400.00000006,516210400.00000006,5.280343107617896,2.494035310959122,0.2424199757825417,0.4312396682386449,0.04037553299492386,5.280343107617896,0.05412948425278555,6.645973916945302,15.175515600211531,3.2857713308382057,0.10457429931253305,0.6014025687495075,0.0017227470563022484,0.2779255051673298,1.1883847622077301,0.03042871337712858,379.14979355904217,0.44762401030584625,0.4000000000000001,0.9828629866614743,1.0842945434308375,2.0576527605811576,0.2799552998634163,0.38865430512208554,0.2808506389776358,0.1807793885459435,0.39335732136292056,1.0053774416006216,Agricultural Inputs,Basic Materials,AVD
2007Q3,2007,Q3,2007-11-08,2007-09-30,5447000.0,56641000.0,10016000.0,0.2,24161000.0,0.42656379654314014,249338000.0,132221000.0,134246000.0,60535000.0,117117000.0,66230000.0,95440000.0,516823380.0,571114380.0,5.0117883405352135,2.217659205418353,0.23777763517795122,0.4483932204415335,0.03172050362500443,5.0117883405352135,0.041196179124344846,9.124545470595505,23.720551679823753,3.9087843837211937,0.0,0.4904121999094066,0.0,0.22716553433491887,1.0968200214751795,0.021845847804987606,91.45697752610158,0.42656379654314014,0.5384615384615385,1.720023096146355,0.6341691723188075,2.1370683255879563,0.087011292572097,0.5168476747424116,0.29238709677419356,0.23973459682359963,0.29747528135484097,1.0765585424795545,Agricultural Inputs,Basic Materials,AVD
2007Q2,2007,Q2,2007-08-09,2007-06-30,3591000.0,50028000.0,7750000.0,0.13,22227000.0,0.44429119692971936,238409000.0,126810000.0,122567000.0,48990000.0,111599000.0,69058000.0,90784000.0,376186400.0,437044400.0,4.827179291968024,2.5018779342723003,0.2739577784395723,0.5150540178219384,0.02420716345793609,4.827179291968024,0.028317955997161106,7.519517070440553,26.189529379003066,2.9665357621638675,0.0,0.4025746473978395,0.0,0.20984107143606157,1.063216983057767,0.015062350834070861,8.798241223659284,0.44429119692971936,0.625,1.7919957411496001,1.0240974480197906,2.126332929238276,0.20687408372699137,0.6890874882408279,0.4304171280915467,0.35983867173372314,0.4467715555677828,1.139556585235144,Agricultural Inputs,Basic Materials,AVD
2007Q1,2007,Q1,2007-05-10,2007-03-31,2126000.0,40906000.0,5418000.0,0.08,18417000.0,0.4502273505109275,269397000.0,122738000.0,152491000.0,43023000.0,146659000.0,69663000.0,87193000.0,447125670.0,550604670.0,4.6912815808584645,3.5444064802547475,0.3947371351574071,0.8664064918770064,0.014188068254116048,4.6912815808584645,0.017321448940018577,10.93056446487068,52.5782772812794,3.642927781127279,0.0,0.3228256032614157,0.0,0.15184281933354862,1.9018432001487577,0.007891698868213084,-55.89769596199525,0.4502273505109275,-0.6,1.3298120384059822,0.8556440321323253,2.131162691752833,-0.23472949389179756,-0.6069513773340729,-0.4935028512667103,-0.11839817916550233,0.09205224423619851,1.1657056356494548,Agricultural Inputs,Basic Materials,AVD
