Quarters,Year,Quarter,FillingDate,Date,NetIncome,Revenue,OperatingIncome,EPSDiluted,GrossProfit,GrossProfitRatio,TotalAssets,CommonStockEquity,CurrentAssets,CurrentLiability,TotalLiability,Inventory,RetainedEarnings,MarketCap,EnterpriseValue,bookValuePerShare,currentRatio,debtToAssets,debtToEquity,roic,shareholdersEquityPerShare,roe,priceToSalesRatio,peRatio,pbRatio,payoutRatio,inventoryTurnover,dividendYield,assetTurnover,quickRatio,returnOnAssets,priceToFreeCashFlowsRatio,grossProfitMargin,epsdilutedGrowth,fiveYNetIncomeGrowthPerShare,fiveYRevenueGrowthPerShare,fiveYShareholdersEquityGrowthPerShare,grossProfitGrowth,netIncomeGrowth,operatingIncomeGrowth,threeYNetIncomeGrowthPerShare,threeYRevenueGrowthPerShare,threeYShareholdersEquityGrowthPerShare,Industry,Sector,Symbol
2023Q1,2023,Q1,2023-02-28,2023-02-28,-10443000.0,19908000.0,-5407000.0,-0.11,15215000.0,0.7642656219,79240000.0,-32311000.0,60936000.0,72949000.0,111551000.0,15110000.0,-393092000.0,91965984.05,137927984.05,-0.333769603153613,0.8353233080645383,0.8327233720343261,-2.04218377642289,-0.15774892828382783,-0.333769603153613,0.32320262449320664,4.619549128491059,-2.2016179270803407,-2.8462747686546375,0.0,0.31058901389808075,0.0,0.25123674911660776,0.5420088006689605,-0.13178950025239777,-25.825887124403256,0.7642656218605586,-0.3205282112845138,-2.9331162570003046,0.9276727680651037,-1.7907509470817484,-0.01914646725116039,-0.31706394248959513,0.052733006306937634,-0.8268850140492487,0.006762373848148801,-2.2430892193779344,Drug Manufacturers—Specialty & Generic,Healthcare,THTX
2022Q4,2022,Q4,2022-11-30,2022-11-30,-7929000.0,21421000.0,-5708000.0,-0.0833,15512000.0,0.7241491994,93260000.0,-22571000.0,73370000.0,114279000.0,115831000.0,19688000.0,-382649000.0,202629464.51999998,245484464.51999998,-0.23726179267109876,0.6420252189816151,0.7153227535921081,-2.955606752026937,-0.12619588449805247,-0.23726179267109876,0.35129148021797885,9.459383993277624,-6.388872005297011,-8.977425214655973,0.0,0.30013206013815524,0.0,0.22969118593180357,0.3973958470060116,-0.08502037315033241,-24.516571629764062,0.7241491993837823,-0.04911838790931991,-1.0417833945473307,0.8095648316268186,-1.5308822420931725,-0.0004510599909788002,-0.050337793085176843,-0.034245334299691975,0.0063646062653645195,0.05657608093567476,-1.7352059372640676,Drug Manufacturers—Specialty & Generic,Healthcare,THTX
2022Q3,2022,Q3,2022-08-31,2022-08-31,-7549000.0,20811000.0,-5519000.0,-0.0794,15519000.0,0.7457114026,95855000.0,-18060000.0,77872000.0,74495000.0,113915000.0,23141000.0,-374556000.0,205483400.64000002,248500400.64000002,-0.18984307189048086,1.0453319014698974,0.6930572218454958,-3.6784606866002214,-0.11173461128139385,-0.18984307189048086,0.4179955703211517,9.873787931382443,-6.80498743674659,-11.377818418604653,0.0,0.22868501793353788,0.0,0.21710917531688487,0.6442311564534533,-0.078754368577539,-113.464053362783,0.7457114026236125,0.6691666666666667,-1.588640791230766,0.833549212219366,-1.3908418993819005,0.5083098454660316,0.6678400140801689,0.7367014932493678,-2.725764097644765,0.04490145323652229,-1.486612215598252,Drug Manufacturers—Specialty & Generic,Healthcare,THTX
2022Q2,2022,Q2,2022-05-31,2022-05-31,-22727000.0,19268000.0,-20961000.0,-0.24,10289000.0,0.5339941873,95359000.0,-11644000.0,78302000.0,49923000.0,107003000.0,24976000.0,-367007000.0,249218694.18,293469694.18,-0.12241168384409357,1.5684554213488773,0.6024706634926961,-4.933957402954311,-0.438541822343716,-0.12241168384409357,1.9518206801786329,12.934331232094666,-2.741438533242399,-21.40318569048437,0.0,0.35950512491992315,0.0,0.20205748801895992,0.9082787492738817,-0.2383309388731006,-171.6382191322314,0.5339941872534772,-1.526315789473684,-1.5785116553571465,0.9881081733103988,-1.2663387974334694,-0.17410499277572644,-1.5162754650132861,-1.7151554404145077,-4.790749438987887,-0.00169983873664525,-1.3002986813989497,Drug Manufacturers—Specialty & Generic,Healthcare,THTX
2022Q1,2022,Q1,2022-02-28,2022-02-28,-9032000.0,18557000.0,-7720000.0,-0.095,12458000.0,0.6713369618,108670000.0,10160000.0,83490000.0,41782000.0,98510000.0,26134000.0,-344280000.0,264438156.42,307202156.41999996,0.10681060699553337,1.9982289023981619,0.5254992178154044,5.620669291338583,-0.11113873979815868,0.10681060699553337,-0.8889763779527559,14.250048845179716,-7.319479528897253,26.0273776003937,0.0,0.23337414861865768,0.0,0.17076470046931075,1.154348762625054,-0.08311401490751817,-63.735395618221254,0.6713369617933933,0.13636363636363635,-2.9724313196362218,1.0261955295958143,-0.7485714586941022,0.009317021793729239,0.08776891223108776,0.09187154452417362,-4.944442375654977,-0.006491836666238919,-0.7593647013985966,Drug Manufacturers—Specialty & Generic,Healthcare,THTX
2021Q4,2021,Q4,2021-11-30,2021-11-30,-9901000.0,18754000.0,-8501000.0,-0.11,12343000.0,0.6581529274,119212000.0,17760000.0,91908000.0,45076000.0,101452000.0,29141000.0,-335248000.0,301721795.09999996,338067795.09999996,0.19424516541993753,2.038956429141894,0.4760007381807201,3.1951013513513513,-0.11058183618225118,0.19424516541993753,-0.5574887387387387,16.088396880665456,-7.618467707807292,16.98883981418919,0.0,0.21999931368175424,0.0,0.15731637754588465,1.1376785872748247,-0.08305371942421903,-55.535025786858085,0.6581529273754932,-0.09999999999999995,-63.06592734666665,1.0265107457698854,-0.3096004408879815,-0.0004049238743116294,-0.041114616193480544,-0.17449571704890854,-8.307896833863143,0.2035999518531754,-0.57399864581795,Drug Manufacturers—Specialty & Generic,Healthcare,THTX
2021Q3,2021,Q3,2021-08-31,2021-08-31,-9510000.0,17852000.0,-7238000.0,-0.1,12348000.0,0.6916872059153036,127002000.0,26872000.0,97767000.0,44070000.0,100130000.0,27293000.0,-325347000.0,331893974.61,355894974.61,0.29390518497548207,2.218447923757658,0.44445756759736066,2.1005879726108962,-0.08430866677188381,0.29390518497548207,-0.3538999702292349,18.591416906228996,-8.724867891955835,12.350921948868711,0.0,0.20166343018356356,0.0,0.14056471551629107,1.4771272974812797,-0.0748807105399915,-104.33636422823012,0.6916872059153036,-0.4285714285714285,-11.109716885858724,0.8882091417441521,-0.017006286430857404,0.04176157934700076,-0.48779724655819773,-0.35315012151804076,-29.2166113663246,0.0973890988261272,-0.3688154854076449,Drug Manufacturers—Specialty & Generic,Healthcare,THTX
2021Q2,2021,Q2,2021-05-31,2021-05-31,-6392000.0,17787000.0,-5349000.0,-0.07,11853000.0,0.6663855624894586,133523000.0,35162000.0,102439000.0,42555000.0,98361000.0,28578000.0,-315833000.0,335480353.4,353454353.4,0.3720787185745226,2.4072141933967806,0.42096867206398897,1.598572322393493,-0.05690790099813134,0.3720787185745226,-0.18178715658950004,18.86098574239613,-13.121102683041302,9.540991792275753,0.0,0.2076422422842746,0.0,0.1332130045010972,1.5871460462930325,-0.04787190221909334,-433.4371490956072,0.6663855624894586,0.0,-10.623582014509049,0.7843983925624038,0.29298837412400963,0.18305220081844495,-0.07936507936507936,-0.1668848167539267,-1.6725534958737376,0.4842439576997438,-0.07742608377898962,Drug Manufacturers—Specialty & Generic,Healthcare,THTX
2021Q1,2021,Q1,2021-02-28,2021-02-28,-5922000.0,15430000.0,-4584000.0,-0.07,10019000.0,0.6493195074530136,135080000.0,40402000.0,101859000.0,39300000.0,94678000.0,27344000.0,-309436000.0,297271685.88,303916685.88,0.47704179959219195,2.5918320610687022,0.4127998223275096,1.380154447799614,-0.04630789269574221,0.47704179959219195,-0.14657690213355776,19.26582539727803,-12.549463267477204,7.357845796742735,0.0,0.19788619075482738,0.0,0.11422860527095055,1.729058524173028,-0.04384068700029612,-56.569302736441486,0.6493195074530136,-0.06837606837606856,-39.63611840164686,0.8528518373500951,1.1012989340766774,-0.19674496913332798,-0.0672193187961795,-0.11559990265271355,-1.5493948023498598,0.7077676931523481,0.13018456821994187,Drug Manufacturers—Specialty & Generic,Healthcare,THTX
2020Q4,2020,Q4,2020-11-30,2020-11-30,-5549000.0,19123000.0,-4109000.0,-0.06552,12473000.0,0.6522512158134184,100142000.0,3224000.0,64807000.0,41919000.0,96918000.0,25145000.0,-300129000.0,194793412.39999998,237439412.39999998,0.03806699573994423,1.5460053913499845,0.5530446765592858,17.17834987593052,-0.06671862568399176,0.03806699573994423,-1.7211538461538463,10.186341703707576,-8.77605930798342,60.4197929280397,0.0,0.26446609663949094,0.0,0.19095883844940184,0.8099668408120423,-0.05541131593137744,-32.9154127069956,0.6522512158134184,0.272,-13.040094010341644,1.2496822050913166,-0.8332092244721581,0.5713025951121189,0.18011229314420804,0.3116099849220975,-0.6050277225852305,0.81454187378117,-0.914823656094568,Drug Manufacturers—Specialty & Generic,Healthcare,THTX
2020Q3,2020,Q3,2020-08-31,2020-08-31,-6768000.0,14049000.0,-5969000.0,-0.09,7938000.0,0.5650224215246636,101504000.0,8526000.0,63994000.0,33700000.0,92978000.0,25669000.0,-294580000.0,200234868.6,238036868.6,0.11070799084590605,1.8989317507418397,0.5422840479192939,6.4560168895144265,-0.0895681402118784,0.11070799084590605,-0.7938071780436312,14.252606491565235,-7.396382557624114,23.485206263194932,0.0,0.23806926643032453,0.0,0.13840833858764187,1.0481305637982197,-0.06667717528373267,741.6106244444444,0.5650224215246636,-0.12499999999999993,-7.06509960935828,0.6146542694879287,-0.5306776563399485,-0.1885095072582294,-0.16569066482948674,-0.3302874972141743,-1.866812894673735,0.5289795200889691,-0.7720784804623804,Drug Manufacturers—Specialty & Generic,Healthcare,THTX
2020Q2,2020,Q2,2020-07-15,2020-05-31,-5806000.0,17162000.0,-4487000.0,-0.08,9782000.0,0.5699801887891854,111754000.0,15422000.0,72163000.0,37548000.0,96332000.0,24735000.0,-287812000.0,132388157.48,165474157.48000002,0.2003641451389433,1.9218866517524236,0.4879109472591585,3.535598495655557,-0.06153234322074574,0.2003641451389433,-0.37647516534820386,7.7140285211513815,-5.700489040647606,8.584370216573726,0.0,0.29836264402668283,0.0,0.15356944717862447,1.1674123788217747,-0.05195339764124774,-42.56853938263666,0.5699801887891854,-0.3333333333333334,-7.992075422163434,1.322303061991155,0.8083899739431089,0.09198481803974101,-0.2777288732394366,-0.3228183962264151,0.18592830970655502,1.188416117047218,-0.564055131101228,Drug Manufacturers—Specialty & Generic,Healthcare,THTX
2020Q1,2020,Q1,2020-03-02,2020-02-29,-4544000.0,15719000.0,-3392000.0,-0.06,8958000.0,0.5698835803804313,110667000.0,20662000.0,68795000.0,31525000.0,90005000.0,20670000.0,-282006000.0,185457720.51000002,216082720.51000002,0.2685001188576293,2.18223632038065,0.4899834639052292,2.624382925176653,-0.0434988907269906,0.2685001188576293,-0.21992062723840866,11.798315446911383,-10.203439728763206,8.97578746055561,0.0,0.327092404450895,0.0,0.14203872879900964,1.4104678826328312,-0.04106011728880335,-38.436833266321244,0.5698835803804313,0.28469241773962806,-3.931577834614291,2.4112021570362816,1.6985989309690503,-0.048135160981829773,0.2960495739736638,0.37150268667778397,-1.4703713444216462,1.1215337689726281,-0.36795983916038416,Drug Manufacturers—Specialty & Generic,Healthcare,THTX
2019Q4,2019,Q4,2019-12-19,2019-11-30,-6455000.0,16400000.0,-5397000.0,-0.08388,9411000.0,0.5738414634146342,117555000.0,24834000.0,76181000.0,37144000.0,92721000.0,20929000.0,-277462000.0,243172778.76000002,265252778.76000002,0.3227147397014019,2.050963816497954,0.4316362553698269,2.0432068937746637,-0.07141250413496526,0.3227147397014019,-0.25992590802931465,14.827608460975611,-9.418000726568552,9.791929562696305,0.0,0.3339385541593005,0.0,0.13950916592233423,1.366061813482662,-0.0549104674407724,-352.4243170434783,0.5738414634146342,-2.9382130616460866,-0.8035882375318913,5.089921150073172,1.8663690977310283,-0.027186272482943974,-2.9383770591824283,-7.446009389671362,-49.07677228594688,1.1055410622267947,0.14701497732066107,Drug Manufacturers—Specialty & Generic,Healthcare,THTX
2019Q3,2019,Q3,2019-10-08,2019-08-31,-1639000.0,16111000.0,-639000.0,-0.021299,9674000.0,0.600459313512507,108070000.0,30022000.0,68810000.0,27440000.0,78048000.0,12860000.0,-271007000.0,289344825.35999995,308659825.35999995,0.3901321541159495,2.50765306122449,0.4658924770981771,1.6770701485577244,-0.007950628958206318,0.3901321541159495,-0.054593298247951505,17.95945784619204,-44.13435408175717,9.637759821464257,0.0,0.5005443234836703,0.0,0.14907930045340984,1.9439139941690962,-0.015166096048857223,64.15628056762749,0.600459313512507,0.467525,0.6784402308818591,3471.2046430398527,1.253271978339136,0.07203014184397163,0.4836168872085696,0.6831928606841844,-3.0701523047220745,1.024652916932563,0.3048339211475907,Drug Manufacturers—Specialty & Generic,Healthcare,THTX
2019Q2,2019,Q2,2019-05-31,2019-05-31,-3174000.0,15609000.0,-2017000.0,-0.04,9024000.0,0.578128003075149,110635000.0,31358000.0,69156000.0,25716000.0,79277000.0,12861000.0,-269368000.0,369249696.0,389128696.0,0.40763310472705166,2.689220718618759,0.451647308717856,1.5934689712354104,-0.024801416521161745,0.40763310472705166,-0.10121818993558263,23.656204497405344,-29.083939508506617,11.775294852988074,0.0,0.5120130627478423,0.0,0.14108555158855696,2.0855498522320732,-0.02868893207393682,-34.48997720904166,0.578128003075149,-1.0,-3.712474217885549,4.6133296702476105,0.696371394698629,-0.0007751079614660613,-1.5846905537459284,-3.384782608695652,-6.090387491288525,0.9236410162877712,0.4165412828215498,Drug Manufacturers—Specialty & Generic,Healthcare,THTX
2019Q1,2019,Q1,2019-02-28,2019-02-28,-1228000.0,15096000.0,-460000.0,-0.02,9031000.0,0.5982379438261791,116490000.0,34124000.0,72486000.0,29462000.0,82366000.0,11502000.0,-266194000.0,541993403.85,554841403.85,0.443869239535211,2.460321770416129,0.45533522190745984,1.5543898722306881,-0.0052772870155794694,0.443869239535211,-0.03598640253194233,35.90311366255962,-110.34067667956026,15.883056026550227,0.0,0.5272996000695531,0.0,0.12959052279165595,1.9688412191976106,-0.010541677397201476,-4267.664597244095,0.5982379438261791,-0.5637216575449571,0.6931721828778372,6.972389762302179,1.0137435670770076,0.04947906698681953,-0.37296266054645727,-4.299151572842335,-8.282901159746881,0.9970006171472923,0.955178688119368,Drug Manufacturers—Specialty & Generic,Healthcare,THTX
2018Q4,2018,Q4,2018-11-30,2018-11-30,-894416.166796,13101586.577998,139429.786672,-0.01279,8605221.660999,0.6568076018709125,111252786.648189,35054527.926734,73696300.536241,26903958.546725,76198258.721456,11098391.275532,-230685515.4546,473571541.52000004,483821134.81999403,0.45597311725194106,2.7392363249538234,0.443083734438147,1.4062177724303677,0.001706355192766261,0.45597311725194106,-0.025514996769187184,36.14612159379895,-132.36890138525777,13.509568364742838,0.0,0.40513663695673474,0.0,0.11776412054673932,2.219472593919744,-0.008039494503848993,167.00468590376653,0.6568076018709125,-4.4698860553445465,0.7087766668578017,8.189351668267147,0.5940783016393363,-0.03985982541039246,-4.165185276915138,0.6923779013078951,-3.137944068158364,0.6979722357484378,0.9978490124582198,Drug Manufacturers—Specialty & Generic,Healthcare,THTX
2018Q3,2018,Q3,2018-08-31,2018-08-31,282579.403272,13639268.52743,82386.910491,0.003686,8962463.907603,0.6571073726995362,108522810.39461,35695091.434071,68485851.780558,23720500.481232,72827718.960539,8642155.919153,-234842733.397498,634728389.04,649351680.666564,0.4656406774575231,2.8872009608205778,0.4525059598138274,1.3757414957182073,-0.0002753257499630241,0.4656406774575231,0.007916477922291516,46.53683500427421,561.5487024978205,17.78195162246177,0.0,0.541161796151135,0.0,0.12568112158020026,2.3999740318758755,0.0026038710409773437,728.8713485988819,0.6571073726995362,1.1584354180098861,1.1225265703306593,4.256581395709841,0.41883585922006805,0.21178864789105478,1.148121001275282,1.0484650773133473,-0.7455942843123349,0.5748311096295985,0.9739819355225908,Drug Manufacturers—Specialty & Generic,Healthcare,THTX
2018Q2,2018,Q2,2018-05-31,2018-05-31,-1907760.552785,9558966.086842,-1699923.22427,-0.023265,7396061.947932,0.7737303261398473,54445624.946684,30400862.369811,32635113.651345,24044762.576873,24044762.576873,8633004.257563,-237161004.133481,784698773.25,786965195.105491,0.40330504909417797,1.3572649572649333,0.08480020211947621,0.15187069181908552,-0.04854446014773045,0.40330504909417797,-0.06275350118618561,82.09033970003772,-102.82982999418817,25.81172743406221,0.0,0.25053898670502495,0.0,0.1755690396832186,0.8722786647315115,-0.035039740193140934,-244.82108084750493,0.7737303261398473,0.2569941236586612,-0.15157636683236012,2.420940883608973,0.09877356988898713,0.17049643912601378,0.07228516430663941,0.14233770880398255,-3.34596422045052,0.32077963764675776,2.6400365280763487,Drug Manufacturers—Specialty & Generic,Healthcare,THTX
2018Q1,2018,Q1,2018-02-28,2018-02-28,-2056408.369668,7998622.276844,-1982042.631138,-0.031312,6318739.383312,0.7899784693677486,56554752.753489,31646927.129404,33408220.936695,21368799.267302,24907825.624085,7389606.018145,-237463110.679703,412370106.5,418411170.478019,0.42209194233074704,1.563411238918577,0.0,0.0,-0.06262986049272479,0.42209194233074704,-0.0649797170277975,51.55514190160108,-50.13232203564895,13.030336399291542,0.0,0.227330508474618,0.0,0.14143147812365858,1.122353285954991,-0.03636137140642234,-451.79283014605915,0.7899784693677486,0.30122740459718816,-1.9210244626033353,2.7038958968917246,0.07387763406160013,-0.056098367736724275,0.3281085412241594,0.2608577634207722,-1.2906583617097476,0.7815627414506207,3.2422955683992916,Drug Manufacturers—Specialty & Generic,Healthcare,THTX
2017Q4,2017,Q4,2017-11-30,2017-11-30,-3060625.853787,9329687.260528,-2681544.272603,-0.04481,6694277.419736,0.717524310601291,59285880.798819,33508431.113529,34653042.194421,22247260.85943,25777449.68529,7256974.123864,-233681715.75103,401873412.88,409724785.247705,0.44691981358355204,1.5576318546978574,0.15550076807130184,0.275124787811323,-0.06275931416232346,0.44691981358355204,-0.09133897804458159,43.07469282279635,-32.826081337477966,11.993202890294198,0.0,0.36315546890620126,0.0,0.15736777686052109,1.1456514146000363,-0.05162486940479037,266.02728207431244,0.717524310601291,-0.4140999747538501,0.4297125728572823,0.9356303637465492,0.1947738325851893,-0.012590169466340116,-0.34054775207995713,-0.16842946177076332,0.12228245497487072,2.555807954206833,2.9695650220529433,Drug Manufacturers—Specialty & Generic,Healthcare,THTX
2017Q3,2017,Q3,2017-08-31,2017-08-31,-2283115.874864,8886089.78777,-2294998.851312,-0.031688,6779634.162765,0.7629490951234668,57587280.46201,36176533.498111,31474835.816875,17924281.674074,21410746.9639,8192916.16164,-234893964.240163,458790085.6,466420734.022337,0.4857285572266163,1.7559886855829072,0.15022414551607477,0.23913291748784393,-0.051196188418635824,0.4857285572266163,-0.06311041037094434,51.630142903961726,-50.23727558586236,12.681980312567987,0.0,0.2571069425643121,0.0,0.15430646692253686,1.1854945637761949,-0.03964618326385734,-292.1974333772439,0.7629490951234668,0.6716201372049162,-1.660820955189252,0.89131181438881,0.08648865669088837,0.14525235754158541,0.6623374635745622,0.32316625382873426,0.5371872964816818,1977.7370054035257,1.8054046187450281,Drug Manufacturers—Specialty & Generic,Healthcare,THTX
2017Q2,2017,Q2,2017-05-31,2017-05-31,-6761531.49542,7434789.708873,-3390786.680325,-0.096498,5919773.155777,0.7962260383386616,56296857.138615,33538205.733458,30515595.540314,16591695.244882,22758651.405157,8848854.644517,-217956768.954408,383098710.75,386775358.265551,0.45960890799122717,1.8392090193271282,0.0,0.0,-0.10110220884423529,0.45960890799122717,-0.20160683458014086,51.52784755872697,-14.164642692616912,11.422755104868877,0.0,0.1712104689203757,0.0,0.1320640278473618,1.1985952040085481,-0.12010495503810543,-3035.8995361643856,0.7962260383386616,-3.2429758607043926,-3.110397213339863,1.411288560708303,0.03876228056631839,0.11792606614936735,-2.9764015070416123,-123.24313339445187,-7.091598819363977,1.8186534265395107,0.9126694942675272,Drug Manufacturers—Specialty & Generic,Healthcare,THTX
2017Q1,2017,Q1,2017-02-28,2017-02-28,-1700414.679817,6849418.917587,-27291.541896,-0.022743,5295317.2262699995,0.7731045932485469,52440697.753754,30220834.059844,33751298.243486,12773199.705858,22219863.69391,8725712.422958,-215692636.590377,241160589.63,249493037.249192,0.42481496508219974,2.6423526618790043,0.263859952149654,0.4578629422536668,-0.0006194481067528137,0.42481496508219974,-0.05626630543848655,35.20891224958965,-35.45614380016319,7.979944866923534,0.0,0.17810599478708955,0.0,0.13061265793506113,1.8374384236453523,-0.03242547778066654,124.26270397461427,0.7731045932485469,-13.635,0.8065715731492068,0.8279414410970716,-0.11526893439335112,-0.09014068016736142,-14.699828735904806,-1.0179263138165235,0.5408554279806338,2.9091164670103327,0.927298237715482,Drug Manufacturers—Specialty & Generic,Healthcare,THTX
2016Q4,2016,Q4,2016-11-30,2016-11-30,124119.411461,7200437.689978,1522429.104797,0.0018,5819929.642798,0.808274426275298,39428673.504324,20015034.907781,21154561.829197,11486818.405109,19413638.596543,9128868.511544,-208901111.987734,162196502.76,171508286.555049,0.2813518097690745,1.8416380483379169,0.0,0.0,0.015742208383360747,0.2813518097690745,0.006201308767777747,22.525922692971122,326.6944727879336,8.103733193937364,0.0,0.15122444204714583,0.0,0.18261932370583947,0.9339078597809699,0.003147947938126508,79.82251506141348,0.808274426275298,-0.825242718446602,1.1358589012928664,0.6607312521374898,-0.5130548237604489,0.04781946052789171,-0.8170259031967547,2.6501213703637925,1.0436741519281743,4.457806354382962,-0.016396366121668254,Drug Manufacturers—Specialty & Generic,Healthcare,THTX
2016Q3,2016,Q3,2016-08-31,2016-08-31,678344.167997,6817817.229025,417089.995187,0.0103,5554324.826021,0.8146778711484043,38694645.81726,19713231.530781,19707120.322061,11618935.580221,18981414.286478,9642723.460166,-214533982.139993,127250244.17,136805795.821172,0.2989898927312002,1.6961209730440865,0.0,0.0,0.02115787026270856,0.2989898927312002,0.034410602185532456,18.664367186064588,46.897375319722194,6.4550677026902745,0.0,0.1310306583221509,0.0,0.17619536463062463,0.753583168967829,0.017530698464086218,-277.17051104108907,0.8146778711484043,2.3434198513108124,1.1469674107375998,0.7513783973578066,-0.5315367158872107,-0.017057842932646478,2.7765806517093505,-0.3148692731455409,1.3419764031082644,2.055019167747376,-0.08895935881785884,Drug Manufacturers—Specialty & Generic,Healthcare,THTX
2016Q2,2016,Q2,2016-05-31,2016-05-31,-381825.709598,6921166.025179,608774.324138,-0.007667,5650713.81473,0.8164395701783295,39933755.53954,18881971.386073,20220661.524543,13065646.420192,21051784.153466,9679818.441108,-216006011.071412,157831771.4562,166621193.933313,0.287766484232005,1.5476204448096382,0.31091490976115244,0.6575584586023584,0.019450919570106483,0.287766484232005,-0.0202217078816054,22.804216931368593,-103.34019389525331,8.358860853513095,0.0,0.13124752475249707,0.0,0.17331618155287393,0.7055337128103255,-0.009561477613091991,-161.83464327006894,0.8164395701783295,-3.4549680418361417,0.9419045079009157,0.7962327579886371,-0.5919953204547838,0.038424030035155925,-2.381802858373758,0.6368178063149266,0.7352236650370129,1.8455029198122697,-0.21600235879970903,Drug Manufacturers—Specialty & Generic,Healthcare,THTX
2016Q1,2016,Q1,2016-02-29,2016-02-29,-112905.963354,6451874.755555,371925.526341,-0.001721,5441624.665156,0.8434175912157649,37577023.267484,14896207.687937,22939097.195062,12811506.076997,22680815.579547,8916619.315037,-207532967.803352,75457943.44999999,84806329.84667599,0.2270223393045249,1.7905074592478274,0.47100590895700956,1.1881547552759155,0.01141043585001129,0.2270223393045249,-0.007579510551899168,11.695506547927243,-167.08139501323933,5.065580786115522,0.0,0.11329967723252608,0.0,0.1716973350876867,0.9917631472841844,-0.0030046542683890383,266.9812369415859,0.8434175912157649,-1.3073214285714285,0.9828325281498939,0.6541721274249439,-0.7130065269165412,-0.051685009075384786,-1.3162068975426064,-0.6428437321554545,-1.0577824622566032,2.4138691632017686,-0.42241443590401856,Drug Manufacturers—Specialty & Generic,Healthcare,THTX
2015Q4,2015,Q4,2015-11-30,2015-11-30,357063.568921,6585603.000591,1041352.37101,0.0056,5738203.77958,0.8713254927551883,37456155.439717,14975581.664934,25740589.77945,12603301.149494,22480573.774783,9501836.04939,-210212323.593422,80707191.69,86123208.74170099,0.22823202074259685,2.042368858295784,0.45108740610586423,1.128236644027173,0.01505241949796435,0.22823202074259685,0.023843051769874186,12.255095195194311,56.50757926234726,5.389252550969658,0.0,0.08918268181078556,0.0,0.175821648625686,1.1838950866365714,0.009532840856976584,33.77172468430508,0.8713254927551883,-0.6292372881355931,-0.9838747134207583,-0.7699409484448151,-0.7325864955510027,-0.036826966297057166,-0.5989652185498622,-0.32004516954271955,1.0760232544380186,0.5612348887463525,-0.3898555448799406,Drug Manufacturers—Specialty & Generic,Healthcare,THTX
2015Q3,2015,Q3,2015-08-31,2015-08-31,890355.61362,6942357.214599,1531502.276864,0.015104,5957604.2712900005,0.8581529424561769,39174891.82066,14494898.768304,27144896.125178,14593827.169817,24679993.052357,9653448.523248,-212631873.069575,102618088.19,105455986.829923,0.23588902668161937,1.8600258732211905,0.0,0.0,0.10565801813069137,0.23588902668161937,0.061425445451674415,14.78144742742503,28.813792663353993,7.079600197994829,0.0,0.10201048267232796,0.0,0.1772144578313232,1.098111254851249,0.022727710843363336,67.03791129764365,0.8581529424561769,0.41158878504672897,1.2836761072788345,3.2215541074136813,-0.517460036048898,0.16379299156196328,0.35272011375394463,0.3366121591736138,2.2577000075950484,0.7909574110994659,-0.47235807342523306,Drug Manufacturers—Specialty & Generic,Healthcare,THTX
2015Q2,2015,Q2,2015-05-31,2015-05-31,658196.477281,5857787.719566,1145809.026465,0.0107,5119127.125258,0.8739010989010836,30695451.363464,6759790.471439,18198569.347999,14564005.181889,23935660.892025,9960653.046774,-226488787.325292,64061133.150000006,79445313.71952501,0.11079697854222159,1.2495580110497175,0.6210366407151189,2.8200578228783377,0.04437200649295857,0.11079697854222159,0.0973693607903923,10.93606259168884,24.332070803020553,9.476792723186714,0.0,0.07415784796833509,0.0,0.19083569256578425,0.4819889502762813,0.021442801719620066,71.98420946425514,0.8739010989010836,1.8916666666666664,1.1442663844636363,2.5676508463528607,-0.7899347231190498,0.6297451107657003,1.901001845164187,2.974658236420867,1.4785643468081622,1.2722713652115647,-0.7495877035686777,Drug Manufacturers—Specialty & Generic,Healthcare,THTX
2015Q1,2015,Q1,2015-02-28,2015-02-28,-730516.236802,3653380.435912,-580256.879561,-0.012,3141059.96787,0.8597681032596571,29065594.603451,6070318.182181,16207230.032689,10351111.359767,22995276.42127,9412789.628907,-225625614.424898,37826573.86,53804540.075622,0.09949611843995379,1.5657478187012588,0.6587513608865463,3.154200393680301,-0.02326479152596761,0.09949611843995379,-0.12034233048053065,10.35385570256312,-12.94515164563432,6.231398869838042,0.0,0.054428122611881846,0.0,0.12569432986855975,0.5021233881553947,-0.025133366331176476,65.73260335617962,0.8597681032596571,0.7740538504989644,0.8217388361729961,1.215512021397291,-0.8378533476177952,0.8541216334413471,0.7425495955320424,0.5737628039557977,0.9031060526846312,0.136854198744188,-0.792786709210979,Drug Manufacturers—Specialty & Generic,Healthcare,THTX
2014Q4,2014,Q4,2014-11-30,2014-11-30,-2837502.773832,2135057.722442,-1361347.35529,-0.05311,1694095.9596270001,0.7934661165457184,28507822.321553,6868976.113982,15237812.543651,9877427.014946,21638846.207571,9269800.251432,-245654071.797737,20743605.020000003,37289724.310404,0.11258659603777396,1.542690471981615,0.6016594254915233,2.4970242602950106,-0.056699508784976,0.11258659603777396,-0.41308962598605936,9.715711571617012,-1.8276286116177176,3.0198976784583356,0.0,0.0475697157278961,0.0,0.07489375015599894,0.4893936715573319,-0.09953418194580017,-11.465773932741213,0.7934661165457184,0.1750159218354382,0.4116456833234128,-0.00926476197048193,-0.8328112685156257,9.856049522781571,0.29783107280411536,0.6182961750126528,-2.6214792958587214,-0.4258155797868104,-0.8051425370434881,Drug Manufacturers—Specialty & Generic,Healthcare,THTX
2014Q3,2014,Q3,2014-09-04,2014-08-31,-4041054.316037,3678.702154,-3566501.738187,-0.064377,-191292.512002,-51.99999999836899,30196626.630125,10563393.234867,12910405.209042,7840233.965457,19633233.395258,9637279.967627,-255450916.916512,29895195.47,43366854.08644,0.1731402857117639,1.646686217008763,0.5229723238106821,1.494974166811734,-0.1355702399685223,0.1731402857117639,-0.3825526728190461,8126.560460322605,-1.8494675604433446,2.830075034158889,0.0,0.020230938066647036,0.0,0.00012182493756868933,0.3089736070381159,-0.1338246939148339,208.373345143739,-51.99999999836899,-4.49267578125,-1.7523155925424363,-0.9996834689221434,-0.760200825060917,-1.087249970123247,-5.354386511662613,-0.18709806934740933,0.053846428326988986,-0.9989787660160033,-0.7287203720639498,Drug Manufacturers—Specialty & Generic,Healthcare,THTX
2014Q2,2014,Q2,2014-07-07,2014-05-31,928042.172006,2205367.346186,-3004386.773325,0.018432,2192465.071699,0.9941496030086265,34306226.269031,14660670.181,14608139.492019,7733991.963726,19645556.08803,9339403.546282,-251933497.990932,24404241.200000003,38218547.979224004,0.24029708706534175,1.8888226882745875,0.0,0.0,-0.20251505035209358,0.24029708706534175,0.0633014835303183,11.065839549227531,6.574119672613925,1.6646061127292473,0.0,0.0013814880600310254,0.0,0.06428475486902605,0.5562440419445994,0.02705171255877142,-6.685320384068525,0.9941496030086265,1.3418080667593881,1.1844138383412393,0.3859139611923829,-0.6182577912046883,50.90357843926076,1.2921888520385,0.07091134318844913,1.151861185541775,-0.38444609330878105,-0.6592989754682503,Drug Manufacturers—Specialty & Generic,Healthcare,THTX
2014Q1,2014,Q1,2014-04-14,2014-02-28,-3176172.415653,1502705.228911,-3233692.233027,-0.053925,42241.11588499998,0.028110047847249336,19046249.528158,13447953.552747,10040803.12045,4395772.293423,5598295.97541,8990167.706218,-246593748.314849,22573923.11,22360920.036284998,0.22041994164107837,2.284195461050872,0.0,0.0,-0.24100537044127499,0.22041994164107837,-0.23618258370651546,15.022189765293598,-1.7768181442819242,1.6786140003724839,0.0,0.1624512646205563,0.0,0.0788976972442474,0.11940298507461669,-0.16676104190262458,-10.896790146454173,0.028110047847249336,-0.31588579795021954,0.6309087215513138,0.31138594620037857,-0.6342298691362621,-0.30346333938121595,-0.3031372645229392,-0.2780005973896855,0.48060789975955254,-0.5856471073509648,-0.7213530404883572,Drug Manufacturers—Specialty & Generic,Healthcare,THTX
2013Q4,2013,Q4,2013-12-09,2013-11-30,-2437327.595582,1131460.644249,-2530274.429943,-0.04098,60644.49765999988,0.05359841543605107,23400648.029538,17451586.165323,12301258.38294,4379850.802502,5949061.864215,10356227.86527,-255106058.322658,15252650.75,14341830.163759,0.28604185677894384,2.808602150537383,0.0,0.0,-0.14492148689240936,0.28604185677894384,-0.13966223886428544,13.480496053951443,-1.564485091955589,0.8739979624492601,0.0,0.1033982798099704,0.0,0.048351679954366567,0.3344086021503997,-0.10415641449354,-11.915567079982605,0.05359841543605107,-0.44001686696183856,0.6951573351055785,4.0547291044647835,-0.545563847505885,-0.9527832869769799,-0.3278711892829938,-0.3178929367817265,-1.1183798029418548,-0.9574905938715713,-0.6648522188452092,Drug Manufacturers—Specialty & Generic,Healthcare,THTX
2013Q3,2013,Q3,2013-09-19,2013-08-31,-1835515.082527,2065073.041169,-1919939.290457,-0.028458,1284386.2644660003,0.621956821313658,25727565.926769,20022766.078543,14016315.689622,4359704.040979,5704799.848226,10770252.324037,-254451716.941757,17082968.84,15542464.191926,0.3281850218484646,3.214969538729181,0.0,0.0,-0.09638593356616111,0.3281850218484646,-0.0916714042069339,8.272331534738182,-2.3267268412310522,0.8531772669664571,0.0,0.07248546767661763,0.0,0.08026694196594535,0.5285030461270934,-0.07134429614335122,29.282708538400996,0.621956821313658,-0.4665292450399383,0.8344355036348383,1.9446520289578364,-0.6700693132826502,0.04564868488136652,-0.36890642927597367,-0.3192286852586437,0.41099450591816417,0.264744943313469,-0.328657246842634,Drug Manufacturers—Specialty & Generic,Healthcare,THTX
2013Q2,2013,Q2,2013-07-10,2013-05-31,-1340862.343307,2261613.691932,-1455349.866108,-0.019405,1228315.2869950002,0.5431145431144356,28801373.850274,22393953.506423,16123336.049986,4574649.745799,6407420.343851,12381146.427601,-258380874.762293,16472862.81,16081858.812639,0.3670501913646551,3.524496288440969,0.0,0.0,-0.06579789951394051,0.3670501913646551,-0.0598760885576732,7.2836766370687895,-3.0713187845540872,0.7355942221312229,0.0,0.0834574092939804,0.0,0.07852450732694768,0.5673382820784013,-0.04655549941046454,-4.17053555416583,0.5431145431144356,-1.6621962871962872,0.8885861905307163,2.01253642204373,-0.7067258039415723,0.11183711322813703,-1.738014959118496,-1.85627265829184,0.7061039233581995,0.3774223970584957,-0.3040920330797676,Drug Manufacturers—Specialty & Generic,Healthcare,THTX
2013Q1,2013,Q1,2013-03-13,2013-02-28,1816849.81685,1757264.957265,1699633.699634,0.029304,1104761.904762,0.6286826014452863,32599755.799756,23980463.980464,15385592.185592,6314041.514042,8619291.819292,13030525.030525,-258779975.579976,27454771.35,27377604.072833,0.3930540398111456,2.4367264851482977,0.0,0.0,0.07087576374746664,0.3930540398111456,0.07576374745418273,15.623580972519076,3.7777986787042566,1.144880740104378,0.0,0.050074962518736714,0.0,0.05390423683106708,0.2301980198018273,0.05573200695152442,-9.745777451304672,0.6286826014452863,1.4063227953410982,1.1480925369827877,1.6043078972849418,-0.7455600588928407,-0.5736880439284838,1.4160272250113566,1.3741139567673857,1.4433491639671014,0.06565459193108296,-0.3594484110539263,Drug Manufacturers—Specialty & Generic,Healthcare,THTX
2012Q4,2012,Q4,2013-01-14,2012-11-30,-4367141.637907,3922161.67629,-4543090.865468,-0.07212,2591440.11569,0.6607173109042412,36575225.247899,22821764.735491,17202395.932954,6446871.696784,13753460.512408,12874616.197715,-268572003.825439,15862756.780000001,14340634.667955002,0.3740622713643889,2.668332292317118,0.0,0.0,-0.1986560083566054,0.3740622713643889,-0.19135863017269172,4.044391355892471,-0.9080743249950096,0.695071435704147,0.0,0.1033600955682219,0.0,0.10723547564523342,0.5074953154278075,-0.11940163343649846,-4.199261276171048,0.6607173109042412,-6.161866931479642,0.6623722376493316,1.5548454570376802,-0.6865377364403366,0.2150281430055229,-5.213166194161409,-4.035174535664307,0.09447608020108551,0.8200087712406039,-0.44452538004973996,Drug Manufacturers—Specialty & Generic,Healthcare,THTX
2012Q3,2012,Q3,2012-10-11,2012-08-31,-702885.051105,3848748.804189,-902270.781934,-0.01007,2132823.120689,0.5541601255887688,41405770.10221,27275565.177987,19555913.599517,9654095.96697,14130204.924223,14019435.073763,-264281758.219626,38436679.89,35874875.348436,0.44706270446117374,2.0256597475749714,0.0,0.0,-0.033707612034311774,0.44706270446117374,-0.02576977036106551,9.986798787222824,-13.671040460162725,1.4091982930209153,0.0,0.12239620744143317,0.0,0.09295199182839436,0.39376238656524354,-0.01697553382946219,77.73838078362674,0.5541601255887688,0.48114179719703215,0.9322278416912841,3.8525300977541717,-0.657700235497199,0.11905884389343814,0.48884333982888484,0.4232183651566015,-1.1308548072746163,-0.6688373898210902,-0.3808184661639345,Drug Manufacturers—Specialty & Generic,Healthcare,THTX
2012Q2,2012,Q2,2012-06-28,2012-05-31,-1375087.33794,2577439.63978,-1564319.540408,-0.019408,1905907.9264039998,0.7394578313254624,41601001.475041,26989364.1798,18726224.671998,9051121.807313,14611637.295241,13788719.81989,-254004929.74148,87228102.39,86216923.13373101,0.4424582183910788,2.0689396376113116,0.0,0.0,-0.0577567929980848,0.4424582183910788,-0.05094923054797913,33.842927315824724,-15.858647662459619,3.2319435837353017,0.0,0.04870152720104782,0.0,0.061956192120191246,0.3124262892677266,-0.03305418834123499,-20.244778142081877,0.7394578313254624,0.8391993106648107,0.8384082812103695,2.0625428173046454,-0.6979851758919103,0.02261782928739416,0.817323211651517,0.801164226967557,0.7266991335367599,0.620051286792639,-0.2970993545905112,Drug Manufacturers—Specialty & Generic,Healthcare,THTX
2012Q1,2012,Q1,2012-03-01,2012-02-29,-7527433.290084,3208513.120706,-7867394.868391,-0.120696,1863753.85977,0.5808777429465211,46006457.258381,29248765.376221,20217655.874395,9728131.317703,16757691.88216,13650764.913551,-261840821.540287,156549661.04999998,156486295.43037498,0.4801628218976458,2.0782671629445875,0.0,0.0,-0.26919793705738976,0.4801628218976458,-0.2573590096286163,48.79196536230865,-5.199304165744823,5.352351083416107,0.0,0.09851164161512067,0.0,0.06974049539799122,0.45678246484693114,-0.1636168863820247,-19.450933454854678,0.5808777429465211,-3.429211009174312,0.2794064969025331,9.101627174716455,-0.713537215762006,-0.12768629127092765,-8.622389584940322,-6.9245816049947875,0.12388132479552447,1.804444541626645,-0.2032063120341895,Drug Manufacturers—Specialty & Generic,Healthcare,THTX
2011Q4,2011,Q4,2011-12-08,2011-11-30,-782283.155721,3712546.548186,-992783.627016,-0.02725,2136563.762692,0.5754981748945218,51203757.505326,35195622.699981,17846213.441797,11113693.588999,16008134.805346,10005810.575247,-244863451.481697,155940518.4,153462308.057176,0.5777894997170366,1.605785988149093,0.0,0.0,-0.029307489355272786,0.5777894997170366,-0.022226717293495207,42.0036533888564,-49.8350620422971,4.430679341271726,0.0,0.1575067580624367,0.0,0.07250535369010441,0.47411990240497487,-0.01527784666271084,-161.0829882890349,0.5754981748945218,0.6189077686875044,0.8909929567767801,9.062452062077028,-0.3026269510721704,0.35290368401500377,0.8163510562846404,0.7907223230690582,0.9020031463960652,15.611798321085873,-0.08206288352468176,Drug Manufacturers—Specialty & Generic,Healthcare,THTX
2011Q3,2011,Q3,2011-10-13,2011-08-31,-4259665.96864,3592624.751009,-4743858.215435,-0.071505,1579243.066551,0.43957918680693403,57801726.339445,38835487.001379,18266510.036263,12785126.921702,18966239.338066,10826906.379284,-256559579.140916,240958911.6,240443052.771664,0.6382354879688161,1.4287312240331909,0.0,0.0,-0.12125127614354356,0.6382354879688161,-0.10968488610658454,67.07043688109256,-14.141890078585899,6.204606410406129,0.0,0.18596093971130725,0.0,0.06215428116992631,0.38758389261741744,-0.07369444198992932,-25.44875409239926,0.43957918680693403,0.30150434697665335,0.5009745666942518,6.40729571328171,-0.35536193625487494,0.6750093263403292,0.29960365233701586,0.2776246457135194,0.6147502996397008,4.136507567059203,-0.3583696426884344,Drug Manufacturers—Specialty & Generic,Healthcare,THTX
2011Q2,2011,Q2,2011-06-13,2011-05-31,-6081793.519988,3565542.304346,-6567026.667349,-0.10237,942826.431899,0.2644272179157149,62964631.212571,42824384.501203,19206633.567078,12979474.842606,20140246.711368,8004299.534217,-252842299.227108,288409573.75,287375638.140643,0.7053019209308209,1.4797696979257537,0.0,0.0,-0.1525518235690667,0.7053019209308209,-0.14201706786508872,80.8879965884743,-11.855449087597808,6.734704470577928,0.0,0.3276633840644446,0.0,0.056627700912097664,0.7795567473775753,-0.0965906319605944,-35.30851225226809,0.2644272179157149,-0.0011833856565834004,0.2183433589550672,711.7055719986328,-0.41285150191322373,-0.0009921447483056446,-0.0026962344146842757,-0.11463937533280784,0.49221980794605447,3.7723109083953528,-0.4364616646284374,Drug Manufacturers—Specialty & Generic,Healthcare,THTX
2011Q1,2011,Q1,2011-02-28,2011-02-28,-6065439.672802,3597137.014315,-5891615.541922,-0.102249,943762.781186,0.2623649801022995,66437627.811861,47869120.654397,18669734.151329,12139059.304703,18568507.157464,4717791.411043,-246470347.648262,303177244.2,302633276.919836,0.7910365934994833,1.537988544474434,0.0,0.0,-0.12235565718537979,0.7910365934994833,-0.12670881749829807,84.28292917214159,-12.496095112423388,6.333461740165719,0.0,0.5624187256177138,0.0,0.05414306820980157,1.0727762803235283,-0.09129524747599653,-37.98940997150551,0.2623649801022995,-1.3007323529411763,0.2555987039361757,4.06250632724552,-0.27284662193078896,-0.9637758169697482,-1.2970109335682958,-1.3000825501901876,0.5015485388059838,4.374752889751679,-0.4879296893619941,Drug Manufacturers—Specialty & Generic,Healthcare,THTX
2010Q4,2010,Q4,2010-11-30,2010-11-30,20421604.012794,26400245.924562,19633316.0265,0.34,26053390.36626,0.9868616542704515,70279150.973007,51647834.274953,33888496.547395,11597614.563716,18631316.698054,4234345.574388,-230614406.779661,332829310.0,306690538.813559,0.853479786717827,2.922023004059618,0.0,0.0,,0.853479786717827,0.39540097468709556,12.607053394542266,4.074475611605786,6.4442065126709105,0.0,0.08191479703498972,0.0,0.37564833324042113,2.45280784844391,0.29057841095202736,16.366244509166755,0.9868616542704515,8.210722768917545,3.417745732263043,29.803896308566248,-0.2768235002139183,16.299320691531033,7.608199235631815,6.608612153691338,2.5917584569049392,16.33778278193746,-0.2847883191449327,Drug Manufacturers—Specialty & Generic,Healthcare,THTX
2010Q3,2010,Q3,2010-08-31,2010-08-31,-3090343.266692,1619200.301773,-3500565.824217,-0.047152,1506035.458318,0.9301106581248247,47867785.74123,29576574.877405,9672764.994342,10064126.744625,18291210.863825,4323840.060355,-241657864.95662,281336694.75,279101689.091758,0.488848684677075,0.9611131934032908,0.0,0.0,,0.488848684677075,-0.1044861779804282,173.75039668776034,-22.759340182551277,9.512145876124654,0.0,0.026172300981389406,0.0,0.03382651352469669,0.44124812593697793,-0.06455997951102618,-51.39715925270069,0.9301106581248247,0.3781142427559647,0.5866843221466922,1.7628448648824675,-0.6217896876096939,-0.07452059826434823,0.3165619393100162,0.2876534209358713,0.6995268835389709,1.0586434568951568,-0.625706219792711,Drug Manufacturers—Specialty & Generic,Healthcare,THTX
2010Q2,2010,Q2,2010-05-31,2010-05-31,-4521760.558041,1627303.055577,-4914132.989613,-0.075821,1627303.055577,1.0,54835468.951399,31893054.818409,15540412.464933,13171013.723558,22942414.13299,4261126.696489,-239946167.260596,273918064.92,270603749.960564,0.5274407088469614,1.179894941354213,0.0,0.0,,0.5274407088469614,-0.1417788475825462,168.3263999174854,-15.144436630600351,8.588643091093665,0.0,0.0,0.0,0.029676103563904748,0.7891631287327486,-0.08246050675792821,-55.27211743941916,1.0,-0.13850473745063585,0.7384400110709314,0.9012650702092991,-0.6061747533049971,-0.003809993175876099,-0.11385575874310053,-0.21050976924821474,0.4639635862527627,0.9505631711717736,-0.6399775023072031,Drug Manufacturers—Specialty & Generic,Healthcare,THTX
2010Q1,2010,Q1,2010-02-28,2010-02-28,-4059556.654933,1633526.781467,-4059556.654933,-0.066597,1633526.781467,1.0,58880220.721149,37085909.999049,14219389.211302,10396727.238131,21794310.722101,2141565.978499,-236089810.674531,281037155.70000005,277867143.332005,0.6136180857155531,1.3676793557833293,0.0,0.0,-0.10946358482337631,0.6136180857155531,-0.10946358482337631,172.04318832631117,-17.307133487008716,7.578003498018701,0.0,0.0,0.0,0.027743217696197576,1.0716508052709015,-0.06894601625490954,-37.62554507148844,1.0,0.15753320683111946,-1.3174740534871856,-0.9215761778899924,-0.6278884037013018,-0.23481089626546253,0.15028010842645223,0.15028010842645223,0.6083210306386084,4.183486777238046,-0.63391845999619,Drug Manufacturers—Specialty & Generic,Healthcare,THTX
2009Q4,2009,Q4,2009-11-30,2009-11-30,-4777523.387637,2134801.415094,-4777523.387637,-0.07905,2134801.415094,1.0,65696322.208566,40699631.275409,15514796.256027,12052566.890423,24996690.933157,2374964.545712,-230582395.764394,184336198.89999998,182900063.89007297,0.6734101936068372,1.2872607467837491,0.0,0.0,,0.6734101936068372,-0.11738493047536804,86.34817158947932,-9.64601237625621,4.5291859686055,0.0,0.0,0.0,0.032494991246490926,1.0665202384687085,-0.07272132178830049,-64.5314636155074,1.0,-1.865798495120642,0.7225291659508281,1.1041642577598707,-0.5489377276854173,-0.8144479604887125,-1.8984516638580111,-1.8984516638580111,0.3290322872693951,4.8317328196360885,-0.18721589761553614,Drug Manufacturers—Specialty & Generic,Healthcare,THTX
2009Q3,2009,Q3,2009-08-31,2009-08-31,5317507.418398,11505135.813741,5317507.418398,0.091303,11505135.813741,1.0,68106824.925816,43608308.605341,26496233.73659,10435973.522027,24498516.320475,1455375.485049,-218387582.743666,129854575.55,118236223.575565,0.7220220242865609,2.5389326334208238,0.0,0.0,,0.7220220242865609,0.121937942297233,11.286661683290168,6.1050491016108985,2.9777485002960153,0.0,0.0,0.0,0.16892779580126868,2.246194225721738,0.07807598466365138,28.96318814315857,1.0,2.10577819762865,1.987961233185613,14.164069961708389,-0.5434563739560045,6.303784529399536,2.067418616216128,2.067418616216128,1.6276019010615848,22.898386733898338,-0.2707348800069143,Drug Manufacturers—Specialty & Generic,Healthcare,THTX
2009Q2,2009,Q2,2009-05-31,2009-05-31,-4981651.376147,1575229.357798,-4981651.376147,-0.082569,1575229.357798,1.0,65035779.816514,38017431.192661,20710091.743119,11317431.192661,27018348.623853,1462385.321101,-224782568.807339,164879663.13,161362231.937339,0.6294747647205757,1.8299286640725367,0.0,0.0,,0.6294747647205757,-0.1310359805979914,104.6702578984967,-8.274347735344953,4.336949077238781,0.0,0.0,0.0,0.02422096517089836,1.6018158236056896,-0.07659862602096532,-21.598225310865324,1.0,0.4176382217896362,0.3256277423019794,0.6115763645697199,-0.6081320353945704,0.39653102736862034,0.4118973865922343,0.4118973865922343,0.356321058856566,315.54829336368863,-0.47597595905957496,Drug Manufacturers—Specialty & Generic,Healthcare,THTX
2009Q1,2009,Q1,2009-02-28,2009-02-28,-8470717.970935,1127958.725533,-8470717.970935,-0.141783,1127958.725533,1.0,61968414.004962,36190776.259304,17682643.456343,10949549.052814,25777637.745658,1255562.994762,-188714898.979954,72067009.2,66639101.673711,0.6026187570881574,1.6149197899431864,0.0,0.0,,0.6026187570881574,-0.23405737169722438,63.891530397928186,-2.126945125763797,1.9913087435219867,0.0,0.0,0.0,0.01820215578605386,1.4163009855406357,-0.13669412243238505,7.651168383497395,1.0,-0.08190003815337651,-2.14357443448991,0.011834763495728717,-0.6960973618163101,0.831101827163961,-0.0762970019505034,-0.14394554885123068,-0.047535325704137335,0.5995780241705468,-0.4460480482123117,Drug Manufacturers—Specialty & Generic,Healthcare,THTX
2008Q4,2008,Q4,2008-11-30,2008-11-30,-7870242.0945,220339.065146,-7404826.1995,-0.13105,616000.0,2.7956912660577418,43597713.181416,37801755.374829,11417988.565907,5795957.806587,5795957.806587,242370.561237,-183774861.099928,63659191.46,63552097.491081,0.6294434437247994,1.9699916643510869,0.0,0.0,,0.6294434437247994,-0.20819779442677802,288.9146843652915,-2.0221484515859833,1.6840273904949041,0.0,0.0,0.0,0.005053913360756774,1.8730202834120728,-0.1805196080296885,-8.806410637925762,2.7956912660577418,0.2672917470381366,0.6451108662487656,-0.8626865808831824,-0.6351581353804114,-0.1323943661971831,0.2551177675527957,0.2991672423619995,0.06111481000228278,-0.7409445073204372,-0.4666555511563704,Drug Manufacturers—Specialty & Generic,Healthcare,THTX
2008Q3,2008,Q3,2008-08-31,2008-08-31,-10565753.55361,668361.103266,-10565753.55361,-0.178857,710000.0,1.0623000000007903,68155888.167184,57837710.627883,27577897.015909,10318177.539302,10318177.539302,240045.184976,-200310646.709969,61634079.480000004,52582963.975905,0.9947089951339366,2.672748836784851,0.0,0.0,,0.9947089951339366,-0.18267931837046733,92.2167361009193,-1.4583455682378066,1.0656382974170975,0.0,0.0,0.0,0.009806358940353529,2.603320864884451,-0.1550233418966323,-7.984927154383099,1.0623000000007903,0.11081447896314638,-0.22246717161475663,-0.4788238777004488,-0.4948416134700582,-0.0014064697609001407,0.07830068798438473,0.07870483571391455,-0.4703949843740931,0.18665772310502055,-0.23041789498611215,Drug Manufacturers—Specialty & Generic,Healthcare,THTX
2008Q2,2008,Q2,2008-05-31,2008-05-31,-11463341.043951,715075.932817,-11468369.707332,-0.201147,711000.0,0.9943000000000797,84276375.339435,72731569.948708,38752891.481444,11544805.390727,11544805.390727,596399.477019,-202721512.621945,61599505.46,53571747.238135,1.2515597904546956,3.3567383918460014,0.0,0.0,,1.2515597904546956,-0.15761162658849817,86.14400601811941,-1.3434020942023914,0.8469431569185351,0.0,0.0,0.0,0.00848489188027998,3.243836571129999,-0.13602081244928696,-6.9175952427011325,0.9943000000000797,0.014280043712419326,-0.20404307975449407,-0.494047627074303,-0.41367036090725356,0.18697829716193656,-0.0316059642986033,-0.032058502447507804,0.3100365662129241,-0.1306843391872968,-0.06549525859146012,Drug Manufacturers—Specialty & Generic,Healthcare,THTX
2008Q1,2008,Q1,2008-02-29,2008-02-29,-11112131.415162,611162.126314,-11112131.415162,-0.204061,599000.0,0.980099999999425,94425058.667483,85365779.002143,46945209.672482,9059279.66534,9059279.66534,1183552.698704,-194029180.695847,58576402.42,40835355.588044,1.544781208881069,5.1820024777566145,0.0,0.0,,1.544781208881069,-0.1301707961322891,95.8442938427518,-1.3178480399375756,0.6861813141602037,0.0,0.0,0.0,0.006472456940336166,4.967789165446627,-0.1176820175912548,-5.534631448167682,0.980099999999425,0.037493514456865294,-0.6394878530522827,-0.556737957851831,-0.27278733976935254,-0.5370942812982998,0.051523163021592724,0.01966384297826389,-1.9504317979990424,-0.9679098211715125,-0.06321046437435962,Drug Manufacturers—Specialty & Generic,Healthcare,THTX
2007Q4,2007,Q4,2007-11-30,2007-11-30,-11715764.668078,1390504.406984,-11335021.498055,-0.21201,1294000.0,0.9305975540247889,74552723.638181,65944027.986007,34419790.104948,8608695.652174,8608695.652174,2108945.527236,-177250374.812594,58576402.42,55999690.775822,1.1933247310746575,3.998258446534323,0.0,0.0,,1.1933247310746575,-0.17766225427667276,42.12600990388233,-1.2499483405381855,0.888274559637601,0.0,0.0,0.0,0.01865128916996233,3.705213050040498,-0.15714737297777215,-5.651635745059682,0.9305975540247889,-0.24414633287560297,-0.3130912750821394,0.031624324303588545,-0.4397696019709464,0.7299465240641712,-0.26524508934577995,-0.17799913502519327,0.25581807749233837,0.4989546215818167,-0.2006896095160946,Drug Manufacturers—Specialty & Generic,Healthcare,THTX
2007Q3,2007,Q3,2007-08-31,2007-08-31,-9259680.015147,708132.159424,-9622266.40159,-0.170406,748000.0,1.0563000000006055,80142951.812932,71142667.802708,36496260.532046,9000284.010224,9000284.010224,2264508.188961,-158203161.980498,57739653.260000005,51546336.96728001,1.306056126303632,4.055012096350244,0.0,0.0,,1.306056126303632,-0.1301564911907132,81.53796221734355,-1.5588997990629638,0.811603711855773,0.0,0.0,0.0,0.008835863209492298,3.702429788577045,-0.11553954285039003,-9.791129492329938,1.0563000000006055,-0.21499871659584188,-0.685520807604832,-0.5488971470691737,0.0,-0.065,-0.2242833200889383,-0.27791058195717666,-0.9075602723820869,0.03487724718680426,-0.17416425030965196,Drug Manufacturers—Specialty & Generic,Healthcare,THTX
2007Q2,2007,Q2,2007-05-31,2007-05-31,-7563347.358579,748013.090229,-7529686.769518,-0.140252,800000.0,1.069500000000113,85365123.889668,79426834.969612,35856007.480131,5938288.920056,5938288.920056,2446002.805049,-147105189.340813,57468401.38,45643249.439841,1.4650215256742665,6.038104235553575,0.0,0.0,,1.4650215256742665,-0.09522408089750359,76.82806909489562,-1.8995690220023542,0.7235388568861758,0.0,0.0,0.0,0.008762513965255713,5.505274759880444,-0.08859996933120383,-5.977082451056637,1.069500000000113,0.17920807144445622,-99.78116369101721,-0.5488370402991946,0.0,1.7874564459930313,0.06213370951912227,0.06630767248834028,-0.1405691066853582,-0.14749392288216756,-0.08797773072927378,Drug Manufacturers—Specialty & Generic,Healthcare,THTX
2007Q1,2007,Q1,2007-02-28,2007-02-28,-8064419.667649,245204.835747,-8064419.667649,-0.170874,287000.0,1.1704499999996894,84560639.070443,78823529.411765,60218719.295997,5737109.658678,5737109.658678,1858259.643727,-127506514.588406,49847274.86,2842276.782338001,1.6761787161110795,10.496351451973672,0.0,0.0,,1.6761787161110795,-0.10230980175375559,203.28830264763596,-1.545284004128838,0.6323908004626844,0.0,0.0,0.0,0.002899751449876494,10.097096053611665,-0.09536848061106726,-7.05742625618539,1.1704499999996894,-0.4504201680672269,-4.094459832672006,0.0,0.0,-0.21798365122615804,-0.45561711684538564,-0.45561711684538564,-2.822049820201383,-0.7190913473211474,-0.15469751330858827,Drug Manufacturers—Specialty & Generic,Healthcare,THTX
