Quarters,Year,Quarter,FillingDate,Date,NetIncome,Revenue,OperatingIncome,EPSDiluted,GrossProfit,GrossProfitRatio,TotalAssets,CommonStockEquity,CurrentAssets,CurrentLiability,TotalLiability,Inventory,RetainedEarnings,MarketCap,EnterpriseValue,bookValuePerShare,currentRatio,debtToAssets,debtToEquity,roic,shareholdersEquityPerShare,roe,priceToSalesRatio,peRatio,pbRatio,payoutRatio,inventoryTurnover,dividendYield,assetTurnover,quickRatio,returnOnAssets,priceToFreeCashFlowsRatio,grossProfitMargin,epsdilutedGrowth,fiveYNetIncomeGrowthPerShare,fiveYRevenueGrowthPerShare,fiveYShareholdersEquityGrowthPerShare,grossProfitGrowth,netIncomeGrowth,operatingIncomeGrowth,threeYNetIncomeGrowthPerShare,threeYRevenueGrowthPerShare,threeYShareholdersEquityGrowthPerShare,Industry,Sector,Symbol
2023Q1,2023,Q1,2023-05-12,2023-03-31,-2113000.0,18839000.0,-1832000.0,-0.0769,5965000.0,0.3166303944,49135000.0,18418000.0,23493000.0,21170000.0,31441000.0,0.0,-10891000.0,234508399.99999997,228737399.99999997,0.670721048798252,1.1097307510628247,0.09278518367762288,0.24752959061787383,-0.07418479469045271,0.670721048798252,-0.11472472581170594,12.448028026965336,-27.745906294368194,12.732565968074708,0.0,0.0,0.0,0.3834130456904447,0.9118564005668399,-0.043003968657779584,2859.8585365853655,0.31663039439460694,-0.07552447552447555,-6.43010376015045,0.25734171671800743,-0.4285411615315851,-0.10097965335342879,-0.07916241062308478,-0.06511627906976744,-4.144151193766275,0.15212426609135274,-0.35154862269796155,Information Technology Services,Technology,INOD
2022Q4,2022,Q4,2023-02-24,2022-12-31,-1958000.0,19375000.0,-1720000.0,-0.0715,6635000.0,0.3424516129,48042000.0,18773000.0,23685000.0,20816000.0,29996000.0,0.0,-8775000.0,81217280.0,76154280.0,0.6853460864485982,1.13782667179093,0.09843470296823613,0.25190433068768975,-0.06899535905537148,0.6853460864485982,-0.10429872689500878,4.191859612903226,-10.369928498467823,4.3262813615298565,0.0,0.0,0.0,0.40329295200033305,0.9524884704073789,-0.040756005162149785,-97.97018094089265,0.3424516129032258,0.4041666666666667,0.11539612497038937,0.16894911171904,-0.43010055981778417,0.09524595576097722,0.41130487071557426,0.4377247466492318,-32.414545903158235,0.22826289746207457,-0.3359887588439406,Information Technology Services,Technology,INOD
2022Q3,2022,Q3,2022-11-10,2022-09-30,-3326000.0,18447000.0,-3059000.0,-0.12,6058000.0,0.3284002819,47809000.0,17781000.0,23922000.0,20930000.0,30757000.0,0.0,-6815000.0,82539620.0,76482620.0,0.6505799275547912,1.1429526994744386,0.09772218619925119,0.2627523761318261,-0.12265760881031246,0.6505799275547912,-0.18705359653562792,4.474419688838293,-6.204120565243535,4.642012260277825,0.0,0.0,0.0,0.3858478529147232,0.9604873387482084,-0.06956849128825117,138.2573199329983,0.328400281888654,0.14285714285714296,-1.9485561044742514,0.16297947859370926,-0.4852136872661428,-0.1339528234453181,0.1318193683111459,0.06794637416209628,-4.669373621545149,0.26039664194936196,-0.42790209819213404,Information Technology Services,Technology,INOD
2022Q2,2022,Q2,2022-08-12,2022-06-30,-3831000.0,19987000.0,-3282000.0,-0.14,6995000.0,0.3499774854,49923000.0,21022000.0,25223000.0,19526000.0,29631000.0,0.0,-3488000.0,131773840.0,126155840.0,0.7721295820171894,1.2917648263853323,0.09741001141758308,0.23132908381695366,-0.12463144373030985,0.7721295820171894,-0.18223765578917325,6.592977435332966,-8.5991803706604,6.2683778898297025,0.0,0.0,0.0,0.4003565490855918,1.0978695073235685,-0.07673817679226008,-32.33713865030675,0.34997748536548756,-0.2727272727272728,-20.934823773165096,0.2416130462567259,-0.3981989339520252,-0.10066855232707637,-0.3256055363321799,-0.36069651741293535,-4.576080775414097,0.3928205592585899,-0.33276349327571175,Information Technology Services,Technology,INOD
2022Q1,2022,Q1,2022-05-13,2022-03-31,-2890000.0,21192000.0,-2412000.0,-0.11,7778000.0,0.3670252926,54934000.0,24778000.0,30086000.0,20446000.0,30888000.0,0.0,345000.0,189834420.0,179510420.0,0.9123646807570513,1.4714858652059082,0.09289329012997415,0.2059488255710711,-0.08250657265859247,0.9123646807570513,-0.11663572524013238,8.95783408833522,-16.421662629757787,7.661410121882315,0.0,0.0,0.0,0.38577201732988675,1.2878313606573413,-0.052608584847271274,-55.264751091703054,0.3670252925632314,-1.412280701754386,-0.5763466369142763,0.3373454266971483,-0.29447285233068937,0.11066685706125946,-1.3362974939369443,-1.9378806333739342,-5.103991098957461,0.47739323298300373,-0.22369206530838928,Information Technology Services,Technology,INOD
2021Q4,2021,Q4,2022-03-24,2021-12-31,-1237000.0,19289000.0,-821000.0,-0.0456,7003000.0,0.3630566644,59217000.0,29927000.0,33962000.0,21304000.0,32812000.0,0.0,3160000.0,160639200.0,148047200.0,1.1028929426939378,1.594160720991363,0.10655723863079859,0.21084639288936413,-0.023493634367107503,1.1028929426939378,-0.04133391252046647,8.328021151951889,-32.46548100242522,5.36770140675644,0.0,0.0,0.0,0.3257341641758279,1.4213762673676305,-0.02088927166185386,-82.80371134020619,0.36305666442013584,-0.5200000000000001,-0.18831965788029814,0.16210928307343017,-0.16349370223805768,0.03794278938787609,-0.54625,-0.5941747572815534,-24.59394582642344,0.22808315647803376,-0.06626108843048739,Information Technology Services,Technology,INOD
2021Q3,2021,Q3,2021-11-04,2021-09-30,-800000.0,17450000.0,-515000.0,-0.03,6747000.0,0.38664756446991405,58833000.0,30723000.0,33812000.0,20296000.0,31563000.0,0.0,4328000.0,257033629.99999997,242653629.99999997,1.1391123799636647,1.6659440283799765,0.11155303996056636,0.21361846173876248,-0.01916741685459264,1.1391123799636647,-0.026039123783484684,14.729720916905443,-80.323009375,8.366163135110503,0.0,0.0,0.0,0.29660224703822685,1.4761036657469453,-0.013597810752468853,-184.91628057553956,0.38664756446991405,-6.723995880535531,0.7249288374945876,0.03337307591064671,-0.15988005582380793,0.016114457831325302,-6.766990291262136,-0.49709302325581395,-2.115625482322529,0.19169987993552506,-0.02414053312852579,Information Technology Services,Technology,INOD
2021Q2,2021,Q2,2021-08-05,2021-06-30,-103000.0,17049000.0,-344000.0,-0.003884,6640000.0,0.3894656578098422,60929000.0,31405000.0,35716000.0,21232000.0,32930000.0,0.0,5128000.0,185654000.0,170439000.0,1.1841113038232411,1.6821778447626226,0.11232746311280342,0.21792708167489253,0.004202238161659877,1.1841113038232411,-0.003279732526667728,10.889436330576574,-450.61650485436894,5.911606432096799,0.0,0.0,0.0,0.2798174924912603,1.495148831951771,-0.0016904922122470416,48.109354755117906,0.3894656578098422,-1.287416,0.9444221614859036,0.04568966013465401,-0.188862239176676,0.1309827967978198,-1.2587939698492463,-1.9942196531791907,0.7843452823844032,0.16568871675440527,0.03580718710817422,Information Technology Services,Technology,INOD
2021Q1,2021,Q1,2021-05-06,2021-03-31,398000.0,15967000.0,346000.0,0.013513513513513514,5871000.0,0.36769587273752113,56291000.0,30152000.0,31252000.0,17724000.0,29518000.0,0.0,5231000.0,162999900.0,152786900.0,1.1653847640397326,1.763258858045588,0.12582828516103817,0.23490979039533033,0.009503421161776682,1.1653847640397326,0.01319978774210666,10.208548882069268,102.38687185929648,5.405939904483947,0.0,0.0,0.0,0.2836510276953687,1.5383096366508688,0.007070402018084596,641.7318897637796,0.36769587273752113,-0.6621621621621622,129.47204936935543,0.00031013086221892065,-0.23862645849510888,-0.03832923832923833,-0.6641350210970464,-0.6871609403254972,2.485361619991105,0.13102589583089938,-0.0070843537411451355,Information Technology Services,Technology,INOD
2020Q4,2020,Q4,2021-03-15,2020-12-31,1185000.0,15294000.0,1106000.0,0.04,6105000.0,0.399176147508827,57254000.0,29640000.0,31861000.0,18346000.0,31004000.0,0.0,4833000.0,133257900.0,123006900.0,1.1788569383128504,1.736672844216723,0.12788626122192337,0.24703103913630228,0.027348261356337708,1.1788569383128504,0.039979757085020245,8.713083562181248,28.113481012658227,4.4958805668016195,0.0,0.0,0.0,0.2671254410172215,1.5055597950506923,0.020697243860690957,-456.3626712328767,0.399176147508827,3.0,3.0243824212519566,-0.0018993720154434647,-0.2142084927309062,0.2801425875445586,4.752427184466019,4.9144385026737964,1.5832585958389747,0.0052674662102781145,-0.019721681521847466,Information Technology Services,Technology,INOD
2020Q3,2020,Q3,2020-11-12,2020-09-30,206000.0,14553000.0,187000.0,0.01,4769000.0,0.32769875627018485,53998000.0,25689000.0,28291000.0,19246000.0,31701000.0,0.0,3648000.0,75612300.0,67934300.0,1.04981610134859,1.469967785513873,0.14182006740990408,0.29810424695394916,0.006792792623788844,1.04981610134859,0.008018996457627778,5.1956503813646675,91.76249999999999,2.943372649772276,0.0,0.0,0.0,0.2695099818511797,1.2563130001039178,0.0038149561094855365,32.53541308089501,0.32769875627018485,1.5,-0.4721867129953034,0.00025155699238118157,-0.2864334082822868,0.1406362114326716,1.3698384201077198,1.4882506527415145,1.2039745220395226,0.024755801824079934,-0.16930889353889655,Information Technology Services,Technology,INOD
2020Q2,2020,Q2,2020-08-06,2020-06-30,-557000.0,13863000.0,-383000.0,-0.02,4181000.0,0.30159417153574264,51328000.0,25299000.0,25899000.0,17726000.0,29428000.0,0.0,4071000.0,32656801.1,26204801.1,1.0364619607521817,1.461074128398962,0.13702072942643392,0.2779951776750069,-0.014045145157058592,1.0364619607521817,-0.02201668050120558,2.3556806679650872,-14.657451122082586,1.2908336732677181,0.0,0.0,0.0,0.2700865024937656,1.2470946632065891,-0.01085177680798005,15.632743465773098,0.30159417153574264,-1.0,0.2763749044944388,0.023256354930114125,-0.2945565814329225,-0.1265928556507207,-0.5260273972602739,-6.984375,-2.5572226223094683,-0.0394284252272748,-0.19217715856798873,Information Technology Services,Technology,INOD
2020Q1,2020,Q1,2020-05-14,2020-03-31,-365000.0,14530000.0,64000.0,-0.01,4787000.0,0.32945629731589815,48876000.0,25239000.0,23926000.0,15810000.0,27043000.0,0.0,4628000.0,19520800.0,16025800.0,1.0343428548010327,1.5133459835547123,0.14833456092969965,0.2872538531637545,-0.011178824180720377,1.0343428548010327,-0.014461745711002814,1.3434824501032347,-13.37041095890411,0.7734379333571061,0.0,0.0,0.0,0.2972829200425567,1.2808349146110056,-0.00746787789508143,156.1664,0.32945629731589815,-5.395604395604396,0.7940211600379885,0.0931283499021129,-0.30383464172947894,-0.13090050835148875,-7.293103448275862,-0.9036144578313253,0.7784167615607529,0.020533874876166508,-0.20014772661478383,Information Technology Services,Technology,INOD
2019Q4,2019,Q4,2020-03-16,2019-12-31,58000.0,14679000.0,664000.0,0.002275,5508000.0,0.37522992029429797,49746000.0,26309000.0,24015000.0,15226000.0,26854000.0,0.0,4993000.0,29058599.999999996,26022599.999999996,1.0321302471557474,1.57723630631814,0.15756040686688377,0.29792086358280434,0.0012427947247283446,1.0321302471557474,0.0022045687787449163,1.9796035152258327,125.25258620689654,1.104511764035121,0.0,0.0,0.0,0.29507900132673986,1.3527518717982399,0.001165922888272424,-64.28893805309734,0.37522992029429797,1.11375,1.2051667739354908,-0.08187191998322925,-0.33327170098704406,0.14108141702921068,1.1045045045045045,6.354838709677419,1.0593132287730174,-0.05855767720822938,-0.21716476873316157,Information Technology Services,Technology,INOD
2019Q3,2019,Q3,2019-11-07,2019-09-30,-555000.0,13846000.0,-124000.0,-0.02,4827000.0,0.34862054022822475,52152000.0,29403000.0,26314000.0,15636000.0,26199000.0,0.0,5689000.0,34129920.0,25176920.0,1.137182858910891,1.6829112304937324,0.08120493940788465,0.1440329218106996,-0.012101090063506587,1.137182858910891,-0.018875624936230996,2.4649660551783907,-15.373837837837838,1.1607631874298543,0.0,0.0,0.0,0.26549317379966253,1.3740726528523919,-0.010641969627243442,27.63556275303644,0.34862054022822475,0.3333333333333333,-1.4791627814322532,-0.08504143707146308,-0.2620477388965038,0.18774606299212598,0.15007656967840735,0.7741347905282332,0.8009401057886429,-0.14469354844302915,-0.16130311920864684,Information Technology Services,Technology,INOD
2019Q2,2019,Q2,2019-08-08,2019-06-30,-653000.0,13639000.0,-549000.0,-0.03,4064000.0,0.29796905931519907,52600000.0,29945000.0,25959000.0,15175000.0,26102000.0,0.0,6244000.0,24324380.0,16340380.0,1.1572052401746724,1.7106425041186162,0.08131178707224335,0.1428285189514109,-0.01516637271264085,1.1572052401746724,-0.021806645516780764,1.783443067673583,-9.312549770290964,0.8123018867924529,0.0,0.0,0.0,0.2592965779467681,1.3688962108731466,-0.01241444866920152,35.51004379562044,0.29796905931519907,-0.4999999999999999,0.03936618360055931,-0.07064907761181385,-0.2869979479830931,-0.016932752781809387,-0.4446902654867257,-0.17307692307692307,0.6388646896782142,-0.14260928272809212,-0.207293381713702,Information Technology Services,Technology,INOD
2019Q1,2019,Q1,2019-05-10,2019-03-31,-452000.0,13694000.0,-468000.0,-0.02,4134000.0,0.3018840368044399,52680000.0,30471000.0,25728000.0,14600000.0,25648000.0,0.0,6897000.0,34223640.0,26306640.0,1.1752613106028464,1.7621917808219179,0.08056188306757783,0.1392799711200814,-0.01014605126094976,1.1752613106028464,-0.0148337763775393,2.4991704396085876,-18.92900442477876,1.1231544747464803,0.0,0.0,0.0,0.25994684889901293,1.4028082191780822,-0.008580106302201974,21.17799504950495,0.3018840368044399,-11.351966873706004,-3.3095320744875267,-0.05982850897946293,-0.28018119630934274,-0.1722066479775731,-10.04,-2.261455525606469,-148.86567413635723,-0.14387695731632758,-0.23217387608058576,Information Technology Services,Technology,INOD
2018Q4,2018,Q4,2019-03-26,2018-12-31,50000.0,14979000.0,371000.0,0.001932,4994000.0,0.3334000934641832,46051000.0,30566000.0,27273000.0,14292000.0,18925000.0,0.0,7349000.0,38817000.0,33539000.0,1.1811577401653914,1.908270361041142,0.12140887277149248,0.18291565792056533,0.0015873071657872663,1.1811577401653914,0.0016358044886475168,2.5914279991988782,194.085,1.2699404567166133,0.0,0.0,0.0,0.3252698095589672,1.5039882451721243,0.0010857527523832273,-52.81224489795918,0.3334000934641832,-0.9356,-0.9439745579685876,-0.06078600633823027,-0.259711683777461,0.037822111388196175,-0.9273255813953488,-0.6834470989761092,1.0829909236843214,-0.05022124563628532,-0.21267484560471359,Information Technology Services,Technology,INOD
2018Q3,2018,Q3,2018-11-08,2018-09-30,688000.0,14049000.0,1172000.0,0.03,4812000.0,0.34251548152893446,46108000.0,30206000.0,26164000.0,15190000.0,19348000.0,0.0,7299000.0,37780420.0,30781420.0,1.1672914170885342,1.7224489795918367,0.10607703652294613,0.1619214725551215,0.019915202308507473,1.1672914170885342,0.022776931735416804,2.689189266139939,13.728350290697675,1.2507587896444414,0.0,0.0,0.0,0.3046976663485729,1.379526003949967,0.01492148867875423,64.91481099656357,0.34251548152893446,2.5,1.056969898294216,-0.13618452910193152,-0.22791794829793682,0.10850034554250172,2.476394849785408,-0.9179329178628948,0.6669461878294644,-0.08689196849638554,-0.20658469901231938,Information Technology Services,Technology,INOD
2018Q2,2018,Q2,2018-08-13,2018-06-30,-466000.0,14270000.0,14281000.0,-0.02,4341000.0,0.3042046250875964,45592000.0,29582000.0,25011000.0,15515000.0,19952000.0,0.0,6611000.0,25877000.0,19426000.0,1.1431773389496465,1.6120528520786337,0.1152614493770837,0.17764180920830236,17.21738381605764,1.1431773389496465,-0.015752822662429857,1.8133847231955151,-13.882510729613735,0.8747549185315394,0.0,0.0,0.0,0.31299350763291806,1.307122139864647,-0.010221091419547289,37.12625538020086,0.3042046250875964,-1.0,-2.711787199264671,-0.14893027831206038,-0.4265142746976932,0.027212494084240417,-0.7388059701492538,45.06774193548387,0.42894175937644363,-0.006455640930218956,-0.2219232730627198,Information Technology Services,Technology,INOD
2018Q1,2018,Q1,2018-05-15,2018-03-31,-268000.0,14120000.0,310000.0,-0.01,4226000.0,0.2992917847025496,46555000.0,30373000.0,24434000.0,15348000.0,20128000.0,0.0,7077000.0,29757112.2,23876112.2,1.1736996676713811,1.5919989575188949,0.13528085060680914,0.20735521680439864,-0.0076247673403303665,1.1736996676713811,-0.008823626246995687,2.107444206798867,-27.758500186567165,0.9797225232937147,0.0,0.0,0.0,0.30329717538395445,1.396142819911389,-0.005756631940715283,28.974792794547223,0.2992917847025496,0.8750000000000001,-1.815393751204532,-0.19686126405748716,-0.4254697752835312,-0.04324201947022866,0.8718316594930655,1.115801270078446,0.8573927996585987,0.0016526781295699941,-0.2100404175909209,Information Technology Services,Technology,INOD
2017Q4,2017,Q4,2018-03-22,2017-12-31,-2091000.0,15658000.0,-2677000.0,-0.08,4417000.0,0.2820922212287649,47871000.0,31119000.0,25328000.0,15599000.0,20690000.0,0.0,7345000.0,35192720.0,30395720.0,1.2025737141090544,1.6236938265273415,0.13807942177936539,0.2124104244995019,-0.05704513044671495,1.2025737141090544,-0.06719367588932806,2.247587175884532,-4.207642276422765,1.1309078055207429,0.0,0.0,0.0,0.32708738066888093,1.3909866017052375,-0.04367988970357837,-37.084004214963116,0.2820922212287649,-1.0,-4.028131752577416,-0.20663203531262522,-0.4075582227291057,0.24247538677918426,-0.9578651685393258,-2.0317100792751983,-6.285996839414273,-0.03528507400608165,-0.223169818872062,Information Technology Services,Technology,INOD
2017Q3,2017,Q3,2017-11-09,2017-09-30,-1068000.0,15018000.0,-883000.0,-0.04,3555000.0,0.23671594087095485,48896000.0,32703000.0,25806000.0,14654000.0,20081000.0,0.0,9436000.0,38815500.0,33204500.0,1.2637863740000772,1.7610208816705337,0.14023642015706805,0.20967495336819253,-0.02907973585142785,1.2637863740000772,-0.03265755435281167,2.5845984818218137,-9.086025280898877,1.186909457847904,0.0,0.0,0.0,0.3071416884816754,1.5043674082161866,-0.021842277486910994,-12.582009724473258,0.23671594087095485,-5.235421686746988,-1.7967226228347133,-0.2673200797897135,-0.37953956268879274,-0.08869520635734426,-5.433734939759036,-5.21830985915493,-3.766841660309759,-0.008399785667396197,-0.17989089886710577,Information Technology Services,Technology,INOD
2017Q2,2017,Q2,2017-08-08,2017-06-30,-166000.0,15300000.0,-142000.0,-0.006414963094640028,3901000.0,0.2549673202614379,51361000.0,33201000.0,28276000.0,16714000.0,21963000.0,0.0,10504000.0,45284750.0,36573750.0,1.2830312632839973,1.6917554146224723,0.12780124997566247,0.1977048884069757,-0.005918336661452466,1.2830312632839973,-0.004999849402126442,2.9597875816993464,-68.19992469879519,1.363957410921358,0.0,0.0,0.0,0.29789139619555693,1.466136173267919,-0.003232024298592317,34.94193672839506,0.2549673202614379,0.9083576700765711,-1.077068653845328,-0.34857154111763544,-0.3366412622226994,0.20773993808049535,0.9040462427745665,0.8982078853046594,0.7557959976687486,0.04253017908492184,-0.20947132646474115,Information Technology Services,Technology,INOD
2017Q1,2017,Q1,2017-05-10,2017-03-31,-1730000.0,14953000.0,-1395000.0,-0.07,3230000.0,0.21601016518424396,48585000.0,33140000.0,27002000.0,14424000.0,19178000.0,0.0,10670000.0,56379400.00000001,48111400.00000001,1.2931673625473135,1.8720188574597891,0.12207471441803025,0.17896801448400723,-0.047192576882255234,1.2931673625473135,-0.05220277610138805,3.770440714237946,-8.147312138728324,1.7012492456246229,0.0,0.0,0.0,0.30776988782546055,1.644620077648364,-0.03560769784913039,854.2333333333335,0.21601016518424396,-0.7500000000000001,-1.4811048689087476,-0.43222914715858163,-0.3100004249444865,-0.1979140799602682,-0.7599186164801628,-0.3374880153403643,-9.94306042548131,0.0386269477944177,-0.207966623692279,Information Technology Services,Technology,INOD
2016Q4,2016,Q4,2017-03-15,2016-12-31,-983000.0,15674000.0,-1043000.0,-0.04,4027000.0,0.25692229169325,47588000.0,33784000.0,27248000.0,12841000.0,17438000.0,0.0,12400000.0,62778800.00000001,53643800.00000001,1.3184514517639714,2.121953118915972,0.10584601159956292,0.1490942457968269,-0.026816305132383405,1.3184514517639714,-0.029096613781671797,4.0052826336608405,-15.966124109867753,1.8582405872602414,0.0,0.0,0.0,0.32936874842397246,1.8786698855229345,-0.02065646801714718,-27.283268144285096,0.25692229169325,0.6363636363636365,-1.4167214311429053,-0.36377727741841087,-0.2092429849518019,0.10692688290269378,0.6446131597975415,0.289025221540559,-2.1123785047438166,-0.007466076775497005,-0.17366311707795823,Information Technology Services,Technology,INOD
2016Q3,2016,Q3,2016-11-08,2016-09-30,-2766000.0,16060000.0,-1467000.0,-0.11,3638000.0,0.2265255292652553,50913000.0,34780000.0,30471000.0,14944000.0,19690000.0,0.0,13383000.0,63614480.0,51803480.0,1.3558925577950178,2.039012312633833,0.10735961345825232,0.15715928694652098,-0.04154237155777681,1.3558925577950178,-0.07952846463484761,3.9610510585305105,-5.749681851048445,1.8290534790109256,0.0,0.0,0.0,0.3154400644236246,1.8048715203426124,-0.05432797124506511,-18.322142857142858,0.2265255292652553,-0.5714285714285713,-2.9361966145750698,-0.19620862807828393,-0.14603896542248063,-0.08061662875916098,-0.5556805399325084,0.08082706766917293,0.7689431720742466,-0.003836255315125155,-0.10317141667928875,Information Technology Services,Technology,INOD
2016Q2,2016,Q2,2016-08-09,2016-06-30,-1778000.0,15642000.0,-1596000.0,-0.07,3957000.0,0.25297276563099347,52053000.0,37145000.0,38122000.0,13951000.0,18359000.0,0.0,16149000.0,62340250.00000001,42372250.00000001,1.4598152878758106,2.73256397390868,0.09592146466101857,0.13441916812491586,-0.043937519719857016,1.4598152878758106,-0.04786646924215911,3.9854398414525,-8.765501968503939,1.6782945214699152,0.0,0.0,0.0,0.3005014120223618,2.484624758081858,-0.034157493324111964,-224.24550359712234,0.25297276563099347,-599.2905982905984,-3.1697989906066075,-0.05242595438398931,-0.06817689900453573,-0.06520198440822111,-593.6666666666666,-4.781990521327014,-13.40258278672684,-0.05126500761689448,-0.26766985256717857,Information Technology Services,Technology,INOD
2016Q1,2016,Q1,2016-05-10,2016-03-31,3000.0,15698000.0,422000.0,0.000117,4233000.0,0.26965218499171867,52854000.0,38947000.0,39060000.0,12941000.0,17266000.0,0.0,17927000.0,57505699.99999999,37160699.99999999,1.5306347022990765,3.0183138860984466,0.09537594127218375,0.12943230544072715,-0.002556709731682768,1.5306347022990765,7.702775566795903e-05,3.663250095553573,4792.141666666666,1.4765116697049836,0.0,0.0,0.0,0.2970068490558898,2.7589058032609537,5.676013168350551e-05,99.8362847222222,0.26965218499171867,1.00585,-0.8022794262134015,0.055648448167479714,-0.024002130891425357,0.01975427607805348,1.0050590219224282,2.450171821305842,-0.9907171337533673,-0.09191091815404773,-0.2507487871957617,Information Technology Services,Technology,INOD
2015Q4,2015,Q4,2016-03-14,2015-12-31,-593000.0,15523000.0,-291000.0,-0.02,4151000.0,0.26740965019648266,51237000.0,38212000.0,37339000.0,12380000.0,16532000.0,0.0,17924000.0,72592350.0,52702350.0,1.500215931844058,3.0160743134087236,0.09793703768760856,0.13132000418716633,-0.014906885772449923,1.500215931844058,-0.015518685229770752,4.676438188494492,-30.603857504215853,1.8997265256987335,0.0,0.0,0.0,0.3029646544489334,2.7590468497576737,-0.011573667466869645,448.10092592592594,0.26740965019648266,-2.0,-1.4808235503217897,0.029578074792863545,-0.043107364330410354,-0.11360239162929746,-2.460591133004926,-1.3921832884097034,-1.8724556464639919,-0.2009352751894842,-0.26092630952749624,Information Technology Services,Technology,INOD
2015Q3,2015,Q3,2015-11-06,2015-09-30,406000.0,15135000.0,742000.0,0.02,4683000.0,0.30941526263627356,51762000.0,37450000.0,37259000.0,12387000.0,17673000.0,0.0,18517000.0,59310150.0,40454150.0,1.4712237281477116,3.0079115201420845,0.11717089756964569,0.16194926568758344,0.006348010930763506,1.4712237281477116,0.010841121495327103,3.918741328047572,36.52102832512315,1.5837156208277705,0.0,0.0,0.0,0.2923959661527762,2.7502220069427628,0.007843591824118078,36.93035491905355,0.30941526263627356,1.6666666666666667,0.29432193503162574,-0.0419147260517094,-0.04100693676824306,0.5244140625,1.5081351689612015,1.6251053074978938,-0.6921049162801023,-0.24937082690168313,-0.27769745225224424,Information Technology Services,Technology,INOD
2015Q2,2015,Q2,2015-08-07,2015-06-30,-799000.0,14063000.0,-1187000.0,-0.03,3072000.0,0.21844556637986204,52480000.0,37226000.0,36865000.0,12293000.0,18483000.0,0.0,18111000.0,66636310.0,49686310.0,1.4692347160279433,2.9988611404864556,0.12854420731707317,0.18121742867888035,-0.021218047848630947,1.4692347160279433,-0.02146349325740074,4.7384135675176,-20.84990926157697,1.7900475474130983,0.0,0.0,0.0,0.26796875,2.7256162043439356,-0.01522484756097561,-39.75913484486873,0.21844556637986204,0.5714285714285715,0.08285370415043203,-0.08302917437276719,-0.02249706206579351,0.14755323122898767,0.5657608695652174,0.17108938547486033,-1.3788568979051279,-0.3884781095318591,-0.24036949479448955,Information Technology Services,Technology,INOD
2015Q1,2015,Q1,2015-05-08,2015-03-31,-1840000.0,13802000.0,-1432000.0,-0.07,2677000.0,0.19395739747862628,52606000.0,37645000.0,36642000.0,11913000.0,18056000.0,0.0,18910000.0,66382940.0,47652940.0,1.485771796187394,3.0757995467136743,0.12719081473596167,0.17773940762385443,-0.04479429808733309,1.485771796187394,-0.048877672997742067,4.809660918707434,-9.019421195652175,1.763393279319963,0.0,0.0,0.0,0.2623655096376839,2.834046839587006,-0.03497699882142721,35.49889839572192,0.19395739747862628,-6.0,-0.3127137356525208,-0.1065736750852611,-0.05504705254009941,-0.3730679156908665,-5.548042704626335,-1.6036363636363635,-1.5175520694327183,-0.46993471668364933,-0.20723184199503775,Information Technology Services,Technology,INOD
2014Q4,2014,Q4,2015-03-13,2014-12-31,-281000.0,15892000.0,-550000.0,-0.01,4270000.0,0.26868864837654166,54861000.0,39223000.0,37935000.0,12168000.0,18587000.0,0.0,20750000.0,73984040.0,56914040.0,1.548052255594585,3.117603550295858,0.1302564663422103,0.1821890217474441,-0.008278052882369429,1.548052255594585,-0.007164163883435739,4.655426629750818,-65.82209964412812,1.8862412360094842,0.0,0.0,0.0,0.28967754871402274,2.8485371466140696,-0.005122035690198866,-51.77329601119664,0.26868864837654166,0.0,0.6335080716113457,-0.050897719396011766,-0.0414049482802251,0.0336480271120794,-0.2831050228310502,-2.5947712418300655,-1.1204731794816345,-0.34762152384101497,-0.07153715888831372,Information Technology Services,Technology,INOD
2014Q3,2014,Q3,2014-11-07,2014-09-30,-219000.0,14804000.0,-153000.0,-0.01,4131000.0,0.27904620372872196,55458000.0,38978000.0,37563000.0,12013000.0,19268000.0,0.0,21031000.0,77146700.0,58984700.0,1.5409978651063494,3.1268625655539832,0.14190919254210393,0.20190876904920724,-0.011593878073770492,1.5409978651063494,-0.00561855405613423,5.211206430694407,-88.0670091324201,1.9792370054902764,0.0,0.0,0.0,0.26694074795340617,2.8814617497710815,-0.003948934328681164,69.87925724637681,0.27904620372872196,0.6666666666666666,-1.1648127282418022,-0.24431951305145339,-0.09947846001104702,0.37929883138564274,0.669683257918552,0.8189349112426035,-1.155463407306816,-0.24861302580741157,-0.0294569259174953,Information Technology Services,Technology,INOD
2014Q2,2014,Q2,2014-08-08,2014-06-30,-663000.0,14314000.0,-845000.0,-0.03,2995000.0,0.20923571328769036,52077000.0,40963000.0,39968000.0,9869000.0,15253000.0,0.0,21250000.0,81269580.0,59230580.0,1.623004080985776,4.04985307528625,0.1164429594638708,0.1480360325171496,-0.017912640560546984,1.623004080985776,-0.016185337987940335,5.677628894788319,-30.644638009049775,1.9839752947782145,0.0,0.0,0.0,0.27486222324634674,3.7972438950248253,-0.012731148107609886,-123.13572727272727,0.20923571328769036,-5.021904761904762,-1.1988120533987217,-0.3643386539221671,0.040839573675660636,-0.20662251655629138,-4.507936507936508,-59.357142857142854,-1.8157021108684248,-0.12579718697518918,0.03598907905197815,Information Technology Services,Technology,INOD
2014Q1,2014,Q1,2014-05-05,2014-03-31,189000.0,14066000.0,-14000.0,0.007459152261425527,3775000.0,0.26837764822977395,52279000.0,40880000.0,39997000.0,9806000.0,15250000.0,0.0,21913000.0,72860580.0,50018580.0,1.632718268232287,4.078829288190904,0.12077507220872626,0.15445205479452054,-0.00615078542711485,1.632718268232287,0.004623287671232877,5.179907578558225,96.37642857142858,1.7823038160469669,0.0,0.0,0.0,0.26905640888310794,3.840199877625943,0.003615218347711318,20.437750350631138,0.26837764822977395,-0.7513615912858157,-0.9491185907891938,-0.37839135808551516,0.16176498418745222,-0.160364768683274,-0.78125,-1.0813953488372092,11.658878504672897,-0.038723286037506535,0.0410906980325267,Information Technology Services,Technology,INOD
2013Q4,2013,Q4,2014-03-14,2013-12-31,864000.0,15440000.0,172000.0,0.03,4496000.0,0.2911917098445596,49997000.0,39973000.0,38580000.0,9736000.0,13673000.0,0.0,21724000.0,61379850.00000001,40725850.00000001,1.5955374605835628,3.9626129827444534,0.08196491789507371,0.10251920046031071,0.012026048875677884,1.5955374605835628,0.0216145898481475,3.9753788860103634,17.760373263888887,1.5355327345958523,0.0,0.0,0.0,0.30881852911174673,3.7621199671322927,0.017281036862211732,-52.55124143835617,0.2911917098445596,1.0638297872340425,-0.8515347783725788,-0.27070832993187693,0.27577458670882604,0.19162470182878347,1.0738966814916182,1.0299495037436879,-0.2877523295932819,0.04115929702502814,0.017692195876553587,Information Technology Services,Technology,INOD
2013Q3,2013,Q3,2013-11-12,2013-09-30,-11692000.0,15746000.0,-5743000.0,-0.47,3773000.0,0.23961641051695667,50305000.0,37877000.0,39309000.0,11759000.0,15743000.0,0.0,20860000.0,64887270.0,43894270.0,1.5118748253702152,3.34288629985543,0.08172149885697247,0.10853552287667978,-0.2844562716294483,1.5118748253702152,-0.3086833698550572,4.120873237647657,-1.3874287974683543,1.7131047865459248,0.0,0.0,0.0,0.313010635125733,3.1485670550216853,-0.23242222443097107,-94.03952173913044,0.23961641051695667,-95.86727122835943,-11.161050918622916,-0.17296042802175993,0.5642678112554071,0.37650492520977746,-95.62809917355372,-2.553836633663366,-38.87201803103937,0.012757224176593496,-0.014509185608246362,Information Technology Services,Technology,INOD
2013Q2,2013,Q2,2013-08-08,2013-06-30,-121000.0,16160000.0,-1616000.0,-0.004852,2741000.0,0.16961633663366338,64850000.0,49715000.0,41658000.0,13059000.0,16926000.0,0.0,32552000.0,79808000.0,59644000.0,1.993384121892542,3.189983919136228,0.06499614494988434,0.08478326460826713,-0.009010805552656969,1.993384121892542,-0.0024338730765362565,4.938613861386139,-164.8925619834711,1.6053102685306246,0.0,0.0,0.0,0.24919043947571318,2.913699364423003,-0.0018658442559753277,-22.66628798636751,0.16961633663366338,-1.4852,-4.3152900294039025,-0.10801929106632642,1.232212736642231,-0.3334143968871595,-1.3829113924050633,-2.15625,0.8588970967392681,0.07047773879981913,0.32622705843026045,Information Technology Services,Technology,INOD
2013Q1,2013,Q1,2013-05-06,2013-03-31,316000.0,16903000.0,-512000.0,0.01,4112000.0,0.2432704253682778,65982000.0,50827000.0,44792000.0,12770000.0,16581000.0,0.0,32672000.0,83596800.0,60717800.0,2.0428858520900324,3.5075959279561473,0.06468430784153253,0.08397111771302654,0.002388077436453937,2.0428858520900324,0.006217168040608338,4.945678281961782,66.13670886075948,1.6447321305605287,0.0,0.0,0.0,0.2561759267679064,3.209005481597494,0.004789184929223121,37.656216216216215,0.2432704253682778,-0.6666666666666666,-0.6230268313113025,-0.08711866524535167,1.0955196368532532,-0.2986525669452499,-0.5240963855421686,-41.666666666666664,1.2295853143521953,0.11425689113613248,0.2992782688500635,Information Technology Services,Technology,INOD
2012Q4,2012,Q4,2013-03-15,2012-12-31,664000.0,18978000.0,-12000.0,0.03,5863000.0,0.3089366635051112,66181000.0,50509000.0,46498000.0,13714000.0,17270000.0,0.0,32356000.0,94057740.0,72824740.0,2.0298597436000483,3.3905498031208983,0.06334144240794186,0.08299510978241502,-0.0007314961031022363,2.0298597436000483,0.013146171969351996,4.956146063863421,35.413305722891565,1.8621976281454788,0.0,0.0,0.0,0.28675903960351157,3.123304652180254,0.010033091068433538,26.889005145797597,0.3089366635051112,-0.4000000000000001,-0.704409899980655,-0.08092155833826369,1.1604069005926643,-0.05450733752620545,-0.4848719937936385,-1.012396694214876,1.8818173217323741,0.1540838263545609,0.2569430384976364,Information Technology Services,Technology,INOD
2012Q3,2012,Q3,2012-11-07,2012-09-30,1289000.0,19710000.0,968000.0,0.05,6201000.0,0.31461187214611874,65725000.0,50683000.0,46747000.0,13670000.0,17081000.0,0.0,31692000.0,102766790.0,81544790.0,2.0368524695575294,3.4196781272860277,0.009159376188664891,0.011877749935875934,0.015333810021450966,2.0368524695575294,0.02543259080954166,5.21394165398275,19.93149534522886,2.0276382613499595,0.0,0.0,0.0,0.299885888170407,3.114923189465984,0.019612019779383795,59.12933831990794,0.31461187214611874,-0.375,-0.40918281481684166,0.053435137641648874,1.4441824331244015,-0.23576534385013556,-0.38266283524904215,-0.4979253112033195,-0.013915060755942852,0.022728905427187324,0.19028686810650583,Information Technology Services,Technology,INOD
2012Q2,2012,Q2,2012-08-07,2012-06-30,2088000.0,22768000.0,1928000.0,0.08,8114000.0,0.3563773717498243,64380000.0,48518000.0,46100000.0,14117000.0,17476000.0,0.0,30403000.0,171581400.0,154641400.0,1.9341439107036078,3.2655663384571794,0.009102205653929793,0.012077991673193454,0.030190756902274483,1.9341439107036078,0.04303557442598623,7.536076950105411,20.54375,3.5364483284554185,0.0,0.0,0.0,0.353650201926064,2.993270524899058,0.032432432432432434,2767.441935483871,0.3563773717498243,-0.38461538461538464,1.312964875340316,0.3299417790364903,1.3848733189068014,-0.10153914295205403,-0.3916083916083916,-0.46901679977967503,-0.37003312333571475,0.017296877236301095,0.2403748992555745,Information Technology Services,Technology,INOD
2012Q1,2012,Q1,2012-05-04,2012-03-31,3432000.0,25136000.0,3631000.0,0.13,9031000.0,0.3592854869509866,63120000.0,45840000.0,46105000.0,15230000.0,18459000.0,0.0,28315000.0,131834009.99999999,117273009.99999999,1.8741567521157856,3.027248850952068,0.009299746514575411,0.01280541012216405,0.05545522276490106,1.8741567521157856,0.07486910994764398,5.244828532781667,9.603293269230768,2.8759600785340314,0.0,0.0,0.0,0.3982256020278834,2.765068942875903,0.054372623574144484,23.449663820704373,0.3592854869509866,0.44444444444444453,6.216804050222238,0.9300568409101047,1.4343162899255621,0.07040417209908735,0.5098988121425428,0.714353163361662,-0.054186422727333546,0.13711276872220793,0.33356117332107516,Information Technology Services,Technology,INOD
2011Q4,2011,Q4,2012-02-28,2011-12-31,2273000.0,23739000.0,2118000.0,0.09,8437000.0,0.35540671468890855,59397000.0,41168000.0,43841000.0,15693000.0,18790000.0,0.0,24883000.0,97282540.0,89473540.0,1.6673281762585557,2.793665965717199,0.0,0.0,0.04463678793360916,1.6673281762585557,0.05521278663039254,4.098004970723283,10.699795424549054,2.363062087057909,0.0,0.0,0.0,0.3996666498307995,2.48027783088001,0.03826792598952809,-14.056139286230314,0.35540671468890855,0.5,3.6546858861902227,1.1792231818403371,1.0968566143214808,0.31540380417835984,0.6518895348837209,0.19323943661971832,-0.6036932375005793,0.13772535430756797,0.33317767054886105,Information Technology Services,Technology,INOD
2011Q3,2011,Q3,2011-11-02,2011-09-30,1376000.0,19245000.0,1775000.0,0.06,6414000.0,0.3332813717848792,54860000.0,39229000.0,38982000.0,12890000.0,15872000.0,0.0,22610000.0,72885650.0,63588650.0,1.5877686485611364,3.0242048099301786,0.0,0.0,0.027473134409329567,1.5877686485611364,0.0350760916668791,3.7872512340867757,13.242305595930233,1.8579532998546995,0.0,0.0,0.0,0.3508020415603354,2.602792862684251,0.025082026977761573,-35.1425506268081,0.3332813717848792,1.0,1.6099316410922533,0.8012734245355566,0.8544915738864227,0.31246163290362183,0.7050805452292441,1.1752450980392157,0.2125732355772834,0.024975964913267173,0.6427916828739431,Information Technology Services,Technology,INOD
2011Q2,2011,Q2,2011-08-08,2011-06-30,807000.0,16257000.0,816000.0,0.03,4887000.0,0.3006089684443624,53126000.0,39258000.0,35382000.0,10753000.0,13917000.0,0.0,21234000.0,66406350.0,58016350.0,1.5666227702621813,3.290430577513252,0.0,0.0,0.01597917226622819,1.5666227702621813,0.02055631973101024,4.084785015685551,20.571979553903343,1.6915367568393702,0.0,0.0,0.0,0.30600835748974137,2.8365107411885053,0.015190302300191996,-126.24781368821293,0.3006089684443624,49.82799999999999,1.2627702281153064,0.6074905892600612,0.6414477649008292,0.21325719960278053,52.8,33.64,21.00606568498344,-0.10692645602600585,0.754320837056157,Information Technology Services,Technology,INOD
2011Q1,2011,Q1,2011-05-02,2011-03-31,15000.0,14701000.0,-25000.0,0.0005902258597623358,4028000.0,0.27399496632882114,52163000.0,39450000.0,35759000.0,10286000.0,12713000.0,0.0,20427000.0,60497774.99999999,48248774.99999999,1.5682766845557543,3.4764728757534513,0.0,0.0,-0.0001131631359768242,1.5682766845557543,0.00038022813688212925,4.1152149513638525,1008.29625,1.5335304182509504,0.0,0.0,0.0,0.2818281157142036,3.0069998055609566,0.00028756014799762286,92.36301526717556,0.27399496632882114,-0.9878102368618049,1.0106470639833922,0.3656086101851554,0.45623960899190347,0.23672090881179,-0.9876847290640394,0.9478079331941545,-0.9823013284025596,-0.21472193271283257,0.6086824357530792,Information Technology Services,Technology,INOD
2010Q4,2010,Q4,2011-02-28,2010-12-31,1218000.0,14890000.0,-479000.0,0.04841979725700656,3257000.0,0.21873740765614508,52247000.0,39438000.0,36807000.0,10719000.0,12809000.0,0.0,20412000.0,71943300.0,59883300.0,1.567799642218247,3.4338091239854465,0.0,0.0,0.04250976215832446,1.567799642218247,0.0308839190628328,4.8316521155137675,14.766687192118225,1.8242126882701961,0.0,0.0,0.0,0.28499243975730665,2.927885063905215,0.023312343292437844,275.6448275862069,0.21873740765614508,3.841979725700656,3.08543546142946,0.2810314724977092,0.40519612148247675,-0.2747717657537297,2.891373801916933,-2.0126849894291756,-0.4636509554739112,-0.28669502581097167,0.6686301486958217,Information Technology Services,Technology,INOD
2010Q3,2010,Q3,2010-10-26,2010-09-30,313000.0,15763000.0,473000.0,0.01,4491000.0,0.2849076952356785,52410000.0,38967000.0,39120000.0,11520000.0,13443000.0,0.0,19194000.0,70104000.0,55077000.0,1.5341338582677166,3.3958333333333335,0.0,0.0,0.007278434930745505,1.5341338582677166,0.008032437703698,4.447376768381654,55.993610223642165,1.7990607437062127,0.0,0.0,0.0,0.3007632131272658,2.930642361111111,0.005972142720854798,35.84049079754601,0.2849076952356785,1.3333333333333335,1.3262382452193475,0.49020214762208314,0.33622389933718055,0.3696248856358646,1.3581235697940504,1.9633401221995928,-0.859455594646414,-0.1746672579341409,0.8409301029317411,Information Technology Services,Technology,INOD
2010Q2,2010,Q2,2010-07-27,2010-06-30,-874000.0,15386000.0,-491000.0,-0.03,3279000.0,0.21311581957623815,50393000.0,38206000.0,39376000.0,10415000.0,12187000.0,0.0,18881000.0,65326829.99999999,47775829.99999999,1.503048900428813,3.780700912145943,0.011350782846823964,0.014971470449667592,-0.02336418220897782,1.503048900428813,-0.02287598806470188,4.24586182243598,-18.68616418764302,1.7098578757263256,0.0,0.0,0.0,0.30532018335879985,3.3744599135861737,-0.01734367868553172,53.06809910641754,0.21311581957623815,0.5,-0.5231925310899574,0.3712242479738884,0.2548967981379813,0.024047470331043097,0.37749287749287747,0.4737406216505895,-1.9554448418975923,-0.11307046178634331,0.8533167050330156,Information Technology Services,Technology,INOD
2010Q1,2010,Q1,2010-05-03,2010-03-31,-1404000.0,15474000.0,-933000.0,-0.06,3202000.0,0.20692774977381415,52220000.0,39904000.0,42511000.0,10643000.0,12316000.0,0.0,19755000.0,102784950.0,78961950.0,1.5723235746089286,3.994268533308278,0.013806970509383377,0.018068364073777064,-0.0330037556696341,1.5723235746089286,-0.03518444266238974,6.642429236138038,-18.302163461538463,2.5758056836407377,0.0,0.0,0.0,0.29632324779777863,3.4079676782861976,-0.026886250478743778,-222.47824675324676,0.20692774977381415,-0.982734375,-5.198315279493316,0.23637904594233464,0.31700237103917317,0.1780721118469463,-0.828125,0.7064191315292637,-1.0567833326398546,0.14509288305480283,1.0422693493399102,Information Technology Services,Technology,INOD
2009Q4,2009,Q4,2010-03-11,2009-12-31,-768000.0,16772000.0,-3178000.0,-0.030261239607549548,2718000.0,0.1620558072978774,53565000.0,40985000.0,43883000.0,11294000.0,12580000.0,0.0,21159000.0,140599660.0,116209660.0,1.6149178454627842,3.8855144324420046,0.0,0.0,-0.018768091037126608,1.6149178454627842,-0.01873856288886178,8.382999046029097,-45.76811848958334,3.4305150664877395,0.0,0.0,0.0,0.313114907122188,3.384186293607225,-0.014337720526463175,-113.20423510466989,0.1620558072978774,-1.605224792150991,-1.6259414657565239,0.10988118662997748,0.37053898460545454,-0.5239096163951655,-1.5925925925925926,-2.6239141543178333,0.12735199751739512,0.49791895734842023,1.03094460590422,Information Technology Services,Technology,INOD
2009Q3,2009,Q3,2009-11-05,2009-09-30,1296000.0,19107000.0,1957000.0,0.05,5709000.0,0.2987910189982729,56650000.0,42216000.0,46169000.0,11125000.0,14434000.0,0.0,22853000.0,196126500.0,170369500.0,1.7112282124037292,4.150022471910113,0.0,0.0,0.03060542723731848,1.7112282124037292,0.030699260943718023,10.264641230962475,37.83304398148148,4.645785957930642,0.0,0.0,0.0,0.33728155339805826,3.665438202247191,0.02287731685789938,93.84043062200956,0.2987910189982729,-0.6153846153846154,-0.6202795495448068,0.09068486084501506,0.5291899109925992,-0.23224852071005916,-0.5955056179775281,-0.5524811342327921,1.5753320884860487,0.7910392176732872,0.9986906176635272,Information Technology Services,Technology,INOD
2009Q2,2009,Q2,2009-08-06,2009-06-30,3204000.0,21635000.0,4373000.0,0.13,7436000.0,0.34370233418072565,52976000.0,37812000.0,42526000.0,11741000.0,15164000.0,0.0,21557000.0,106210620.0,85305620.0,1.5593220338983051,3.62200834681884,0.016328148595590456,0.022876335554850313,0.07994028623637972,1.5593220338983051,0.08473500476039353,4.90920360526924,8.287345505617978,2.8089130434782605,0.0,0.0,0.0,0.40839247961340985,3.176475598330636,0.060480217456961645,17.32353938998532,0.34370233418072565,-0.13333333333333328,0.8554218436479922,0.5993044793957579,0.5985920300299972,-0.14577828834003445,-0.10527785534766824,-0.14221263240486465,2.0781148631726327,1.2107255753600425,0.6337983309630031,Information Technology Services,Technology,INOD
2009Q1,2009,Q1,2009-05-07,2009-03-31,3581000.0,21815000.0,5098000.0,0.15,8705000.0,0.39903735961494385,47896000.0,33923000.0,37335000.0,10410000.0,13973000.0,0.0,18353000.0,84241620.0,70001620.0,1.4053774132073908,3.586455331412104,0.0,0.0,0.10529409563833589,1.4053774132073908,0.1055625976476137,3.861637405454962,5.8811519128734995,2.483318692332636,0.0,0.0,0.0,0.4554660096876566,3.051488952929875,0.07476616001336228,28.575854816824965,0.39903735961494385,-0.3542536115569824,0.5657189111327813,0.6319303213017976,0.5794217465176186,0.18709941360970953,-0.3613340467273052,0.710738255033557,3.648902447627479,1.111823531466068,0.3049777981459403,Information Technology Services,Technology,INOD
2008Q4,2008,Q4,2009-03-11,2008-12-31,5607000.0,20398000.0,2980000.0,0.23228933631618195,7333000.0,0.3594960290224532,45385000.0,30188000.0,34253000.0,11446000.0,15197000.0,0.0,14772000.0,60345000.0,49060000.0,1.2506421410224542,2.9925738249170015,0.0,0.0,0.1833366813853676,1.2506421410224542,0.18573605406121638,2.9583782723796452,2.690609951845907,1.9989731018947927,0.0,0.0,0.0,0.44944364878263743,2.436833828411672,0.12354302082185745,207.37113402061857,0.3594960290224532,3.6457867263236388,5.9471600964752405,0.7143243801855866,0.5774589910207374,0.43390692217442317,4.060469314079422,0.9225806451612903,11.004676737789966,0.8288400678538743,0.12093244481213707,Information Technology Services,Technology,INOD
2008Q3,2008,Q3,2008-11-06,2008-09-30,1108000.0,18333000.0,1550000.0,0.05,5114000.0,0.2789505263732068,39112000.0,23316000.0,28170000.0,11729000.0,15796000.0,0.0,9165000.0,62722400.0,52471400.0,0.9665063836842978,2.4017392787108873,0.02334321947228472,0.03915765997598216,0.039301232597321975,0.9665063836842978,0.04752101561159719,3.421284023345879,14.15216606498195,2.6901012180476926,0.0,0.0,0.0,0.46873082429944773,2.126779776622048,0.028328901615872367,-111.20992907801418,0.2789505263732068,34.28888888888889,-0.334394109183091,0.4672362389279138,0.30021633187309466,0.2649023002720752,29.77777777777778,25.724137931034484,2.2159471303029585,0.8248377001813494,-0.15817715528475124,Information Technology Services,Technology,INOD
2008Q2,2008,Q2,2008-08-07,2008-06-30,36000.0,17870000.0,58000.0,0.0014168765743073047,4043000.0,0.22624510352546168,38639000.0,21968000.0,27131000.0,12472000.0,16671000.0,0.0,8057000.0,68880000.0,57547000.0,0.8930081300813009,2.17535279025016,0.1017107067988302,0.1788965768390386,0.0007465183926686746,0.8930081300813009,0.0016387472687545521,3.854504756575266,478.3333333333333,3.1354697742170425,0.0,0.0,0.0,0.4624860891845027,1.9291212315586914,0.0009317011309816507,68.33333333333333,0.22624510352546168,-0.9527707808564232,1.049392544868845,0.9356245105400408,0.3210194004772382,-0.18912956277577217,-0.9567827130852341,-0.9230769230769231,1.0648289852337596,0.6456241908116411,-0.25442675695348377,Information Technology Services,Technology,INOD
2008Q1,2008,Q1,2008-05-08,2008-03-31,833000.0,18400000.0,754000.0,0.03,4986000.0,0.2709782608695652,40259000.0,24103000.0,28630000.0,11704000.0,16156000.0,0.0,8021000.0,105571479.99999999,93733479.99999999,0.9748827050639055,2.4461722488038276,0.10469708636578157,0.17487449695058707,0.027382226023843843,0.9748827050639055,0.03456001327635564,5.737580434782608,31.684117647058823,4.3800141061278675,0.0,0.0,0.0,0.4570406617153928,2.2075358851674642,0.020691025609180555,80.16057706909642,0.2709782608695652,-0.6676881720430108,1.6488956316730414,1.3978682265315958,0.44559945114484506,-0.22793434499845153,-0.6267921146953405,-0.5626450116009281,1.5568703909217965,0.5091160477805448,-0.18342327572517234,Information Technology Services,Technology,INOD
2007Q4,2007,Q4,2008-03-13,2007-12-31,2232000.0,20517000.0,1724000.0,0.09027665426306423,6458000.0,0.3147633669639811,38449000.0,23230000.0,28196000.0,11867000.0,15219000.0,0.0,7188000.0,132273399.99999999,120020399.99999999,0.9395728846464974,2.376000674138367,0.06496917995266457,0.10753336203185536,0.07863482273176703,0.9395728846464974,0.09608265174343521,6.447014670760832,14.815568996415768,5.6940766250538095,0.0,0.0,0.0,0.5336159588025696,2.1805848150332854,0.05805092460142006,49.3373368146214,0.3147633669639811,0.12845817828830292,1.9734257348003243,1.8868031992377938,0.29364020523362555,0.14706927175843695,0.05531914893617021,-0.16995666827154549,0.8673359725462082,0.3936742160429156,-0.20260880706460435,Information Technology Services,Technology,INOD
2007Q3,2007,Q3,2007-11-15,2007-09-30,2115000.0,18138000.0,2077000.0,0.08,5630000.0,0.3103980593229684,35004000.0,20102000.0,25789000.0,12126000.0,14902000.0,0.0,4956000.0,94558240.0,84320240.0,0.833347151977448,2.1267524327890484,0.0541366700948463,0.09426922694259278,0.08751203305271052,0.833347151977448,0.10521341160083574,5.213267173889073,11.177096926713947,4.703921997811163,0.0,0.0,0.0,0.5181693520740487,1.933778657430315,0.060421666095303396,98.70379958246346,0.3103980593229684,1.6666666666666667,1.755864402891016,1.2453482718686193,0.027407173469813865,0.2862691341101211,1.4535962877030162,1.5084541062801933,-0.3662394617029349,0.058892848775927036,-0.25530326818988075,Information Technology Services,Technology,INOD
2007Q2,2007,Q2,2007-08-13,2007-06-30,862000.0,16347000.0,828000.0,0.03,4377000.0,0.2677555514773353,32986000.0,19426000.0,24886000.0,11107000.0,13560000.0,0.0,2841000.0,95812000.0,86329000.0,0.8110048845656076,2.2405690105338976,0.05229491299339113,0.08879851745083908,0.03540901099737395,0.8110048845656076,0.04437352002470915,5.861136599987765,27.7877030162413,4.932152784927418,0.0,0.0,0.0,0.49557387982780576,2.048527955343477,0.026132298550900383,-85.93004484304933,0.2677555514773353,2.0,1.8640916975573274,0.4180011223490549,-0.11436477774911692,0.6301675977653631,2.3405909797822706,2.0894736842105264,-0.49465107914116635,0.2233373507658585,-0.16857075280286188,Information Technology Services,Technology,INOD
2007Q1,2007,Q1,2007-05-15,2007-03-31,-643000.0,12729000.0,-760000.0,-0.03,2685000.0,0.2109356587320292,30629000.0,18405000.0,23287000.0,10070000.0,12224000.0,0.0,1979000.0,68849280.0,57916280.0,0.7698904040826571,2.312512413108242,0.04992001044761501,0.08307525129041021,-0.03934975789286024,0.7698904040826571,-0.03493615865254007,5.4088522271977375,-26.76877138413686,3.7407921760391196,0.0,0.0,0.0,0.4155865356361618,2.1268123138033763,-0.020993176401449605,-70.54229508196721,0.2109356587320292,0.134885404101327,-3.3742425322223983,-0.0903729623088113,-0.19865347595239746,0.2459396751740139,0.2243667068757539,0.40578577013291633,-1.2838669403883158,-0.03853152576471656,-0.13476505654930182,Information Technology Services,Technology,INOD
