Quarters,Year,Quarter,FillingDate,Date,NetIncome,Revenue,OperatingIncome,EPSDiluted,GrossProfit,GrossProfitRatio,TotalAssets,CommonStockEquity,CurrentAssets,CurrentLiability,TotalLiability,Inventory,RetainedEarnings,MarketCap,EnterpriseValue,bookValuePerShare,currentRatio,debtToAssets,debtToEquity,roic,shareholdersEquityPerShare,roe,priceToSalesRatio,peRatio,pbRatio,payoutRatio,inventoryTurnover,dividendYield,assetTurnover,quickRatio,returnOnAssets,priceToFreeCashFlowsRatio,grossProfitMargin,epsdilutedGrowth,fiveYNetIncomeGrowthPerShare,fiveYRevenueGrowthPerShare,fiveYShareholdersEquityGrowthPerShare,grossProfitGrowth,netIncomeGrowth,operatingIncomeGrowth,threeYNetIncomeGrowthPerShare,threeYRevenueGrowthPerShare,threeYShareholdersEquityGrowthPerShare,Industry,Sector,Symbol
2023Q1,2023,Q1,2023-03-15,2023-03-31,37407000.0,990792000.0,35332000.0,0.18,132938000.0,0.1341734693,2701604000.0,354382000.0,644122000.0,757775000.0,2346197000.0,55263000.0,422321000.0,1623683941.95,3015302941.95,1.682769133455,0.8500174854013395,0.6007594007115773,4.579843220028105,0.007978049427212126,1.682769133455,0.10555558690904165,1.6387737708318195,10.851471261729088,4.581733671433651,,15.523116732714474,,0.3667421280098786,0.5024512553198509,0.013846218764852288,0.0,0.13417346930536378,-0.30769230769230776,73.39098147885481,0.2009321563878599,-0.21257620522838905,-0.1256379900026309,-0.31353226161638403,-0.566558302152978,1.711918488685668,0.5980392464038439,0.35212747454691706,Restaurants,Consumer Cyclical,ARCO
2022Q4,2022,Q4,2022-12-31,2022-12-31,54492000.0,1018623000.0,81515000.0,0.26,152040000.0,0.149260325,2636630000.0,323623000.0,684363000.0,759412000.0,2312203000.0,50088000.0,424936000.0,1760570396.1999998,3055240396.2,1.5367112191818644,0.901174856336218,0.5922738495731293,4.825389419169836,0.02195678672040373,1.5367112191818644,0.16838111011887288,1.7283827247175843,8.077196635285913,5.4401893443914675,0.11598032738750642,17.301209870627694,0.0035897456947140737,0.3863352082013783,0.5997521766840661,0.020667291201268284,103.81333782652278,0.14926032496811872,0.18181818181818185,-0.1896508330063408,0.16997295574040017,-0.32739291502173756,0.18311700438883183,0.16269443318326327,0.10283572800822578,0.6466581439639024,0.3448587488672578,-0.23465072691416353,Restaurants,Consumer Cyclical,ARCO
2022Q3,2022,Q3,2022-09-30,2022-09-30,46867000.0,921703000.0,73914000.0,0.22,128508000.0,0.1394245218,2449716000.0,241583000.0,661773000.0,684139000.0,2207512000.0,0.0,370444000.0,1535234233.05,2803671233.05,1.1471474724096011,0.9673078131783162,0.6362443646528823,6.451687411779802,0.016865918441873923,1.1471474724096011,0.19399957778486068,1.6656495997626133,8.189313552446285,6.354893486089667,0.1797426760833849,0.0,0.005487110578080527,0.3762489202830042,0.6011015305369231,0.01913160545957164,26.272961512989013,0.1394245217819623,2.1884057971014492,1.062791502681443,0.12702991213708717,-0.42702804213576456,0.14982597102797884,2.2364477591326564,0.2187778254130528,0.8125895885772393,0.22790565170181007,-0.3554884129175987,Restaurants,Consumer Cyclical,ARCO
2022Q2,2022,Q2,2022-06-30,2022-06-30,14481000.0,887895000.0,60646000.0,0.069,111763000.0,0.125874118,2402691000.0,213735000.0,541823000.0,628108000.0,2188453000.0,39981000.0,323577000.0,1419407233.3,2696268233.3,1.0149123283321513,0.8626271278187827,0.6463332155487327,7.265721571104405,0.01138218013989191,1.0149123283321513,0.06775212295599692,1.5986205951154133,24.504648043988674,6.640967709079,0.581727781230578,19.412520947450037,0.005934871827033686,0.369541901143343,0.6360673642112503,0.006026992234956555,33.3538686272206,0.12587411799818674,-0.42499999999999993,4.627791107614781,0.14518549296327463,-0.4650191257558536,0.1143537998285042,-0.4120345933655447,0.25439013796099036,0.31241553867582694,0.22508934165022462,-0.44020926554741935,Restaurants,Consumer Cyclical,ARCO
2022Q1,2022,Q1,2022-03-31,2022-03-31,24629000.0,790681000.0,48347000.0,0.12,100294000.0,0.1268450867,2481844000.0,238785000.0,534490000.0,635714000.0,2242317000.0,39493000.0,309096000.0,1711188757.8600001,3044093757.86,1.1344873796551838,0.8407711643915345,0.6447750140621248,6.701555792868061,0.010568630943292875,1.1344873796551838,0.10314299474422597,2.1641961269589127,17.36965323257136,7.1662322083045416,0.3418327987332007,17.481249841744106,0.004919971546872911,0.3185860996903915,0.6183378059945196,0.009923669658528094,164.96565678781454,0.1268450867037402,-0.4545454545454546,-0.3758452716155528,0.04106140931679779,-0.41299301359329565,-0.22560669585292595,-0.46043464925732813,-0.3783095657541116,1.0171817720981915,0.07769257233129666,-0.34810969314686263,Restaurants,Consumer Cyclical,ARCO
2021Q4,2021,Q4,2021-12-31,2021-12-31,45646000.0,780293000.0,77767000.0,0.22,129513000.0,0.1659799588,2361257000.0,220430000.0,540116000.0,617863000.0,2140095000.0,37800000.0,316180000.0,1227088617.26,2478455617.26,1.0472812492300276,0.8741678980615444,0.6480433938364185,6.941872703352538,0.02032931634764729,1.0472812492300276,0.2070770766229642,1.572599801946192,6.720679891228147,5.566794979177063,0.0,17.216402116402115,0.0,0.33045661696291423,0.6199448745110162,0.01933122908688042,15.82074491709858,0.16597995881034433,0.8333333333333334,1.220571234763988,-0.00530140096350397,-0.3537990248143931,0.2595722746856248,0.8476421776968225,0.5325660682261593,3.978842932301548,0.043571412738252734,-0.433999049066938,Restaurants,Consumer Cyclical,ARCO
2021Q3,2021,Q3,2021-09-30,2021-09-30,24705000.0,725836000.0,50743000.0,0.12,102823000.0,0.14166147724830402,2247832000.0,186069000.0,426731000.0,498403000.0,2061083000.0,0.0,270619000.0,1077649008.64,2442608008.6400003,0.8840292825975684,0.8561966922349986,0.6992795724947416,8.447742504124815,0.021041565056056023,0.8840292825975684,0.13277332602421682,1.4847004125449828,10.905171105444243,5.791663354132069,0.0008500303582270795,0.0,1.948686430519909e-05,0.32290491460215887,0.5667020463359972,0.010990590044095822,13.740790909253192,0.14166147724830402,4.999999999999999,14.860484639451556,-0.03714201305263789,-0.43244819517437466,0.8570835139430718,4.008108655990269,1.8480103272155806,-0.03293501632708228,0.02083388028513831,-0.5340500404292753,Restaurants,Consumer Cyclical,ARCO
2021Q2,2021,Q2,2021-06-30,2021-06-30,4933000.0,592696000.0,17817000.0,0.02,55368000.0,0.09341719869882706,2278993000.0,175424000.0,389257000.0,473478000.0,2103013000.0,30934000.0,245935000.0,1238157506.1011,2692589506.1011,0.8339230804741334,0.8221226751823738,0.7092163073778638,9.213670877417002,0.0022121099697251833,0.8339230804741334,0.02812043962057643,2.0890262564638533,62.74870799214981,7.058085017449723,0.0,17.37014288485162,0.0,0.26006924988361085,0.5694245561567802,0.0021645525019164166,-525.0880008910517,0.09341719869882706,1.144898136609963,-0.883058534444564,-0.1121854326969329,-0.4646388790750767,0.522981708155687,1.1660216067041362,3.6170681551116335,-0.5258334246783565,-0.16979371896292744,-0.5452522597535493,Restaurants,Consumer Cyclical,ARCO
2021Q1,2021,Q1,2021-03-31,2021-03-31,-29713000.0,561116000.0,-6808000.0,-0.138028,36355000.0,0.06479052459740944,2173146000.0,161897000.0,359525000.0,447371000.0,2010740000.0,31081000.0,261182000.0,1054981004.9093,1737343004.9092999,0.7701064865806267,0.8036394849017929,0.3822357080472274,5.1307559744776,-0.003825843292424497,0.7701064865806267,-0.18353026924526086,1.8801477856794317,-8.876426184744892,6.516371550487656,0.0,16.88365882693607,0.0,0.2582044648633824,0.5384256020171178,-0.013672804312273542,-99.65813384746835,0.06479052459740944,-2.2727222432250507,-2.9039246016676716,-0.12290915420596253,-0.43691054406657254,-0.5329222072332498,-2.3483844617897986,-1.3134726954599871,-60.1933623297584,-0.31868534160982975,-0.6396414933066242,Restaurants,Consumer Cyclical,ARCO
2020Q4,2020,Q4,2021-04-29,2020-12-31,22036000.0,607393000.0,21718000.0,0.108451,77835000.0,0.12814602736613692,2293954000.0,197546000.0,415531000.0,503471000.0,2095938000.0,0.0,290895000.0,1042555834.0672001,1724502834.0672002,0.9396812057327698,0.8253325414969284,0.3696394958224969,4.292347098903546,0.009149101826097425,0.9396812057327698,0.11154870258066475,1.7164436107548162,11.827870689635143,5.277534518882691,0.0,0.0,0.0,0.2647799389176941,0.5168877651344368,0.009606121134076795,23.336448440228317,0.12814602736613692,1.77465,3.086192240432229,-0.182714952024123,-0.2896946112482049,1.4786637793771098,1.744157773875456,6.350578960335058,-0.6717296760486784,-0.3011378090579906,-0.5887085167938909,Restaurants,Consumer Cyclical,ARCO
2020Q3,2020,Q3,2020-09-30,2020-09-30,-29612000.0,466799000.0,-4059000.0,-0.14,31402000.0,0.06727092388801176,2148436000.0,155261000.0,361151000.0,465389000.0,1992810000.0,28953000.0,268858000.0,844644292.7276,1547541292.7276,0.7430483408267181,0.7760196308894279,0.3907042146007607,5.406399546569969,-0.0030261271735763265,0.7430483408267181,-0.19072400667263512,1.8094389506567066,-7.130929122717142,5.440157494332769,0.0,15.038061686181052,0.0,0.2172738680603006,0.4940469155910432,-0.013783049623074646,0.0,0.06727092388801176,0.6733093760209081,0.14634822854786553,-0.3585955396176134,-0.4685001956036743,1.944705174488568,0.6693022424729742,0.9474753487409094,-2.3135836279052797,-0.4247241193915594,-0.6288656228854599,Restaurants,Consumer Cyclical,ARCO
2020Q2,2020,Q2,2020-07-06,2020-06-30,-89544000.0,292524000.0,-77278000.0,-0.42854,-33240000.0,-0.1136317020141937,2146380000.0,166336000.0,319513000.0,592147000.0,1979653000.0,0.0,0.0,851811326.1592,1450850326.1592,0.7960510934475045,0.5395839208845101,0.0,0.0,-0.08949973343123611,0.7960510934475045,-0.5383320507887649,2.911936545921702,-2.378192079199053,5.121028076659292,-0.1139551505405164,0.0,0.011979178588772269,0.13628714393537025,0.2062038649186773,-0.041718614597601546,-24.981269463288168,-0.1136317020141937,-0.6940683493763958,-14.293141914216939,-0.6010394343718554,-0.5511087765611322,-1.8427991886409736,-0.7110754414125201,-9.83083391730904,-21.609034492727243,-0.6197427193376155,-0.580385321936715,Restaurants,Consumer Cyclical,ARCO
2020Q1,2020,Q1,2020-04-01,2020-03-31,-52332000.0,617504000.0,-7135000.0,-0.252965,39440000.0,0.06387003161113126,2216543000.0,261035000.0,351406000.0,557259000.0,1955117000.0,31125000.0,396083000.0,681608680.7172999,1353458680.7173,1.244534383874477,0.6305972626731915,0.36719025978742575,3.117945869327868,-0.003966016156850929,1.244534383874477,-0.20047886298772194,1.1038125756550563,-3.256175383691145,2.61117735444404,0.0,18.57233734939759,0.0,0.2785887754038609,0.3920869828930533,-0.023609738227501113,-7.00630807130904,0.06387003161113126,-2.58103125,-0.9094000713134349,-0.179285319905874,-0.2992793671022987,-0.6427439151426216,-2.5877908917139476,-1.1176907216494845,-2.3308476720830047,-0.1841123660846137,-0.35605244160607163,Restaurants,Consumer Cyclical,ARCO
2019Q4,2019,Q4,2019-12-31,2019-12-31,32959000.0,754365000.0,60625000.0,0.16,110397000.0,0.14634427631186495,2557685000.0,421138000.0,405368000.0,595447000.0,2136119000.0,37815000.0,471149000.0,1652959255.0072,3102912255.0072002,2.007856116444651,0.6807793136920667,0.6145530039860264,3.7323466417183915,0.014204289013236898,2.007856116444651,0.07826175742868134,2.191192930487496,12.537996108856458,3.9249824404522977,0.1861706969264844,17.029432764775883,0.003712130218220819,0.294940541935383,0.4197535632894279,0.012886262381802294,-133.00283674019954,0.14634427631186495,0.26499213333017074,2.380622620377311,-0.14945404511425853,-0.05054126468145898,0.1879842458677686,0.2798617583100342,0.3831850330823637,0.60898331496859,-0.034992127902623474,0.23890175770151437,Restaurants,Consumer Cyclical,ARCO
2019Q3,2019,Q3,2019-09-30,2019-09-30,25752000.0,747600000.0,43830000.0,0.126483,92928000.0,0.12430176565008026,2312420000.0,373318000.0,360038000.0,495223000.0,1938767000.0,36885000.0,437438000.0,1371350940.6912,2693281940.6912003,1.7798709835498077,0.7270219678811364,0.6264467527525277,3.8803593719027747,0.011826575378846014,1.7798709835498077,0.06898140459340295,1.8343378018876404,13.313052779310343,3.6734123205717375,0.23722429325877603,17.7490036600244,0.004454731330056834,0.3232976708383425,0.4342750639610842,0.011136385258733275,386.29603963132394,0.12430176565008026,1.6000164450017476,109.53143000383858,-0.14812216037837544,-0.18057385612593038,0.18725964916763552,1.345996173817983,0.631308619919607,15.498447043510243,-0.004800863105155361,0.14268724911718533,Restaurants,Consumer Cyclical,ARCO
2019Q2,2019,Q2,2019-06-30,2019-06-30,10977000.0,721025000.0,26868000.0,0.048647,78271000.0,0.10855518185915884,2412508000.0,379845000.0,382252000.0,521792000.0,2032327000.0,40301000.0,413086000.0,1494158458.9846,2876446458.9846,1.813020948488249,0.7325754323561879,0.6298532481550321,4.000384367307718,0.00631277714243899,1.813020948488249,0.028898629704221458,2.0722699753609097,34.02929896566913,3.9336004396124737,0.0,15.948835016500832,0.0,0.29886947525148105,0.4540487397277076,0.0045500367252668174,-60.059428369828765,0.10855518185915884,-0.16667523168371098,1.1143088595252402,-0.190317883964438,-0.2490078861996759,-0.07700380891734768,-0.09765721331689273,-0.1422551398288852,-0.7387234067607191,0.08442623894563316,0.1639214095035989,Restaurants,Consumer Cyclical,ARCO
2019Q1,2019,Q1,2019-03-31,2019-03-31,12165000.0,730999000.0,31324000.0,0.058377,84801000.0,0.11600699864158501,2365978000.0,364958000.0,401333000.0,522417000.0,2000595000.0,37810000.0,402666000.0,1464987402.585,2786785402.585,1.7403041090328244,0.7682234689912465,0.6316297108426199,4.094778029252681,0.006661152015442191,1.7403041090328244,0.033332602655648046,2.0040894756148777,30.10660506750925,4.014126016103223,0.0,17.090663845543506,0.0,0.30896272070154496,0.490887547687001,0.005141636989016804,-183.16921762753188,0.11600699864158501,0.4999999999999999,1.6065307085108504,-0.17870119827520387,-0.3865343107445966,-0.24845793895565246,0.31698603442676193,-0.19382318877879295,-0.21857800130986949,0.14545751520666816,0.2724823267819667,Restaurants,Consumer Cyclical,ARCO
2018Q4,2018,Q4,2018-12-31,2018-12-31,9237000.0,753342000.0,38855000.0,0.038918,112836000.0,0.14978057774556575,1578039000.0,392383000.0,464562000.0,493312000.0,1185280000.0,46089000.0,413074000.0,1629955310.1616,2063289310.1616,1.850317119615377,0.9417204527763363,0.39962003473931884,1.6071440403891095,0.014425839086787335,1.850317119615377,0.023540775211974015,2.1636326000164603,44.11484546285591,4.15399064220825,1.1240662552776877,13.897155503482393,0.006370113300204892,0.4773912431822027,0.6221600123248573,0.0058534674998526656,94.27156218401389,0.14978057774556575,-0.6666638116365318,-0.7072109292327805,-0.2674236646420073,-0.4253433572534527,0.20557722100539558,-0.645085683547222,-0.2723646510234274,0.6980116202184038,0.004892570114007168,0.39865543010154136,Restaurants,Consumer Cyclical,ARCO
2018Q3,2018,Q3,2018-09-30,2018-09-30,26026000.0,724372000.0,53399000.0,0.116753,93595000.0,0.12920847299453872,1525829000.0,406830000.0,444979000.0,419901000.0,1118584000.0,37302000.0,403837000.0,1326871557.8854,1746849557.8854,1.897262279863735,1.0597236015155953,0.4112721674578213,1.5424894919253742,0.025949860920198103,1.897262279863735,0.06397266671582726,1.8317543442946442,12.745634729553139,3.261488970541504,0.0,16.910004825478527,0.0,0.47473996103101984,0.7267474952429263,0.017056957234395206,-422.839884603378,0.12920847299453872,1.4000041112504367,0.33703280130632923,-0.28646505207976536,-0.39915999408864705,0.12449389064433578,1.4314275037369208,1.1566639741518578,1.7311056541852845,-0.030107892213360802,0.3571048816476179,Restaurants,Consumer Cyclical,ARCO
2018Q2,2018,Q2,2018-06-30,2018-06-30,10704000.0,734534000.0,24760000.0,0.048647,83233000.0,0.11331401950079914,1512599000.0,396903000.0,440079000.0,418815000.0,1115297000.0,40251000.0,377774000.0,1463516695.0679998,1883201695.0679998,1.833814677170663,1.0507718204935352,0.41558734337388825,1.5838051110724787,0.020300634949020086,1.833814677170663,0.02696880598030249,1.9924424125608888,34.18153716059417,3.6873409751702555,0.0,16.180989292191498,0.0,0.48561052863316717,0.7650251304275157,0.007076561600265503,80.67008571645904,0.11331401950079914,19.491575400168493,0.21363292521245453,-0.26036509791095064,-0.4079087779410945,-0.26704415364835593,19.664092664092664,1.0511970839201392,0.5340998374505859,-0.032843524893537264,0.034083516461592606,Restaurants,Consumer Cyclical,ARCO
2018Q1,2018,Q1,2018-03-31,2018-03-31,518000.0,849887000.0,12071000.0,0.002374,113558000.0,0.13361541004863,1668939000.0,463618000.0,520785000.0,491706000.0,1204792000.0,48456000.0,376575000.0,1931307336.2752001,2327112336.2752,2.1370564931214457,1.0591389976937438,0.3791906115202533,1.3650160261249564,0.0011216216588408462,2.1370564931214457,0.0011172991557704835,2.2724283772727434,932.0981352679536,4.165729838520506,0.0,15.195827142149579,0.0,0.5092379050402681,0.7648615229425714,0.0003103768322269418,-38.93450802909443,0.13361541004863,-0.9926059968044452,1.0778874638723535,-0.13638544308673445,-0.34129501598226253,-0.22063072646786314,-0.9925222312045271,-0.8795958266004349,1.018272876443392,0.09209688650106254,0.20324484224875905,Restaurants,Consumer Cyclical,ARCO
2017Q4,2017,Q4,2017-12-31,2017-12-31,69272000.0,896881000.0,100254000.0,0.321071,145705000.0,0.16245744976200857,1803743000.0,495650000.0,653037000.0,605583000.0,1307601000.0,82735000.0,401134000.0,2184587498.3777003,2509597498.3777003,2.2847086411995323,1.078360852269631,0.35121466860855455,1.2781216584283264,0.06782543407334019,2.2847086411995323,0.13975991122768083,2.435760706690966,7.884092773334464,4.407520424448098,0.0,9.079301383936665,0.0,0.49723325329606266,0.7855091705018139,0.03840458424509478,52.696533635124,0.16245744976200857,1.9999906563013903,0.5550433140969201,-0.1182089560711864,-0.33968858120833206,0.27820373359534,1.9597094637897885,1.0987690504103165,5.869544631192848,-0.022315718385244387,0.08037451452734501,Restaurants,Consumer Cyclical,ARCO
2017Q3,2017,Q3,2017-09-30,2017-09-30,23405000.0,842466000.0,47768000.0,0.107024,113992000.0,0.13530753763356623,1645292000.0,434340000.0,507287000.0,510621000.0,1210302000.0,52203000.0,331862000.0,2121282046.6931,2486990046.6931,2.0021005507592666,0.9934706954864763,0.38623660724053843,1.463075010360547,0.02689450012813238,2.0021005507592666,0.05388635631072432,2.517943806270045,22.658428185143134,4.883920538502325,0.0,13.9546386223014,0.0,0.5120464938746435,0.7451377832090729,0.0142254384024234,89.55469441858826,0.13530753763356623,6.647704485488126,-0.287478209573835,-0.13057331649060655,-0.384076404055704,0.19977686794160676,6.691877431906615,0.34240107913669066,96.1247549619422,-0.07187413344918675,-0.07826266672159204,Restaurants,Consumer Cyclical,ARCO
2017Q2,2017,Q2,2017-06-30,2017-06-30,-4112000.0,798698000.0,35584000.0,-0.01895,95011000.0,0.11895735309215749,1565743000.0,411561000.0,458105000.0,465866000.0,1153669000.0,49506000.0,308458000.0,1572505181.5235,1969307181.5235,1.8971002089861273,0.9833407031206398,0.4053021472872623,1.5419318156968227,0.013705278779632664,1.8971002089861273,-0.009991228517765289,1.9688357570990536,-95.60464381830617,3.8208313749930145,0.0,14.214176059467539,0.0,0.5101079806839309,0.718006894686455,-0.0026262292087526496,32.47769799503284,0.11895735309215749,-1.10251056210409,-1.337127640559164,-0.12314860354430687,-0.3798572742486657,0.007390207180270161,-1.1012757992217133,-0.6016567782379939,0.9586468131711493,-0.13382335300698914,-0.2141804554296563,Restaurants,Consumer Cyclical,ARCO
2017Q1,2017,Q1,2017-03-31,2017-03-31,40602000.0,781480000.0,89330000.0,0.184859,94314000.0,0.12068638992680555,1531819000.0,418559000.0,439615000.0,691962000.0,1112586000.0,53446000.0,312570000.0,1696227323.5424001,2091474323.5424001,1.9326641861621061,0.6353166792396114,0.3805776008784328,1.3928167832969784,0.05757538562831111,1.9326641861621061,0.09700424551855294,2.1705319695224445,10.444235034865278,4.052540558302175,0.0,12.857201661490102,0.0,0.5101647126716669,0.4176211988519601,0.026505742519187973,-51.15744257750701,0.12068638992680555,0.9000041112504367,0.589851398328163,-0.156794039746667,-0.42886546688940447,-0.23253315973634958,0.9196255496194033,0.6512930476736233,2.9602233769705357,-0.14980268179927655,-0.3187264450452393,Restaurants,Consumer Cyclical,ARCO
2016Q4,2016,Q4,2016-12-31,2016-12-31,21151000.0,807159000.0,54097000.0,0.097294,122890000.0,0.15225005234408587,1505053000.0,350991000.0,445190000.0,548308000.0,1153477000.0,48915000.0,271968000.0,1137820614.724,1522696614.724,1.62067420113258,0.8119341683871109,0.3851552071588177,1.6515494699294284,0.030712621007061697,1.62067420113258,0.060260804408090236,1.4096610639588978,13.44878037355208,3.241737294471938,0.0,13.988939997955637,0.0,0.5362993861345746,0.5596909036526916,0.014053325696835926,17.83753393622625,0.15225005234408587,12.48689492325856,-0.5449705353453401,-0.16261664510717783,-0.4856887391477613,0.29525596298365253,12.532715376226827,0.4030396555748632,-0.3435244171306918,-0.23142977986631036,-0.49666401205735716,Restaurants,Consumer Cyclical,ARCO
2016Q3,2016,Q3,2016-09-30,2016-09-30,-1834000.0,775656000.0,38557000.0,-0.00847,94877000.0,0.12231839887785306,1441282000.0,337335000.0,384150000.0,456782000.0,1103381000.0,45128000.0,250817000.0,1110446042.852,1581005042.852,1.5576186615584415,0.8409919830466174,0.40433863740753023,1.7275586583070242,-0.004557772474854861,1.5576186615584415,-0.0054367320319563634,1.4316218050940108,-151.36941696455833,3.2918198314790934,0.0,15.085512320510547,0.0,0.53817087842629,0.47856088900175575,-0.0012724782520006494,42.212652735193494,0.12231839887785306,-1.04235,-1.0931321507903462,-0.21615520047847936,-0.48017267464308766,0.36397878060351646,-1.0422298464159894,-0.3951938008815548,-1.0932866084988948,-0.2435014722017488,-0.5067210180947548,Restaurants,Consumer Cyclical,ARCO
2016Q2,2016,Q2,2016-06-30,2016-06-30,43429000.0,687301000.0,63751000.0,0.2,69559000.0,0.10120602181576922,1493557000.0,337349000.0,420916000.0,502548000.0,1155595000.0,46195000.0,252651000.0,1005084261.082,1513766261.082,1.557683305491807,0.8375637750025868,0.4321709851046863,1.9133656836095556,0.048728346751245266,1.557683305491807,0.12873611601042245,1.4623640313079713,5.785789801066108,2.979360428167862,0.0,13.372486199805174,0.0,0.4601772814830636,0.4712186696594156,0.029077564498710125,101.57496322203133,0.10120602181576922,1.5695381255219376,2.012522482392319,-0.23615918753679246,-0.5311542241445154,-0.0195086195960137,1.7034985059760956,1.8749041713641488,3.9209590893384165,-0.3083583396768538,-0.4970644398198548,Restaurants,Consumer Cyclical,ARCO
2016Q1,2016,Q1,2016-03-31,2016-03-31,16064000.0,658514000.0,22175000.0,0.077835,70943000.0,0.10773195406627649,1595866000.0,295950000.0,537413000.0,591557000.0,1299249000.0,45283000.0,209222000.0,789534681.3792,1357446681.3792,1.3676450135334701,0.9084720491854547,0.522629719537856,2.8182023990538942,0.01293345396650474,1.3676450135334701,0.05427943909444163,1.1989641547168322,12.28733007624502,2.6677975380273695,0.0,12.975531656471524,0.0,0.4126374018871259,0.6068764294903112,0.010066008048294781,-28.115329441606722,0.10773195406627649,1.6666780868850215,-0.4949865538648644,-0.11121869635280142,-0.38545867689156627,-0.28461802194256214,1.893892992253648,-0.5837869289387739,3.4215354252494383,-0.329153576683995,-0.5784507383491488,Restaurants,Consumer Cyclical,ARCO
2015Q4,2015,Q4,2015-12-31,2015-12-31,5551000.0,764986000.0,53278000.0,0.029188,99168000.0,0.1296337449312798,1406977000.0,286273000.0,378996000.0,577673000.0,1120087000.0,44641000.0,193158000.0,654786217.2848,1201109217.2848,1.3229256325705934,0.6560735918071297,0.4682677826289982,2.301446521327544,0.0115682911929839,1.3229256325705934,0.019390581717451522,0.8559453601566566,29.489561218014774,2.2872789864388188,0.0,14.914943661656325,0.0,0.5437089589950653,0.3661171631701672,0.0039453381256410016,16.95371076808037,0.1296337449312798,1.1764691656590085,-0.8495076515484602,-0.016038060581193947,-0.4169405832068172,0.11011854787251905,1.1545206547155105,1.556771283232556,-0.8750732852395275,-0.24597859407881692,-0.617656761284047,Restaurants,Consumer Cyclical,ARCO
2015Q3,2015,Q3,2015-09-30,2015-09-30,-35924000.0,753695000.0,20838000.0,-0.1654,89331000.0,0.11852407140819562,1409769000.0,302522000.0,319249000.0,580920000.0,1106548000.0,38120000.0,187607000.0,572662165.2672,1185945165.2672,1.3980218519001488,0.5495575982923638,0.4992023515909344,2.326310152650055,0.034196973671218586,1.3980218519001488,-0.11874838854694865,0.7598062416059547,-3.985233863623204,1.8929603971519424,0.0,17.42822665267576,0.0,0.5346230481731404,0.31440473731322727,-0.025482188925987165,41.39227793763643,0.11852407140819562,-6.666712347540085,-2.4171749794005737,0.0976321885653721,0.0,0.06405965242457089,-6.151871504374014,0.498489860491874,-2.0964154116817735,-0.22021090922541856,-0.5699143852168194,Restaurants,Consumer Cyclical,ARCO
2015Q2,2015,Q2,2015-06-30,2015-06-30,6973000.0,759001000.0,13906000.0,0.029188,83953000.0,0.11060986744417992,1586670000.0,383580000.0,368478000.0,451774000.0,1202434000.0,38067000.0,223531000.0,1106957506.9308,1785121506.9308,1.7733719259403489,0.8156246264725283,0.4798382776506772,1.9848401897909171,0.15528449159478755,1.7733719259403489,0.018178737160435894,1.4584401165885157,39.68727616989818,2.88585824842484,0.0,17.733154700922057,0.0,0.4783609698298953,0.4718731046939399,0.004394738666515407,95.14848778844765,0.11060986744417992,1.2307661899227564,-0.4054015568018863,0.26324141127627027,0.0,-0.013188363208933294,1.246980483830978,1.5823584029712163,-0.42661181961037625,-0.1642554270087124,-0.4203027891123999,Restaurants,Consumer Cyclical,ARCO
2015Q1,2015,Q1,2015-03-31,2015-03-31,-28233000.0,775058000.0,5385000.0,-0.126483,85075000.0,0.10976597880416691,1555070000.0,383743000.0,333565000.0,425578000.0,1170612000.0,51871000.0,216558000.0,1036363181.0639999,1724066181.064,1.7760778339406589,0.7837928652326953,0.48846096960265456,1.979426334812622,0.003817281875890651,1.7760778339406589,-0.07357267754721258,1.3371427442384956,-9.176877953671235,2.7006699303023116,-0.4430630822087628,13.30190279732413,0.012070093021982333,0.4984071456590379,0.42083002410838904,-0.0181554528091983,-24.46214372525138,0.10976597880416691,-3.600016445001747,-2.4590620383432222,0.3286344508289271,0.0,-0.3542351396279119,-3.8112117893059843,-0.8996907831011102,-2.1081229461605178,-0.16175336874010549,-0.47513934820195763,Restaurants,Consumer Cyclical,ARCO
2014Q4,2014,Q4,2014-12-31,2014-12-31,10043000.0,913629000.0,53684000.0,0.048647,131743000.0,0.14419748059660978,1794780000.0,456914000.0,447196000.0,542066000.0,1337193000.0,53403000.0,244791000.0,1137262843.1076,1797996843.1076,2.1147376307734116,0.8249844114923275,0.44560558954300805,1.7503600239870085,0.017352184323834976,2.1147376307734116,0.02198006627067676,1.2447753334314038,28.30983877097481,2.489008529192802,1.2455441601115205,14.641237383667585,0.010999216298862658,0.509047905592886,0.5297878856080256,0.005595671892933953,9.677761976186463,0.14419748059660978,42.78667866786679,-0.7273072190049291,0.17695992378984818,-0.06796144899433965,0.22821263424821003,40.84583333333333,0.5480708230001731,-0.7834319595345062,-0.04992608007472254,-0.3289006658496349,Restaurants,Consumer Cyclical,ARCO
2014Q3,2014,Q3,2014-09-30,2014-09-30,240000.0,904020000.0,34678000.0,0.001111,107264000.0,0.11865224220703081,1848297000.0,469305000.0,447258000.0,556678000.0,1378441000.0,52075000.0,234748000.0,1257086377.8372,2043482377.8372,2.172094455193927,0.8034411275459062,0.47675400652600747,1.8776339480721493,0.001338428962029866,2.172094455193927,0.0005113945089014607,1.3905515119546028,1309.46497691375,2.678612795169879,52.12083333333333,15.300163226116178,0.009950787965359678,0.4891097047714734,0.4574008672877319,0.00012984926123885934,-72.67655534700815,0.11865224220703081,1.0024295676856563,-0.9905176373880308,0.3185778250096729,0.0,0.08997053145005589,1.00242458529489,1.905927532067191,-0.9877838226083282,-0.0842798912461253,-0.2751023861409517,Restaurants,Consumer Cyclical,ARCO
2014Q2,2014,Q2,2014-06-30,2014-06-30,-98986000.0,917922000.0,-38279000.0,-0.457283,98410000.0,0.10720954503759579,1951123000.0,521364000.0,472501000.0,595104000.0,1429316000.0,51680000.0,234508000.0,2353317612.889,3136867612.889,2.414167759117508,0.7939805479378395,0.4533686497468381,1.6966610659731014,-0.029066104516435452,2.414167759117508,-0.18985967577354784,2.5637446459383257,-5.943561748350778,4.513770825927759,-0.12637140605742225,15.857430340557276,0.005315474601256052,0.4704582950434186,0.4620469699413884,-0.05073283437282017,-145.11423893993955,0.10720954503759579,-3.7000123337513102,-9.4539642906957,0.5301440451227506,0.0,-0.025460235093730504,-3.798158022297625,-2.8426398382593625,-7.885744591672788,0.02302990643833346,-0.2733616954883015,Restaurants,Consumer Cyclical,ARCO
2014Q1,2014,Q1,2014-03-31,2014-03-31,-20630000.0,915494000.0,20774000.0,-0.097294,100981000.0,0.11030219750211362,2061704000.0,611917000.0,557990000.0,619346000.0,1449292000.0,83059000.0,333494000.0,2115449601.2416,2833671601.2416,2.836840168103168,0.9009342112486397,0.40969120688517846,1.3803538715217913,0.01737682865000347,2.836840168103168,-0.03371372261270728,2.3107192414604576,-25.63559865779932,3.4570858486389495,-0.6063499757634513,9.806438796518139,0.0059131637986828975,0.44404725411601276,0.5341973630248682,-0.010006286062402751,-34.83884654800811,0.11030219750211362,-1.6666666666666667,-2.067915227589508,0.5719822196340222,0.0,-0.40818730586649477,-1.6428794016827672,-0.7709162687604071,-1.6506325416122747,0.23957470959393787,0.2747134622668717,Restaurants,Consumer Cyclical,ARCO
2013Q4,2013,Q4,2013-12-31,2013-12-31,32090000.0,1046003000.0,90683000.0,0.145941,170630000.0,0.1631257271728666,2180259000.0,694537000.0,666451000.0,659156000.0,1484960000.0,105421000.0,404287000.0,2543599930.9488,3151398930.9488,3.2198655370481126,1.0110671828823525,0.3593366659649152,1.1280133383822604,0.036921824409476396,3.2198655370481126,0.04620344200524954,2.4317329213671472,19.81614156239327,3.6622957897834096,0.38980990962916795,8.30359226340103,0.004917833126113492,0.4797608907932498,0.6416098768728495,0.014718434828155737,-82.63270518318498,0.1631257271728666,0.66665905327471,-0.12722918326471339,0.34972424643465394,0.41910692178198555,0.16508367872286672,0.6388335631479496,0.45621698007162015,-0.12722918326471339,0.34972424643465394,0.41910692178198555,Restaurants,Consumer Cyclical,ARCO
2013Q3,2013,Q3,2013-09-30,2013-09-30,19581000.0,1021212000.0,62273000.0,0.087565,146453000.0,0.14341096657696933,2213356000.0,681120000.0,754461000.0,588816000.0,1531469000.0,59097000.0,372197000.0,2486919965.3828,3049103965.3828,3.1576830124451707,1.2813187820983125,0.4067081843137751,1.3216320178529481,0.022293148872335123,3.1576830124451707,0.028748238195912615,2.435263163165729,31.751697632689858,3.6512214666766507,0.6388335631479496,14.802088092458161,0.005029916593264612,0.46138623881562657,0.9609623379799462,0.008846746750183883,153.1826279878534,0.14341096657696933,1.2499871524744335,-0.2250716366888216,0.49198690273701834,0.0,0.18478937958595917,1.2289129197495732,0.6238493832955228,-0.2250716366888216,0.49198690273701834,0.0,Restaurants,Consumer Cyclical,ARCO
2013Q2,2013,Q2,2013-06-30,2013-06-30,8785000.0,989185000.0,38349000.0,0.038918,123611000.0,0.12496246910335276,1967558000.0,667696000.0,550522000.0,603706000.0,1298904000.0,58153000.0,352616000.0,2481324154.127,3032156154.127,3.0971826786991645,0.9119041387695335,0.345439880298319,1.0179378040305769,0.02659233871617926,3.0971826786991645,0.01315718530588771,2.508453074123647,70.61252572928286,3.716248343747753,0.0,14.884425567038674,0.0,0.5027475683054833,0.6017051346185064,0.004464925557467683,-80.66199057691307,0.12496246910335276,2.3333561737700426,-0.24839434057137522,0.6518313387966329,0.0,0.02460151024095886,2.33065737655256,0.030416207647043017,-0.24839434057137522,0.6518313387966329,0.0,Restaurants,Consumer Cyclical,ARCO
2013Q1,2013,Q1,2013-03-31,2013-03-31,-6602000.0,976910000.0,37217000.0,-0.029188,120643000.0,0.12349448772148919,2022483000.0,698687000.0,552984000.0,596794000.0,1322652000.0,54614000.0,343831000.0,2619098883.9737997,3151966883.9737997,3.2443302312464355,0.9265910850310157,0.3351662288385119,0.9702026801700905,0.23940764000902068,3.2443302312464355,-0.009449152481726439,2.6810032489930493,-99.17823704838685,3.7486011389560705,0.0,15.678525652763028,0.0,0.4830250736347351,0.6163801914898608,-0.003264304322953518,-51.21529329814427,0.12349448772148919,-1.138990476190476,-1.3423048976608507,0.6801448463704473,0.0,0.043561376041243174,-1.1492955835462788,-0.5353392845995381,-1.3423048976608507,0.6801448463704473,0.0,Restaurants,Consumer Cyclical,ARCO
2012Q4,2012,Q4,2012-12-31,2012-12-31,44221000.0,1009677000.0,80095000.0,0.21,115607000.0,0.11449899324239336,2049163000.0,745143000.0,601498000.0,578274000.0,1302853000.0,54824000.0,400761000.0,2505950676.5982,2973269676.5982,3.4600471477237487,1.040160892587251,0.31826165122052275,0.8752279763750045,0.04231893898026665,3.4600471477237487,0.05934565580029605,2.4819330108521833,14.167198144536533,3.3630466589610317,0.5657493046290224,16.30800379395885,0.00998343671869937,0.49272654249564335,0.7290955498604468,0.021580030480737745,-108.89282912259158,0.11449899324239336,0.3489988501390753,0.20464504922014132,0.3049522622195402,0.5249633254959796,-0.2609571176515713,0.35613959764474973,0.3336719062208605,0.20464504922014132,0.3049522622195402,0.5249633254959796,Restaurants,Consumer Cyclical,ARCO
2012Q3,2012,Q3,2012-09-30,2012-09-30,32608000.0,961907000.0,60056000.0,0.155671,156428000.0,0.1626227899370729,1976206000.0,700030000.0,635663000.0,551396000.0,1275078000.0,60097000.0,356540000.0,3216281942.6958,3625581942.6958,3.25056640781844,1.1528248300676827,0.33065227005686654,0.933441423938974,0.03285497578028926,3.25056640781844,0.046580860820250564,3.343651665593243,24.658687612670203,4.594491582783309,0.3836175171736997,13.402981846015608,0.003889273460123119,0.4867442969002219,0.7760121582311079,0.016500304118092952,206.3571116832927,0.1626227899370729,1.666649536632578,0.2925529542008101,0.4076013649730214,0.0,0.1687512141181393,1.6930954740667328,0.45509170644246844,0.2925529542008101,0.4076013649730214,0.0,Restaurants,Consumer Cyclical,ARCO
2012Q2,2012,Q2,2012-06-30,2012-06-30,12108000.0,904212000.0,41273000.0,0.058377,133842000.0,0.14802059693965575,1918747000.0,658804000.0,624989000.0,532204000.0,1258895000.0,56810000.0,323932000.0,3096845330.9514003,3511343330.9514003,3.059134825273802,1.174341042156767,0.3438952608134371,1.0015846898318772,0.019774034221843304,3.059134825273802,0.018378759084644297,3.42491067465528,63.94213187461596,4.700708148328486,1.0331185992732077,13.560464706917797,0.004039271795390904,0.47125129055576376,0.7893382988478103,0.0063103681725626155,-129.47219076681301,0.14802059693965575,-0.4999957174547977,0.03699110573586881,0.511516140338059,0.0,-0.0995741474539669,-0.5232132309509746,-0.25251738626485076,0.03699110573586881,0.511516140338059,0.0,Restaurants,Consumer Cyclical,ARCO
2012Q1,2012,Q1,2012-03-31,2012-03-31,25395000.0,921598000.0,55216000.0,0.116753,148643000.0,0.16128832744862728,1890224000.0,728745000.0,549095000.0,558370000.0,1160330000.0,3748000.0,362102000.0,3790378804.557,4186242804.557,3.383903571083595,0.9833891505632466,0.2857417956813584,0.7411591160145181,0.02947177349859255,3.383903571083595,0.0348475804293683,4.112833149113822,37.31422331715889,5.201241592816417,0.0,206.2313233724653,0.0,0.4875602045048629,0.4081827462077117,0.013434915650208653,-114.79387033395923,0.16128832744862728,-0.44403333333333334,0.3166968912598161,0.5850161531003996,0.0,1.1304941364858245,-0.45058630089567736,-0.3081308657135339,0.3166968912598161,0.5850161531003996,0.0,Restaurants,Consumer Cyclical,ARCO
2011Q4,2011,Q4,2011-12-31,2011-12-31,46222000.0,958500000.0,79807000.0,0.21,-1139078000.0,-1.188396452790819,1875406000.0,678621000.0,588614000.0,589292000.0,1195777000.0,50729000.0,336707000.0,4301634693.993,4655095693.993,3.1511544165823713,0.9988494668178085,0.282478567307559,0.7806448665750102,0.045897179366712976,3.1511544165823713,0.06811165584324681,4.487881788203443,23.26616488897603,6.338788062840672,0.5412574098913937,41.34869601214296,0.005815928543382887,0.5110893321232842,0.5714789951331428,0.024646396566930042,-157.40759272515368,-1.188396452790819,1.3982184662821902,0.2591552308869851,0.2388087906701145,0.38882353710818873,-2.736849488434503,1.3604330507609028,0.07468253861380805,0.2591552308869851,0.2388087906701145,0.38882353710818873,Restaurants,Consumer Cyclical,ARCO
2011Q3,2011,Q3,2011-09-30,2011-09-30,19582000.0,984003000.0,74261000.0,0.087565,655830000.0,0.6664918704516145,1773297000.0,645297000.0,527583000.0,499083000.0,1126479000.0,42849000.0,303055000.0,4858998370.2564,5152717370.2564,2.996415512572341,1.0571047300749574,0.3072514079705768,0.8443367937554336,0.042220861014488985,2.996415512572341,0.030345716778475647,4.937991418985918,62.033990019614954,7.529863567096082,0.6388009396384434,7.658825176783589,0.002574398887756763,0.5549002789718812,0.7597614024120236,0.011042707453968511,387.2020376329907,0.6664918704516145,0.2857163832848795,-0.22378643433635118,0.43993542612492464,0.0,3.9087969581521373,0.37562346329469615,1.0568635054287614,-0.22378643433635118,0.43993542612492464,0.0,Restaurants,Consumer Cyclical,ARCO
2011Q2,2011,Q2,2011-06-30,2011-06-30,14235000.0,888489000.0,36104000.0,0.068106,133603000.0,0.15037102316404594,1873197000.0,710489000.0,526644000.0,536564000.0,1161281000.0,41222000.0,296103000.0,4388063040.4314,4608081040.4314,3.3223788838655164,0.981511991113828,0.25326860976181365,0.6677401057581469,0.0229060464815361,3.3223788838655164,0.02003549667904781,4.938792759878176,77.06468283160169,6.176116787777715,0.0,18.31269710348843,0.0,0.4743169031340537,0.7191872730932377,0.007599307494086313,-205.5010087777549,0.15037102316404594,-0.5333319629165211,0.22774874643468843,0.49569825426700287,0.0,0.05477440492638061,-0.5989010989010989,-0.40403756953500275,0.22774874643468843,0.49569825426700287,0.0,Restaurants,Consumer Cyclical,ARCO
2011Q1,2011,Q1,2011-03-31,2011-03-31,35490000.0,826657000.0,60581000.0,0.145941,126665000.0,0.15322558207333875,1660187000.0,537307000.0,401326000.0,503426000.0,1121403000.0,0.0,294377000.0,4979934595.2304,5408684595.2304,2.225472823561702,0.7971896564738412,0.3433215655826723,1.06080508908315,0.042533849668521646,2.225472823561702,0.06605162411805542,6.0241848738115085,35.07984358432235,9.26832257020735,0.0,0.0,0.0,0.497930052457946,0.4288137680612443,0.02137710992797799,-225.305822523205,0.15322558207333875,-0.14152352941176485,0.6413492398385152,0.2681625459662491,0.0,1.1409244394007665,-0.13762939203965593,0.19720564404568988,0.6413492398385152,0.2681625459662491,0.0,Restaurants,Consumer Cyclical,ARCO
2010Q4,2010,Q4,2010-12-31,2010-12-31,41154000.0,867422000.0,50602000.0,0.17,-898815000.0,-1.036191150328214,1784266000.0,547801000.0,552355000.0,605148000.0,1235071000.0,66431000.0,271387000.0,4979934595.2304,5241205595.2304,2.268937940916318,0.9127601842854971,0.2630605526306055,0.8568257451154707,0.317625175030744,2.268937940916318,0.0751258212380043,5.741074811603118,30.251826038965834,9.090773100506205,0.0,26.58754196083154,0.0,0.4861506075887788,0.6527014879004805,0.023064946594285828,94.4081327651785,-1.036191150328214,0.4560653687699675,0.0,0.0,0.0,-2.730743679752293,0.4131099131270817,-0.2636710223800239,0.0,0.0,0.0,Restaurants,Consumer Cyclical,ARCO
2010Q3,2010,Q3,2010-09-30,2010-09-30,29123000.0,788885000.0,68722000.0,0.116753,519323000.0,0.6583000057042535,,,,,,,,5127921135.9456005,,,0.0,0.0,0.0,0.0,,0.0,6.500213764928476,44.019513236493495,0.0,0.23005871647838477,0.0,0.0013065723560049456,0.0,0.0,0.0,110.96514186673592,0.6583000057042535,0.9999828699659112,0.0,0.0,0.0,4.780596400227073,1.1606202240522294,1.113417596949288,0.0,0.0,0.0,Restaurants,Consumer Cyclical,ARCO
2010Q2,2010,Q2,2010-06-30,2010-06-30,13479000.0,690586000.0,32517000.0,0.058377,89839000.0,0.13009096622288896,,,,,,,,5127921135.9456005,,,0.0,0.0,0.0,0.0,,0.0,7.425463499036471,95.10945055170265,0.0,0.0,0.0,0.0,0.0,0.0,0.0,2156.4008141066442,0.13009096622288896,-0.33332952663735516,0.0,0.0,0.0,-0.1731795759092917,-0.39461037502807095,-0.3831664010926474,0.0,0.0,0.0,Restaurants,Consumer Cyclical,ARCO
2010Q1,2010,Q1,2010-03-31,2010-03-31,22265000.0,671225000.0,52716000.0,0.087565,108656000.0,0.16187716488509815,,,,,,,,5127921135.9456005,,,0.0,0.0,0.0,0.0,,0.0,7.63964562694417,57.5782746007815,0.0,0.0,0.0,0.0,0.0,0.0,0.0,-390.49049161937256,0.16187716488509815,0.0,0.0,0.0,0.0,0.0,0.0,0.0,0.0,0.0,0.0,Restaurants,Consumer Cyclical,ARCO
