Quarters,Year,Quarter,FillingDate,Date,NetIncome,Revenue,OperatingIncome,EPSDiluted,GrossProfit,GrossProfitRatio,TotalAssets,CommonStockEquity,CurrentAssets,CurrentLiability,TotalLiability,Inventory,RetainedEarnings,MarketCap,EnterpriseValue,bookValuePerShare,currentRatio,debtToAssets,debtToEquity,roic,shareholdersEquityPerShare,roe,priceToSalesRatio,peRatio,pbRatio,payoutRatio,inventoryTurnover,dividendYield,assetTurnover,quickRatio,returnOnAssets,priceToFreeCashFlowsRatio,grossProfitMargin,epsdilutedGrowth,fiveYNetIncomeGrowthPerShare,fiveYRevenueGrowthPerShare,fiveYShareholdersEquityGrowthPerShare,grossProfitGrowth,netIncomeGrowth,operatingIncomeGrowth,threeYNetIncomeGrowthPerShare,threeYRevenueGrowthPerShare,threeYShareholdersEquityGrowthPerShare,Industry,Sector,Symbol
2023Q1,2023,Q1,2023-04-28,2023-03-31,340500000.0,1459600000.0,388400000.0,0.56,1130100000.0,0.7742532201,8651200000.0,5978000000.0,3257200000.0,1082000000.0,2589200000.0,914300000.0,7930500000.0,50258475000.0,50073775000.0,9.840329218106996,3.010351201478743,0.07950342149066025,0.11505520240883238,0.04910194515957023,9.840329218106996,0.05695884911341586,34.433046725130176,36.90049559471366,8.407239043158247,0.0,0.360384993984469,0.0,0.16871647863880154,1.8793900184842884,0.03935870168300351,198.9646674584323,0.7742532200602905,-0.1384615384615384,0.7107812556021655,0.6932284750851282,0.9118561804659309,0.03640865737344094,-0.14533132530120482,-0.13264850379633766,0.1271231308578378,0.3295694489563542,0.5755221936452871,Medical Devices,Healthcare,EW
2022Q4,2022,Q4,2023-02-13,2022-12-31,398400000.0,1348300000.0,447800000.0,0.65,1090400000.0,0.8087220945,8292500000.0,5806700000.0,3095800000.0,1022400000.0,2485800000.0,875500000.0,7590000000.0,45728469000.0,45650769000.0,9.47413933757546,3.0279733959311423,0.08336448598130841,0.11905212943668521,0.058914730832525006,9.47413933757546,0.0686103983329602,33.91564859452644,28.6950734186747,7.875121669795237,0.0,0.2945745288406625,0.0,0.16259270425082906,1.8724569640062598,0.04804341272233947,236.078828084667,0.808722094489357,0.18181818181818177,147.81267044262637,0.565782166261616,1.0267389611943443,0.02365752910251596,0.15982532751091702,0.11282306163021869,0.45315963738927834,0.17366343402219797,0.4306103418405777,Medical Devices,Healthcare,EW
2022Q3,2022,Q3,2022-10-28,2022-09-30,343500000.0,1319000000.0,402400000.0,0.55,1065200000.0,0.8075815011,8638200000.0,6217800000.0,3513900000.0,917900000.0,2420400000.0,757800000.0,7191600000.0,51214074000.0,50653074000.0,10.031945788964181,3.828194792461052,0.07950730476256627,0.11045707484962528,0.048514344457924664,10.031945788964181,0.05524462028370163,38.8279560272934,37.27370742358079,8.236687252726044,0.0,0.334916864608076,0.0,0.1526938482554236,2.6147728510731016,0.039765228867125094,204.856296,0.8075815011372252,-0.1538461538461538,1.0653402445916158,0.6421257362779936,1.0108301772725359,-0.035581711181530105,-0.1547736220472441,-0.12426550598476604,0.2601391080157497,0.21500448632070396,0.6425378367901405,Medical Devices,Healthcare,EW
2022Q2,2022,Q2,2022-07-29,2022-06-30,406400000.0,1373900000.0,459500000.0,0.65,1104500000.0,0.80391586,8425100000.0,5943600000.0,3263100000.0,969100000.0,2481500000.0,740000000.0,6848100000.0,59041381000.0,58526081000.0,9.572555967144467,3.367144773501187,0.08104354844452885,0.1148798707853826,0.05986003364687496,9.572555967144467,0.06837606837606838,42.97356503384526,36.31974717027559,9.93360606366512,0.0,0.36405405405405405,0.0,0.16307224840061246,2.2649881333195747,0.04823681618022338,204.22476997578693,0.8039158599606958,0.10169491525423738,1.2210535070297583,0.6599610479671808,1.056425735900031,0.0600825415107016,0.08779443254817987,0.047174111212397445,0.6864441383432397,0.2709755904891207,0.7073241408702942,Medical Devices,Healthcare,EW
2022Q1,2022,Q1,2022-04-28,2022-03-31,373600000.0,1341200000.0,438800000.0,0.59,1041900000.0,0.7768416344,8419900000.0,5844900000.0,3241300000.0,949900000.0,2575000000.0,730600000.0,6441700000.0,73233612000.0,72890912000.0,9.395434817553449,3.4122539214654175,0.08173493746956614,0.11774367397218087,0.056738166369755406,9.395434817553449,0.06391897209533097,54.60305099910528,49.0053613490364,12.529489298362673,0.0,0.4096632904462086,0.0,0.15928930272331027,2.2971891778081903,0.044371073290656655,331.9746690843155,0.776841634357292,0.11320754716981121,0.6529378156522896,0.5461155858258722,1.1704697926867194,0.021270339149186433,0.11422606620936475,0.16454352441613587,0.5000435500900391,0.35412837620941856,0.6997629284142383,Medical Devices,Healthcare,EW
2021Q4,2021,Q4,2022-02-14,2021-12-31,335300000.0,1329700000.0,376800000.0,0.53,1020200000.0,0.767240731,8502600000.0,5835900000.0,3180700000.0,1032300000.0,2666700000.0,726700000.0,6068100000.0,80852155000.0,80679655000.0,9.350905303637237,3.081177952145694,0.08118693105638275,0.11828509741428057,0.0507107180687745,9.350905303637237,0.057454719923233775,60.804809355493724,60.28344393080824,13.854273548210218,0.0,0.4258978945919912,0.0,0.15638745795403758,2.065000484355323,0.03943499635405641,288.96409935668333,0.7672407309919531,-0.018518518518518535,1.1730808326134745,0.7792366768208747,1.288990221520364,0.02173259889834752,-0.014113496030579242,-0.034588777863182166,46.91535010414997,0.3604644754110234,0.8589256722266994,Medical Devices,Healthcare,EW
2021Q3,2021,Q3,2021-10-29,2021-09-30,340100000.0,1310200000.0,390300000.0,0.54,998500000.0,0.7620973897114944,8160300000.0,5541300000.0,3515500000.0,966500000.0,2619000000.0,737800000.0,5732800000.0,70597756000.0,69774956000.0,8.885984605516356,3.637351267459907,0.08383270222908472,0.1234547849782542,0.05378175069787297,8.885984605516356,0.061375489506072585,53.88319035261792,51.89485151426051,12.740287658130764,0.0,0.42247221469232854,0.0,0.16055782262907,2.544128297982411,0.041677389311667465,149.8254584040747,0.7620973897114944,-0.30769230769230765,1.466945590371371,0.8174417376015055,1.111403430302497,-0.04147067293846597,-0.3052093973442288,-0.280022136137244,0.5137419106980246,0.45305922062242737,0.6575468859247181,Medical Devices,Healthcare,EW
2021Q2,2021,Q2,2021-07-30,2021-06-30,489500000.0,1376000000.0,542100000.0,0.78,1041700000.0,0.7570494186046511,7662100000.0,5133300000.0,3322900000.0,886200000.0,2528800000.0,759500000.0,5392700000.0,64451610999.99999,63823010999.99999,8.24891531415716,3.749605055292259,0.08929666801529607,0.1332865797829856,0.08236104457616472,8.24891531415716,0.09535776206339003,46.83983357558139,32.917063840653725,12.555590166169909,0.0,0.4401579986833443,0.0,0.17958523120293393,2.5519070187316633,0.06388587985017162,141.093719352014,0.7570494186046511,0.4444444444444444,2.9553582376339715,0.8538383723652199,1.1249836067467012,0.1283578856152513,0.4473684210526316,0.4135593220338983,0.7487686885164925,0.47261750927192914,0.6384688941747596,Medical Devices,Healthcare,EW
2021Q1,2021,Q1,2021-04-28,2021-03-31,338200000.0,1216600000.0,383500000.0,0.54,923200000.0,0.7588361006082525,7213700000.0,4658400000.0,3069200000.0,799000000.0,2555300000.0,767900000.0,4903200000.0,52124448000.0,51639048000.0,7.474967907573813,3.841301627033792,0.09548497996867072,0.1478619268418341,0.06123388383713687,7.474967907573813,0.07260003434655676,42.84435969094197,38.53078651685393,11.189345698093765,0.0,0.3820810001302253,0.0,0.16865131624547736,2.4967459324155192,0.046883014264524445,267.9920205655527,0.7588361006082525,0.10204081632653071,1.4261342316220367,0.7898037211934461,1.078348620585369,0.031047576502121955,0.09273021001615508,0.09134889015367104,0.6564174910868181,0.375777993863274,0.4522952714409978,Medical Devices,Healthcare,EW
2020Q4,2020,Q4,2021-02-12,2020-12-31,309500000.0,1191700000.0,351400000.0,0.49,895400000.0,0.7513635982210288,7237100000.0,4574300000.0,3091000000.0,893900000.0,2662800000.0,802300000.0,4565000000.0,56881905000.0,56393605000.0,7.336487570168404,3.457881194764515,0.09601912368213787,0.15191395404761385,0.05688384495570933,7.336487570168404,0.06766062566950135,47.73173197952505,45.94661147011308,12.435105917845354,0.0,0.3693132244796211,0.0,0.16466540465103424,2.2434276764738783,0.04276574871150046,198.54068062827224,0.7513635982210288,-0.057692307692307744,1.2840352026099313,0.8438090308111843,0.8975039163145798,0.04128387021746715,-0.0482779827798278,-0.017887087758524316,113.11352961393058,0.3603946353634767,0.5694454838557941,Medical Devices,Healthcare,EW
2020Q3,2020,Q3,2020-10-26,2020-09-30,325200000.0,1140900000.0,357800000.0,0.52,859900000.0,0.7537032167586992,6800800000.0,4210300000.0,2980400000.0,846300000.0,2590500000.0,773300000.0,4255500000.0,49656021999.99999,49322121999.99999,6.7678829770133415,3.521682618456812,0.10147335607575579,0.16390756003135168,0.06393579135804757,6.7678829770133415,0.07723915160439873,43.523553335086326,38.173448646986465,11.79393914922927,0.0,0.3633777317987844,0.0,0.16775967533231384,2.324234904880066,0.04781790377602635,440.2129609929077,0.7537032167586992,3.5999999999999996,1.8576165975749837,0.9236357658103871,0.804470657454288,0.2520384391380314,3.667760459392945,3.1084266352386565,0.9480799374707107,0.41514376677350767,0.3565726542699628,Medical Devices,Healthcare,EW
2020Q2,2020,Q2,2020-07-27,2020-06-30,-121900000.0,925000000.0,-169700000.0,-0.2,686800000.0,0.7424864864864865,6424100000.0,3839100000.0,2690300000.0,873200000.0,2585000000.0,735100000.0,3930300000.0,42868933000.0,42649933000.0,6.189102047396421,3.0809665597801192,0.10655189053719587,0.178296996691933,-0.02665866794382306,6.189102047396421,-0.031752233596415824,46.344792432432435,-87.91823831009025,11.16640176082936,0.0,0.3240375459121208,0.0,0.1439890412664809,1.983165368758589,-0.01897542068149624,348.8114971521562,0.7424864864864865,-1.4081632653061225,-2.12574889701165,0.5608425946777355,0.7459076648602331,-0.2047244094488189,-1.3924661944623309,-1.4738899748673555,-1.6668511526940517,0.1186761653622412,0.32957475266391356,Medical Devices,Healthcare,EW
2020Q1,2020,Q1,2020-04-28,2020-03-31,310600000.0,1128700000.0,358100000.0,0.49,863600000.0,0.7651280233897404,6076100000.0,3901100000.0,2507900000.0,746900000.0,2175000000.0,662200000.0,4052200000.0,39270663180.0,39227263180.0,6.245757284662184,3.3577453474360692,0.10195684731982686,0.15880136371792572,0.06631887166787885,6.245757284662184,0.07961856912152983,34.79282641977496,31.608711509980683,10.06656152879957,0.0,0.4003322259136213,0.0,0.1857606030183835,2.1638773597536485,0.05111831602508188,314.6687754807692,0.7651280233897404,0.1136363636363636,1.60647955696508,0.9800391308543516,0.8247237055510639,-0.02736794684086046,0.10849393290506781,0.15218790218790218,0.36870332025528485,0.2959407909007434,0.44285259618695433,Medical Devices,Healthcare,EW
2019Q4,2019,Q4,2020-02-14,2019-12-31,280200000.0,1174100000.0,310800000.0,0.44,887900000.0,0.7562388212247679,6488100000.0,4148300000.0,2984000000.0,902400000.0,2339800000.0,640900000.0,3741600000.0,48710931120.0,48151731120.0,6.622445721583652,3.3067375886524824,0.0955441500593394,0.1494347081937179,0.056882055745043764,6.622445721583652,0.06754574162910108,41.48788954944212,43.46085931477516,11.742383897018057,0.0,0.4465595256670307,0.0,0.18096206901866493,2.344858156028369,0.043186757294123086,148.5542272644099,0.7562388212247679,0.01538539645030491,1.6396678034609071,0.95443123907302,0.947387068991743,0.10765968063872255,0.02002184200946487,0.05606523955147808,0.8093096196381305,0.5652639221399244,0.6210958198195036,Medical Devices,Healthcare,EW
2019Q3,2019,Q3,2019-10-25,2019-09-30,274700000.0,1094000000.0,294300000.0,0.433333,801600000.0,0.7327239488117002,5966300000.0,3814800000.0,2739700000.0,775800000.0,2151500000.0,611100000.0,3461400000.0,45785241179.99999,45216941179.99999,6.107588856868396,3.531451405001289,0.10363206677505321,0.1620792702107581,0.059420402533594,6.107588856868396,0.07200901751074762,41.85122594149908,41.668402966872954,12.00200303554577,0.0,0.4784814269350352,0.0,0.18336322343831185,2.4837587006960558,0.04604193553793809,126.75869651162789,0.7327239488117002,0.14035000000000006,1.9679625827337104,0.8409137132585401,0.9081358159072056,0.02388555371056329,0.13371853074700785,0.10018691588785046,0.9893707361678942,0.5151106499882944,0.45122736936363256,Medical Devices,Healthcare,EW
2019Q2,2019,Q2,2019-07-26,2019-06-30,242300000.0,1086900000.0,267500000.0,0.38,782900000.0,0.720305455883706,5573500000.0,3500300000.0,2354700000.0,697000000.0,2073200000.0,624900000.0,3186700000.0,38554707810.0,38445807810.0,5.6067595707192055,3.378335724533716,0.11086390957208217,0.1765277261948976,0.05698554346124645,5.6067595707192055,0.06922263805959489,35.47217573833839,39.77992964300454,11.014686686855413,0.0,0.48647783645383263,0.0,0.1950121108818516,2.21506456241033,0.04347358033551628,143.11324354120268,0.720305455883706,-0.03389748635380196,-0.5504397319879435,0.9180859088000155,0.8551584228981609,0.028507619548081977,-0.029635562675210253,-0.024434719183078046,0.9516098788937446,0.4596525429698172,0.44434410113299055,Medical Devices,Healthcare,EW
2019Q1,2019,Q1,2019-04-26,2019-03-31,249700000.0,993000000.0,274200000.0,0.393333,761200000.0,0.7665659617321249,5469300000.0,3447500000.0,2368800000.0,646500000.0,2021800000.0,630900000.0,2944400000.0,39500979210.0,39408279210.0,5.52749719416386,3.6640371229698374,0.11272009215073227,0.17882523567802755,0.059542788127644054,5.52749719416386,0.07242929659173314,39.77943525679758,39.54843733480177,11.457861989847716,0.0,0.36741163417340306,0.0,0.1815588832208875,2.383604021655066,0.04565483699925036,-686.9735514782609,0.7665659617321249,38.333299999999994,3.250511112866005,0.9511290989085781,1.6392479890391585,0.02449528936742934,34.67142857142857,52.735849056603776,0.7898286898286898,0.45968297839802197,0.536871637554454,Medical Devices,Healthcare,EW
2018Q4,2018,Q4,2019-02-15,2018-12-31,7000000.0,977700000.0,-5300000.0,0.01,743000000.0,0.7599468139511097,5323700000.0,3140400000.0,2286900000.0,876600000.0,2183300000.0,607000000.0,2694700000.0,31874697810.0,31996797810.0,5.030273906775589,2.608829568788501,0.11153896725961268,0.18908419309642083,0.005519552008759872,5.030273906775589,0.0022290154120494206,32.6017160785517,1138.3820646428571,10.149884667558272,0.0,0.3866556836902801,0.0,0.18365046865901535,1.704083960757472,0.0013148749929560268,137.15446561962133,0.7599468139511097,-0.9716980865076288,-0.9030808965143864,0.9143501617333802,1.113799040353621,0.08992225319055303,-0.9690128375387339,-1.021293692245882,-0.9484078884768852,0.5107678579445725,0.3010264580905742,Medical Devices,Healthcare,EW
2018Q3,2018,Q3,2018-10-26,2018-09-30,225900000.0,906600000.0,248900000.0,0.353333,681700000.0,0.7519302889918377,5958200000.0,3361300000.0,2912600000.0,1261100000.0,2596900000.0,583800000.0,2687700000.0,35701380000.0,35633580000.0,5.360925039872408,2.3095710094362065,0.20031217481789804,0.35507095469014965,0.04963591478357168,5.360925039872408,0.06720614048136138,39.379417604235606,39.5101593625498,10.621301282241989,0.0,0.38523466940733125,0.0,0.15216004833674598,1.6856712393941797,0.037914135141485686,137.2074558032283,0.7519302889918377,-0.19697045454545453,2.120301640731454,0.9430818958026809,1.4839126732677221,-0.022652329749103944,-0.20091970286522814,-0.012693375644585482,0.9695287020568897,0.5166439546173609,0.4293438530361059,Medical Devices,Healthcare,EW
2018Q2,2018,Q2,2018-07-27,2018-06-30,282700000.0,943700000.0,252100000.0,0.44,697500000.0,0.7391120059340892,5686100000.0,3164200000.0,2696000000.0,1183200000.0,2521900000.0,568100000.0,2461800000.0,30496894050.0,30463594050.0,5.034526650755768,2.2785665990534145,0.20982747401558186,0.37706213260855825,0.06516396032010394,5.034526650755768,0.08934327792174958,32.31630184380629,26.969308498408207,9.638105698122747,0.0,0.4333744059144517,0.0,0.16596612792599497,1.6234787018255579,0.04971773271662475,348.93471453089245,0.7391120059340892,0.375,2.229390355560403,0.9613712167776923,1.153010637581084,0.05490018148820327,0.36834462729912876,-0.0015841584158415843,1.5766778974742328,0.5716210234360733,0.4202090385947408,Medical Devices,Healthcare,EW
2018Q1,2018,Q1,2018-04-27,2018-03-31,206600000.0,894800000.0,252500000.0,0.32,661200000.0,0.7389360751005811,5825100000.0,3245700000.0,2716900000.0,1314500000.0,2579400000.0,573900000.0,2179100000.0,29327125020.0,29154725020.0,5.147002854424358,2.0668695321414985,0.1810441022471717,0.3249222047632252,0.04603756297660888,5.147002854424358,0.06365344917891363,32.775061488600805,35.48780859148113,9.035685682595435,0.0,0.40703955392925595,0.0,0.15361109680520507,1.4804868771395967,0.03546720227978919,279.0402,0.7389360751005811,74.85142857142857,0.5451937390463846,0.9523281823690017,1.209460898689451,0.01224739742804654,74.78571428571429,0.05252188411838266,0.7172408156467484,0.5547810439401469,0.5037180749996271,Medical Devices,Healthcare,EW
2017Q4,2017,Q4,2018-02-16,2017-12-31,-2800000.0,888500000.0,239900000.0,-0.004333023831631074,653200000.0,0.7351716375914462,5695800000.0,2956200000.0,2532100000.0,1402900000.0,2739600000.0,554900000.0,1962100000.0,23759268000.0,23977368000.0,4.674573055028463,1.8049041271651578,0.1819586361880684,0.3505852107435221,-0.0005194234217526006,4.674573055028463,-0.0009471618970299709,26.740875633089477,-2121.363214285714,8.037097625329816,0.0,0.42404036763380787,0.0,0.15599213455528635,1.2828426830137571,-0.0004915902946030408,76.1515,0.7351716375914462,-1.0164545417081456,-1.033534889824348,0.8989735479038856,1.1803930291148783,0.0739888194672805,-1.0164609053497942,0.08699592206615316,-1.0261275726171362,0.4649831432729684,0.37459837394375356,Medical Devices,Healthcare,EW
2017Q3,2017,Q3,2017-10-27,2017-09-30,170100000.0,821500000.0,220700000.0,0.263333,608200000.0,0.7403530127814972,5488400000.0,3162500000.0,2566400000.0,735200000.0,2325900000.0,538400000.0,1964900000.0,23097224130.0,24273424130.0,4.988957248777409,3.4907508161044616,0.1883973471321332,0.3269565217391304,0.042237038892183526,4.988957248777409,0.05378656126482213,28.115914948265367,33.94653752204586,7.303470080632412,0.0,0.3961738484398217,0.0,0.14967932366445594,2.5541349292709468,0.030992639020479558,86.34476310280374,0.7403530127814972,-0.08139757977025615,1.6919195511408869,1.0085856836029357,1.254334519365539,-0.035674647217377516,-0.08597528210639441,-0.12594059405940594,0.8108617848434486,0.36208718438828524,0.5586523967992064,Medical Devices,Healthcare,EW
2017Q2,2017,Q2,2017-07-28,2017-06-30,186100000.0,841800000.0,252500000.0,0.286667,630700000.0,0.7492278450938465,5138500000.0,2939600000.0,2283400000.0,562500000.0,2198900000.0,491600000.0,4331900000.0,24889498950.0,26021698950.0,4.65494853523357,4.059377777777778,0.197878758392527,0.3458974010069397,0.05776761692723055,4.65494853523357,0.06330793305211593,29.56699803991447,33.43565146426652,8.466967937814669,0.0,0.4294141578519121,0.0,0.16382212707988714,2.92,0.03621679478447017,183.01102169117647,0.7492278450938465,-0.18867753648824198,1.9965022176444625,0.9066009599747686,1.2369451555764839,-0.05569696062284773,-0.19157254561251086,-0.18443152454780362,-0.6586492507175828,0.4686129975949653,0.5402242372572928,Medical Devices,Healthcare,EW
2017Q1,2017,Q1,2017-04-28,2017-03-31,230200000.0,883500000.0,309600000.0,0.353333,667900000.0,0.755970571590266,4780400000.0,2742700000.0,2018400000.0,584800000.0,2037700000.0,431400000.0,4145800000.0,19867605120.0,19995105120.0,4.328756313131313,3.451436388508892,0.1773700945527571,0.3091479199329128,0.06760568125886075,4.328756313131313,0.08393189193130857,22.487385534804755,21.57646081668115,7.243812710103183,0.0,0.4997681965693092,0.0,0.18481717011128776,2.442544459644323,0.04815496611162246,181.10852433910665,0.755970571590266,0.4520554137745395,2.817378857701438,1.0770435738042445,1.1296621723238283,0.20450856627592426,0.4523659305993691,0.5029126213592233,2.8573452183526813,0.7088497798621747,1.0668778279136835,Medical Devices,Healthcare,EW
2016Q4,2016,Q4,2017-02-17,2016-12-31,158500000.0,767700000.0,206000000.0,0.243333,554500000.0,0.722287351830142,4510000000.0,2619000000.0,2240000000.0,532500000.0,1891000000.0,396600000.0,3906300000.0,20023668630.0,20256868630.0,4.085166120729995,4.206572769953052,0.18232815964523283,0.31397479954180985,0.04734523049910408,4.085166120729995,0.0605192821687667,26.082673739742088,31.5830735488959,7.645539759450172,0.0,0.5375693393847706,0.0,0.17022172949002218,3.1656338028169015,0.03514412416851441,145.20426852791877,0.722287351830142,0.12307365680975874,1.682322701596726,0.9056022304759929,1.0903690307584681,0.03066914498141264,0.12093352192362093,0.05478750640040963,1.1370179634360302,0.4637768108451658,0.7166501040933124,Medical Devices,Healthcare,EW
2016Q3,2016,Q3,2016-10-28,2016-09-30,141400000.0,739400000.0,195300000.0,0.216667,538000000.0,0.7276169867460103,4339000000.0,2691800000.0,2171400000.0,532800000.0,1647200000.0,401000000.0,3747800000.0,25703413320.0,26214313320.0,4.208567854909318,4.07545045045045,0.13841899055081816,0.22312207444832455,0.0452895574938867,4.208567854909318,0.05252990563934914,34.76252815796592,45.44450728429986,9.548782717883945,0.0,0.5022443890274314,0.0,0.17040792809403088,3.1052927927927927,0.032588153952523624,163.09272411167512,0.7276169867460103,0.12069331154019228,1.9459618657009465,0.9260714345787657,1.1362847017832918,-0.033764367816091954,0.11690363349131122,0.08139534883720931,0.9146475650012077,0.5535095330465318,0.9499834363222525,Medical Devices,Healthcare,EW
2016Q2,2016,Q2,2016-07-29,2016-06-30,126600000.0,759300000.0,180600000.0,0.193333,556800000.0,0.7333069932832872,4051400000.0,2471200000.0,1985100000.0,478200000.0,1580200000.0,367600000.0,3606400000.0,21162684780.0,22085584780.0,3.8818724473766886,4.151191969887076,0.14871402478155699,0.2438086759469084,0.04401525983082663,3.8818724473766886,0.051230171576562,27.87130881074674,41.79045177725118,8.563728059242473,0.0,0.5508705114254625,0.0,0.18741669546329665,3.1074864073609367,0.03124845732339438,188.7839855486173,0.7333069932832872,-0.12121363636363634,1.3576757548573182,0.9052902799368399,0.9302871366972736,0.0769825918762089,-0.11468531468531469,-0.10549777117384844,0.42779905068204066,0.5580374422413735,0.6600791400479116,Medical Devices,Healthcare,EW
2016Q1,2016,Q1,2016-04-29,2016-03-31,143000000.0,697300000.0,201900000.0,0.22,517000000.0,0.7414312347626559,3853800000.0,2299300000.0,1819300000.0,458300000.0,1554500000.0,356600000.0,3479800000.0,18797529690.0,19348729690.0,3.596590020334741,3.969670521492472,0.15626135243136643,0.2619057974166051,0.054285934274641505,3.596590020334741,0.062192841299525944,26.95759313064678,32.862814143356644,8.175327138694387,0.0,0.5056085249579361,0.0,0.18093829467019565,2.924503600261837,0.03710623280917536,236.7447064231738,0.7414312347626559,0.031251611330642734,1.4132468831446365,0.8589500220130294,0.8261077920303214,0.04402261712439418,0.016346837242359632,0.15569547796222094,0.05496468543007213,0.5007065402184687,0.5439130778245992,Medical Devices,Healthcare,EW
2015Q4,2015,Q4,2016-02-19,2015-12-31,140700000.0,671100000.0,174700000.0,0.213333,495200000.0,0.7378930114736999,4059300000.0,2503100000.0,2047900000.0,476200000.0,1556200000.0,339900000.0,3336800000.0,17043905580.0,17431705580.0,3.8663886314488725,4.300503989920202,0.14778410070701845,0.23966281810554912,0.04743389148226267,3.8663886314488725,0.056210299228956095,25.396968529280286,30.2841250533049,6.809118924533578,0.0,0.5175051485731097,0.0,0.16532407065257557,3.2944141117177654,0.0346611484738748,272.70248928,0.7378930114736999,0.19626204908794226,1.28599869563725,0.8005912145405901,1.0144706399599077,0.05631399317406143,0.1913632514817951,0.12130937098844673,0.6460844645151578,0.40109598342136715,0.8034260499558723,Medical Devices,Healthcare,EW
2015Q3,2015,Q3,2015-10-29,2015-09-30,118100000.0,615500000.0,155800000.0,0.178333,468800000.0,0.7616571892770105,3876600000.0,2421400000.0,2145500000.0,532500000.0,1455200000.0,333500000.0,3196100000.0,15297492000.0,15860692000.0,3.7506195786864933,4.029107981220657,0.15603879688386732,0.2498141570991988,0.04034522304694428,3.7506195786864933,0.04877343685471215,24.853764419171405,32.382497883149874,6.31762286280664,0.0,0.439880059970015,0.0,0.1587731517308982,2.983849765258216,0.030464840323995254,86.67134277620397,0.7616571892770105,0.0490176470588234,1.597614622057001,0.8624865615886786,1.0724947748947822,0.023134002618943692,0.04791481810115351,0.06130790190735695,0.8351217848163827,0.4776381062886614,0.694773228877279,Medical Devices,Healthcare,EW
2015Q2,2015,Q2,2015-07-29,2015-06-30,112700000.0,616800000.0,146800000.0,0.17,458200000.0,0.7428664072632944,3608300000.0,2288600000.0,2297000000.0,445200000.0,1319700000.0,313300000.0,3078000000.0,15325511040.0,16139611040.0,3.544919454770756,5.15947888589398,0.16636643294626277,0.2623000961286376,0.04027336019496323,3.544919454770756,0.04924407934982085,24.846807782101166,33.99625341614907,6.696456803285852,0.0,0.5062240663900415,0.0,0.17093922345702964,3.9532794249775383,0.03123354488263171,101.02512221489782,0.7428664072632944,-0.08928734055832037,1.065650557620818,0.7799769541158892,1.1577770594256775,0.008584635703279771,-0.08670988654781199,-0.1124546553808948,0.7750148040925091,0.36648567770596496,0.7035183829074022,Medical Devices,Healthcare,EW
2015Q1,2015,Q1,2015-04-29,2015-03-31,123400000.0,590300000.0,165400000.0,0.186667,454300000.0,0.7696086735558191,3488400000.0,2213900000.0,2254800000.0,405300000.0,1274500000.0,298500000.0,2965300000.0,15357231120.0,16416731120.0,3.4228509585652445,5.563286454478164,0.17277261781905745,0.2722345182709246,0.04459355797224149,3.4228509585652445,0.05573874158724423,26.015976825343046,31.11270486223663,6.936732065585618,0.0,0.4556113902847571,0.0,0.1692179795894966,4.234147545028374,0.035374383671597294,292.518688,0.7696086735558191,0.11999976000047993,1.7165921828994606,0.8204691888769924,1.0189321502887658,-0.007211538461538462,0.13003663003663005,0.17890235210263722,1.0045655463693646,0.3594304525738073,0.6839747217569067,Medical Devices,Healthcare,EW
2014Q4,2014,Q4,2015-02-20,2014-12-31,109200000.0,618000000.0,140300000.0,0.166667,457600000.0,0.7404530744336569,3524300000.0,2191400000.0,2294600000.0,434400000.0,1332900000.0,296800000.0,2841900000.0,13680612000.0,14409912000.0,3.4006828057107388,5.282228360957642,0.1697074596373748,0.27293054668248606,0.041326532057291594,3.4006828057107388,0.049831158163730946,22.136912621359222,31.32008241758242,6.242863922606553,0.0,0.5404312668463612,0.0,0.1753539710013336,4.060313075506445,0.03098487642936186,285.6077661795407,0.7404530744336569,0.1494275862068967,1.4094643443969763,0.8721448678924836,0.9877209801407963,0.04165718188026406,0.1543340380549683,0.0833976833976834,0.8385466006781821,0.5261577699342129,0.7401206732861737,Medical Devices,Healthcare,EW
2014Q3,2014,Q3,2014-10-31,2014-09-30,94600000.0,607400000.0,129500000.0,0.145,439300000.0,0.723246624958841,3350000000.0,2043400000.0,2309200000.0,427800000.0,1306600000.0,303600000.0,2732700000.0,10868760000.0,11074660000.0,3.200814536340852,5.397849462365591,0.18208955223880596,0.2985220710580405,0.038088211610364624,3.200814536340852,0.046295390036214155,17.89390846229832,28.722938689217756,5.318958598414407,0.0,0.5536890645586298,0.0,0.1813134328358209,4.296400187003273,0.028238805970149255,-1842.1627118644067,0.723246624958841,-0.8290765536646576,0.3644928648150991,0.9770811739203704,0.9867124708322529,0.036329322953526776,-0.8270566727605119,0.08549874266554904,0.974624060150376,0.585197243168498,0.6247453677749667,Medical Devices,Healthcare,EW
2014Q2,2014,Q2,2014-08-04,2014-06-30,547000000.0,575100000.0,119300000.0,0.848333,423900000.0,0.7370892018779343,3326600000.0,1914900000.0,2278100000.0,540500000.0,1411700000.0,317100000.0,2638100000.0,9064725120.0,10149625120.0,3.022253787878788,4.214801110083256,0.179763121505441,0.3122878479293958,0.03193413770482921,3.022253787878788,0.2856546033735443,15.761998122065728,4.142927385740402,4.733785116716277,0.0,0.4768211920529801,0.0,0.17287921601635303,3.3517113783533765,0.16443215294895688,11.895964724409449,0.7370892018779343,8.089314604695018,11.257336523125998,0.8245393578105947,1.0319090365322048,0.1258964143426295,8.071310116086236,0.27593582887700535,9.235031033223803,0.4499151416765055,0.5028359869267321,Medical Devices,Healthcare,EW
2014Q1,2014,Q1,2014-05-02,2014-03-31,60300000.0,522400000.0,93500000.0,0.093333,376500000.0,0.7207120980091883,2651700000.0,1340800000.0,1603300000.0,356200000.0,1310900000.0,308000000.0,2091100000.0,7913896320.0,8879496320.0,2.0943455170259293,4.501122964626615,0.27356035750650526,0.5410202863961814,0.035300192352410754,2.0943455170259293,0.04497315035799523,15.149112404287902,32.81051542288557,5.902368973747016,0.0,0.4737012987012987,0.0,0.19700569446015764,3.191184727681078,0.022740128973865823,63.51441669341894,0.7207120980091883,-0.17647110726796258,0.04620198749874133,0.7491184722477575,0.4919963823189065,-0.03585147247119078,-0.20448548812664907,-0.2298187808896211,0.016183322993254663,0.390721765332141,0.06336853692567067,Medical Devices,Healthcare,EW
2013Q4,2013,Q4,2014-02-28,2013-12-31,75800000.0,536000000.0,121400000.0,0.113333,390500000.0,0.7285447761194029,2724700000.0,1559200000.0,1725800000.0,345600000.0,1165500000.0,308900000.0,2045600000.0,7180992000.000001,7870192000.000001,2.3797313797313797,4.9936342592592595,0.2176753404044482,0.38038737814263723,0.042122975787844325,2.3797313797313797,0.048614674191893276,13.39737313432836,23.68401055408971,4.605561826577732,0.0,0.4710262220783425,0.0,0.19671890483355967,3.660011574074074,0.027819576467133997,79.1730099228225,0.7285447761194029,0.0,1.0405141664984185,0.775084241987697,0.819730868433645,0.06723148401202514,-0.014304291287386216,0.19842053307008883,0.2168859946637725,0.4209915127346321,0.23989061949618437,Medical Devices,Healthcare,EW
2013Q3,2013,Q3,2013-11-07,2013-09-30,76900000.0,495600000.0,101300000.0,0.113333,365900000.0,0.7382970137207425,2530600000.0,1437400000.0,1570400000.0,335100000.0,1093200000.0,313900000.0,1969800000.0,7728930000.0,8076630000.0,2.1582582582582583,4.686362279916443,0.21026633999841934,0.3701822735494643,0.03959262639130626,2.1582582582582583,0.053499373869486576,15.595096852300243,25.126560468140443,5.377021010157228,0.0,0.41318891366677285,0.0,0.19584288311072473,3.2390331244404655,0.030388050264759346,70.58383561643835,0.7382970137207425,-0.17073616893617335,1.3584435499329117,0.6471174732044296,0.658490050942881,-0.06705762366139725,-0.18278427205100956,-0.17170891251022077,0.6396096096096094,0.4537364535644845,0.19259734805742107,Medical Devices,Healthcare,EW
2013Q2,2013,Q2,2013-08-06,2013-06-30,94100000.0,517200000.0,122300000.0,0.136667,392200000.0,0.7583139984532096,2339700000.0,1579800000.0,1390600000.0,314200000.0,759900000.0,299500000.0,1892900000.0,7550978520.0,7607878520.0,2.338365896980462,4.425843411839592,0.09714920716331153,0.1438789720217749,0.05228614299062474,2.338365896980462,0.0595645018356754,14.599726450116009,20.061048140276302,4.779705355108241,0.0,0.41736227045075125,0.0,0.22105398127965123,2.917886696371738,0.040218831474120614,76.97225810397553,0.7583139984532096,-0.33870913111430456,1.3323863255052326,0.5535169389521077,0.7324703536304592,0.0472630173564753,-0.3505866114561767,0.11689497716894977,0.6481488918063171,0.4262721806003282,0.4233531546837595,Medical Devices,Healthcare,EW
2013Q1,2013,Q1,2013-05-06,2013-03-31,144900000.0,496700000.0,109500000.0,0.206667,374500000.0,0.753976243205154,2296600000.0,1592000000.0,1360700000.0,300400000.0,704600000.0,288500000.0,1798800000.0,9372831000.0,9320431000.0,2.3295288264559555,4.529627163781624,0.08390664460506836,0.1210427135678392,0.046279634047130966,2.3295288264559555,0.0910175879396985,18.870205355345277,16.171206004140785,5.887456658291457,0.0,0.42357019064124785,0.0,0.2162762344335104,2.954727030625832,0.06309326830967517,145.76720062208398,0.753976243205154,0.6103963906399755,6.842709529276695,0.6485396467795792,1.0167680117928874,-0.026514166883285676,0.5905598243688255,-0.16982562547384383,2.0190667086321996,0.44977212924751725,0.3740477454875249,Medical Devices,Healthcare,EW
2012Q4,2012,Q4,2013-02-28,2012-12-31,91100000.0,510500000.0,131900000.0,0.128333,384700000.0,0.7535749265426053,2221500000.0,1479300000.0,1291900000.0,347400000.0,742200000.0,281000000.0,1653900000.0,10369596000.0,10458496000.0,2.143913043478261,3.718767990788716,0.08521269412559082,0.12796592983167715,0.05893044592004862,2.143913043478261,0.06158318123436761,20.312626836434866,28.45663007683864,7.00979922936524,0.0,0.44768683274021354,0.0,0.22979968489759173,2.5011514104778354,0.041008327706504616,146.87813031161474,0.7535749265426053,0.3275781807648939,4.725712713263621,0.7302003264579314,0.7592924759177299,0.14425936942296252,0.31647398843930635,0.39429175475687106,0.8772524662038726,0.4442858755220025,0.25313096798176615,Medical Devices,Healthcare,EW
2012Q3,2012,Q3,2012-11-07,2012-09-30,69200000.0,447900000.0,94600000.0,0.096667,336200000.0,0.7506139763340032,2195800000.0,1536300000.0,1387700000.0,298600000.0,659500000.0,286000000.0,1562800000.0,12469012140.0,12655312140.0,2.2130509939498704,4.64735432016075,0.07987977047089899,0.11417040942524247,0.04094705802951572,2.2130509939498704,0.045043285816572284,27.838830408573344,45.04700917630058,8.116261238039446,0.0,0.3905594405594406,0.0,0.20398032607705618,3.1744809109176155,0.031514709900719556,118.07776647727273,0.7506139763340032,0.017547368421052652,1.347177051683017,0.6912516143708599,0.840716850029681,-0.045428733674048836,0.02064896755162242,-0.012526096033402923,-0.08210184678884518,0.340722953208421,0.3736178583137126,Medical Devices,Healthcare,EW
2012Q2,2012,Q2,2012-08-07,2012-06-30,67800000.0,482000000.0,95800000.0,0.095,352200000.0,0.7307053941908713,2075100000.0,1434600000.0,1278800000.0,284300000.0,640500000.0,265400000.0,1493600000.0,11869192980.0,11951692980.0,2.0809399477806787,4.498065423848048,0.08920052045684546,0.1290255123379339,0.044606785626061435,2.0809399477806787,0.04726056043496445,24.624881701244814,43.76546084070796,8.273520828105395,0.0,0.48907309721175585,0.0,0.23227796250783095,2.9630671825536403,0.03267312418678618,100.07751247892074,0.7307053941908713,0.036359867782299,0.9443841785930709,0.7696973412077361,0.7781406364937068,0.06116300090388671,0.041474654377880185,0.11265969802555169,0.3963116668956989,0.4054027411900971,0.39904884935030377,Medical Devices,Healthcare,EW
2012Q1,2012,Q1,2012-05-09,2012-03-31,65100000.0,459200000.0,86100000.0,0.091667,331900000.0,0.7227787456445993,2004200000.0,1390300000.0,1188000000.0,265200000.0,613900000.0,268300000.0,1425800000.0,8291242800.0,8453542800.0,2.0326023391812864,4.479638009049774,0.08951202474802913,0.12903689851111272,0.04171514111572007,2.0326023391812864,0.04682442638279508,18.055842334494773,31.84041013824885,5.963635762065742,0.0,0.4744688781215058,0.0,0.22911885041413033,2.8514328808446456,0.03248178824468616,-170.25139219712526,0.7227787456445993,0.03774353865486289,0.9918040583386178,0.7661890432252538,0.7990472678511565,0.06857694784288473,0.03169572107765452,-0.004624277456647399,0.057155284906481134,0.43905537368141256,0.44801099536714145,Medical Devices,Healthcare,EW
2011Q4,2011,Q4,2012-02-27,2011-12-31,63100000.0,430200000.0,86500000.0,0.088333,310600000.0,0.7219897721989772,1980500000.0,1337900000.0,1168500000.0,335200000.0,642600000.0,261300000.0,1360700000.0,8066915640.0,8325415640.0,1.9542798714577856,3.485978520286396,0.07594041908608937,0.1124149786979595,0.053460235708301225,1.9542798714577856,0.04716346513192316,18.751547280334727,31.960838510301112,6.029535570670454,0.0,0.4577114427860697,0.0,0.2172178742741732,2.3007159904534604,0.03186064125220904,76.53620151802656,0.7219897721989772,0.23254775559183447,2.109756252460974,0.652379016504229,0.8212824422552942,0.08185301288749565,0.22286821705426357,0.44407345575959933,0.6256863597571776,0.36352020855330014,0.49439698864318604,Medical Devices,Healthcare,EW
2011Q3,2011,Q3,2011-11-08,2011-09-30,51600000.0,412700000.0,59900000.0,0.071667,287100000.0,0.6956627089895808,1982900000.0,1354600000.0,1181900000.0,302000000.0,628300000.0,247900000.0,1297600000.0,8168688000.000001,7892588000.000001,1.9700407213496218,3.9135761589403972,0.08825457663018811,0.12918942861361288,0.03508133934797769,1.9700407213496218,0.03809242580835671,19.793283256602862,39.57697674418605,6.030332201387864,0.0,0.5066559096409843,0.0,0.20812950728730648,2.6420529801324504,0.026022492309244038,105.13111969111971,0.6956627089895808,-0.10416250000000009,0.8852687483521039,0.694350036187872,0.890199807378178,-0.05372445616348055,-0.11187607573149742,-0.20451527224435592,0.5328060599309348,0.3285139121697282,0.513856334759229,Medical Devices,Healthcare,EW
2011Q2,2011,Q2,2011-08-08,2011-06-30,58100000.0,431200000.0,75300000.0,0.08,303400000.0,0.7036178107606679,2002400000.0,1385200000.0,1216800000.0,313300000.0,617200000.0,229400000.0,1246000000.0,10008264000.0,9714864000.0,2.011033681765389,3.883817427385892,0.08729524570515382,0.1261911637308692,0.03852255917159764,2.011033681765389,0.0419434016748484,23.21025974025974,43.064819277108434,7.225140051978054,0.0,0.5571054925893636,0.0,0.21534159009188975,2.6565592084264282,0.029015181781861767,249.5826433915212,0.7036178107606679,-0.0943362050422831,0.6486723870008785,0.6525143029208068,0.9642654566080544,0.054570733402850194,-0.09076682316118936,-0.039540816326530615,0.4124838729495608,0.2703773191578069,0.4899534064834843,Medical Devices,Healthcare,EW
2011Q1,2011,Q1,2011-05-09,2011-03-31,63900000.0,404500000.0,78400000.0,0.088333,287700000.0,0.711248454882571,1931100000.0,1357800000.0,1150300000.0,445200000.0,573300000.0,217700000.0,1187900000.0,9996300000.0,9712000000.0,1.969538729329852,2.583782569631626,0.07741701620837864,0.11010458093975549,0.03928681833516603,1.969538729329852,0.04706142288996907,24.71273176761434,39.109154929577464,7.3621299160406535,0.0,0.5365181442351861,0.0,0.2094661073999275,1.7699910152740341,0.03308994873388224,14280.42857142857,0.711248454882571,-0.07086770370370374,0.43386309456237937,0.6246135194535596,0.9358062980540371,0.03155252778773754,-0.013888888888888888,-0.02729528535980149,2.4284853527673373,0.3308449395818231,0.7051099184476035,Medical Devices,Healthcare,EW
2010Q4,2010,Q4,2011-02-28,2010-12-31,64800000.0,392400000.0,80600000.0,0.09507042253521127,278900000.0,0.7107543323139653,1767200000.0,1308200000.0,1032600000.0,337800000.0,459000000.0,203600000.0,1124000000.0,9183469440.0,8829169440.0,1.9193075117370892,3.0568383658969807,0.02365323675871435,0.031952300871426385,0.05518972895863053,1.9193075117370892,0.049533710441828464,23.403337003058105,35.43005185185185,7.019927717474392,0.0,0.5574656188605108,0.0,0.22204617473970123,2.068087625814091,0.03666817564508828,127.01894107883817,0.7107543323139653,0.42604920778213,0.7674231920017516,0.6544867926018263,0.9960798122065727,0.10193599367838799,0.35,0.19584569732937684,3.122927438045997,0.3463226457722442,0.5749814455595851,Medical Devices,Healthcare,EW
2010Q3,2010,Q3,2010-11-08,2010-09-30,48000000.0,348900000.0,67400000.0,0.066667,253100000.0,0.7254227572370306,1725400000.0,1233500000.0,992400000.0,382200000.0,491900000.0,212200000.0,1059200000.0,7616880000.000001,7457080000.000001,1.809712441314554,2.596546310832025,0.11661064101078011,0.16311309282529388,0.034062933459567214,1.809712441314554,0.03891366031617349,21.831126397248497,39.67125,6.175014187271991,0.0,0.4514608859566447,0.0,0.20221397936710328,1.738356881214024,0.027819636026428653,95.21100000000001,0.7254227572370306,-0.16666249999999996,12.485275288092192,0.5248145159875816,0.9700389075960618,-0.04418429003021148,-0.16521739130434782,-0.08423913043478261,0.6581966022941774,0.3417856988911278,0.5052378790831906,Medical Devices,Healthcare,EW
2010Q2,2010,Q2,2010-08-06,2010-06-30,57500000.0,365200000.0,73600000.0,0.08,264800000.0,0.7250821467688937,1641900000.0,1117800000.0,918900000.0,247700000.0,524100000.0,182300000.0,1011200000.0,6352690680.0,6209890680.0,1.6428571428571428,3.709729511505854,0.10810646202570193,0.15879405976024333,0.04920477090946973,1.6428571428571428,0.051440329218107,17.3951004381161,27.620394260869567,5.683208695652175,0.0,0.5507405375754251,0.0,0.22242523905231742,2.480016148566815,0.03502040319142457,196.67773003095976,0.7250821467688937,0.1999940000299998,3.3482674178117824,0.48674926263358986,0.7756860035838423,0.09466721785861927,0.20545073375262055,0.17384370015948963,0.6708105294542736,0.35859403406480916,0.4038036267138433,Medical Devices,Healthcare,EW
2010Q1,2010,Q1,2010-05-07,2010-03-31,47700000.0,340500000.0,62700000.0,0.066667,241900000.0,0.7104258443465492,1604400000.0,1151500000.0,872700000.0,242200000.0,452900000.0,174600000.0,953700000.0,5596608000.0,5404708000.0,1.69537691401649,3.6032204789430224,0.0805908750934929,0.11228831958315241,0.03565030920560146,1.69537691401649,0.041424229266174555,16.43644052863436,29.33232704402516,4.860276161528441,0.0,0.5647193585337915,0.0,0.21222887060583395,2.476465730800991,0.02973074046372476,1472.7915789473684,0.7104258443465492,-0.05209610084033613,0.60717926066866,0.4369574992942793,0.8677659568087855,-0.012653061224489797,0.0021008403361344537,-0.026397515527950312,0.46974647707437533,0.31889690033355506,0.5005705475906463,Medical Devices,Healthcare,EW
2009Q4,2009,Q4,2010-02-26,2009-12-31,47600000.0,346700000.0,64400000.0,0.07033096926713948,245000000.0,0.7066628208826075,1615500000.0,1157900000.0,889200000.0,290500000.0,457600000.0,165900000.0,906000000.0,4898340000.0,4654540000.0,1.7108451536643026,3.0609294320137694,0.05589600742804086,0.07798600915450385,0.03935718717003767,1.7108451536643026,0.041108904050436136,14.128468416498414,25.7265756302521,4.230365316521288,0.0,0.6130198915009042,0.0,0.2146084803466419,2.0867469879518072,0.029464562055091303,116.07440758293839,0.7066628208826075,-0.324824855595923,0.9453709028177115,0.5478095246641602,0.9513604013454965,0.07834507042253522,-0.3523809523809524,0.14184397163120568,1.3729057457087062,0.3470063765701103,0.5944145387231772,Medical Devices,Healthcare,EW
2009Q3,2009,Q3,2009-11-06,2009-09-30,73500000.0,325700000.0,56400000.0,0.104167,227200000.0,0.697574455019957,1602100000.0,1090400000.0,877200000.0,296300000.0,511700000.0,168700000.0,858400000.0,3942969120.0,3759569120.0,1.6111111111111112,2.9605129935875802,0.06385369202921166,0.09381878209831254,0.03689642779135708,1.6111111111111112,0.06740645634629494,12.106137918329752,13.411459591836735,3.6160758620689655,0.0,0.5838767042086545,0.0,0.20329567442731414,1.9237259534255822,0.04587728606204357,66.37995151515152,0.697574455019957,0.5432148148148146,5.274236444749485,0.5336161694555916,0.9259135658267981,-0.0273972602739726,0.5473684210526316,-0.0976,1.728264197152916,0.358507198266224,0.545816733067729,Medical Devices,Healthcare,EW
2009Q2,2009,Q2,2009-08-07,2009-06-30,47500000.0,335500000.0,62500000.0,0.0675,233600000.0,0.696274217585693,1465100000.0,1003100000.0,745600000.0,245100000.0,462000000.0,160900000.0,784900000.0,3823308480.0,3759308480.0,1.4873962040332147,3.0420236638106894,0.07774213364275476,0.11354800119629149,0.04232147642969966,1.4873962040332147,0.04735320506430067,11.395852399403875,20.12267621052632,3.811492852158309,0.0,0.6333126165320074,0.0,0.22899460787659545,1.8882088943288453,0.03242099515391441,81.69462564102564,0.696274217585693,-0.21358917898710286,0.9721233689205219,0.5140672546289133,0.8116698902758706,0.0789838337182448,-0.21487603305785125,0.1425959780621572,0.37666229631017045,0.31321119458723257,0.4528055946370936,Medical Devices,Healthcare,EW
2009Q1,2009,Q1,2009-05-08,2009-03-31,60500000.0,313500000.0,54700000.0,0.085833,216500000.0,0.6905901116427432,1358900000.0,943300000.0,649000000.0,200200000.0,415600000.0,146100000.0,737400000.0,3395280000.0,3375280000.0,1.403720238095238,3.241758241758242,0.0905143866362499,0.1303933001166119,0.03651273507621186,1.403720238095238,0.06413654192727658,10.830239234449762,14.0300826446281,3.599363935121383,0.0,0.6639288158795346,0.0,0.23070130252410037,2.028971028971029,0.04452130399587902,-72.08662420382166,0.6905901116427432,0.5139048818897639,2.0368645042558082,0.41980243161094216,0.7606817156887306,0.026552868658131817,0.5879265091863517,-0.0036429872495446266,0.39272127329192535,0.29172804335742086,0.37967862075769543,Medical Devices,Healthcare,EW
2008Q4,2008,Q4,2009-03-02,2008-12-31,38100000.0,309700000.0,54900000.0,0.05669642857142857,210900000.0,0.6809815950920245,1400200000.0,878800000.0,691900000.0,258500000.0,521400000.0,151800000.0,676900000.0,3077222400.0,3042122400.0,1.3077380952380953,2.676595744680851,0.12533923725182117,0.1997041420118343,0.05835179182172727,1.3077380952380953,0.04335457441966318,9.936139489828866,20.191748031496065,3.501618570778334,0.0,0.6508563899868248,0.0,0.2211826881874018,1.6692456479690523,0.02721039851449793,85.95593296089386,0.6809815950920245,0.2149147914249592,1.1274659863945578,0.4584743736852171,0.46031783521155273,0.06139909411172622,0.1580547112462006,0.23927765237020315,0.054024796447076306,0.32445076949482227,0.360047619047619,Medical Devices,Healthcare,EW
2008Q3,2008,Q3,2008-11-07,2008-09-30,32900000.0,303600000.0,44300000.0,0.046667,198700000.0,0.6544795783926218,1381200000.0,874500000.0,676300000.0,229900000.0,506700000.0,143800000.0,639400000.0,3234604800.0,3247104800.0,1.3013392857142858,2.9417137886037406,0.14682884448305822,0.2319039451114923,0.03102962128392677,1.3013392857142858,0.03762149799885649,10.654166007905138,24.579063829787234,3.6988048027444247,0.0,0.7294853963838664,0.0,0.21980886185925283,1.8621139625924314,0.023819866782507963,2021.628,0.6544795783926218,-0.1641681442874286,0.4171938775510203,0.5546163443543356,0.5947983781381917,-0.07409133271202237,-0.1712846347607053,-0.15939278937381404,8.98465909090909,0.3457925636007827,0.41662783893897376,Medical Devices,Healthcare,EW
2008Q2,2008,Q2,2008-08-08,2008-06-30,39700000.0,327600000.0,52700000.0,0.055833,214600000.0,0.6550671550671551,1348300000.0,897300000.0,635100000.0,226600000.0,451000000.0,136800000.0,606500000.0,3437016000.0,3410416000.0,1.3497292418772564,2.8027360988526038,0.10509530519913966,0.15791819904156915,0.0386498534136064,1.3497292418772564,0.0442438426390282,10.491501831501832,21.64367758186398,3.8303978602474085,0.0,0.8260233918128655,0.0,0.24297263220351553,1.6831421006178289,0.029444485648594525,202.17741176470588,0.6550671550671551,1.161305307165254,1.0037812034834976,0.6018736760449922,0.7094960702130547,0.10675605982465189,1.1813186813186813,0.5187319884726225,2.07264369010207,0.3649732807243706,0.4588580229569499,Medical Devices,Healthcare,EW
2008Q1,2008,Q1,2008-05-09,2008-03-31,18200000.0,296800000.0,34700000.0,0.025833,193900000.0,0.6533018867924528,1310300000.0,777600000.0,591600000.0,391600000.0,532700000.0,139500000.0,566800000.0,2499255000.0,2549255000.0,1.1550802139037433,1.5107252298263534,0.162481874379913,0.27379115226337447,0.018374558303886925,1.1550802139037433,0.023405349794238684,8.420670485175203,34.330425824175826,3.2140625000000003,0.0,0.7376344086021506,0.0,0.22651301228726245,0.8807456588355465,0.013889948866671754,120.15649038461538,0.6533018867924528,0.12030199999999992,0.3155817813018623,0.46392702107580985,0.5009661122108311,0.0025853154084798345,0.1518987341772152,-0.2356828193832599,-0.3813131313131313,0.2637008381689233,0.27253089450281237,Medical Devices,Healthcare,EW
2007Q4,2007,Q4,2008-02-29,2007-12-31,15800000.0,293000000.0,45400000.0,0.023058960887332166,193400000.0,0.6600682593856655,1345100000.0,835000000.0,581700000.0,375400000.0,510100000.0,152600000.0,548600000.0,2626029000.0,2695929000.0,1.2186223000583771,1.5495471497069793,0.15738606795033827,0.25353293413173655,0.03496508950384396,1.2186223000583771,0.018922155688622756,8.962556313993174,41.5510917721519,3.1449449101796407,0.0,0.6526867627785059,0.0,0.2178276708051446,0.8963771976558338,0.011746338562188685,44.889384615384614,0.6600682593856655,-0.4235259778166959,-0.2514870023485356,0.4830633068351241,0.5913933039694491,0.1329818394844757,-0.4570446735395189,0.24043715846994534,-0.36218380001217126,0.2920350321788159,0.3899395251740509,Medical Devices,Healthcare,EW
2007Q3,2007,Q3,2007-11-09,2007-09-30,29100000.0,261400000.0,36600000.0,0.04,170700000.0,0.6530221882172915,1299700000.0,823800000.0,564800000.0,348800000.0,475900000.0,158300000.0,532800000.0,2825353680.0,2860853680.0,1.202276707530648,1.6192660550458715,0.16249903823959375,0.2563729060451566,0.026521739130434784,1.202276707530648,0.035324107793153675,10.80854506503443,24.27279793814433,3.4296597232337946,0.0,0.572962728995578,0.0,0.20112333615449718,0.8956422018348624,0.022389782257444025,64.65340228832952,0.6530221882172915,-0.15789473684210525,2.7192765263602876,0.6207761973470455,0.845866854369199,-0.04047217537942664,-0.166189111747851,-0.2229299363057325,1.4536325631320266,0.21575901677147538,0.43719511642742576,Medical Devices,Healthcare,EW
2007Q2,2007,Q2,2007-08-08,2007-06-30,34900000.0,272600000.0,47100000.0,0.0475,177900000.0,0.6526045487894351,1251800000.0,807500000.0,541200000.0,323600000.0,444300000.0,143500000.0,503700000.0,2837073000.0,2879773000.0,1.1702898550724639,1.672435105067985,0.16584118868828887,0.25708978328173376,0.03460123923625057,1.1702898550724639,0.04321981424148607,10.407457813646369,20.322872492836677,3.513403095975232,0.0,0.6599303135888501,0.0,0.21776641636044097,0.9341779975278122,0.027879853011663205,123.351,0.6526045487894351,0.05555555555555561,0.17622620062517752,0.6269303542673109,0.7364017115712371,0.04095962551199532,0.05120481927710843,0.05605381165919283,0.41623188405797107,0.20239445494643984,0.4254298132407697,Medical Devices,Healthcare,EW
2007Q1,2007,Q1,2007-05-09,2007-03-31,33200000.0,264100000.0,44600000.0,0.045,170900000.0,0.6471033699356304,1249200000.0,785000000.0,542100000.0,179400000.0,464200000.0,141500000.0,468800000.0,2935529999.9999995,2979829999.9999995,1.1298215313759354,3.0217391304347827,0.1797150176112712,0.2859872611464968,0.03288756810302129,1.1298215313759354,0.04229299363057325,11.11522150700492,22.104894578313253,3.739528662420382,0.0,0.6586572438162545,0.0,0.21141530579570925,1.725195094760312,0.026577009285943004,130.468,0.6471033699356304,0.5182608695652174,0.6347482396705193,0.6665794063531892,0.653261364851153,0.01605231866825208,0.6038647342995169,0.03480278422273782,1.550318584710715,0.15682651673832348,0.4171314613119414,Medical Devices,Healthcare,EW
