Quarters,Year,Quarter,FillingDate,Date,NetIncome,Revenue,OperatingIncome,EPSDiluted,GrossProfit,GrossProfitRatio,TotalAssets,CommonStockEquity,CurrentAssets,CurrentLiability,TotalLiability,Inventory,RetainedEarnings,MarketCap,EnterpriseValue,bookValuePerShare,currentRatio,debtToAssets,debtToEquity,roic,shareholdersEquityPerShare,roe,priceToSalesRatio,peRatio,pbRatio,payoutRatio,inventoryTurnover,dividendYield,assetTurnover,quickRatio,returnOnAssets,priceToFreeCashFlowsRatio,grossProfitMargin,epsdilutedGrowth,fiveYNetIncomeGrowthPerShare,fiveYRevenueGrowthPerShare,fiveYShareholdersEquityGrowthPerShare,grossProfitGrowth,netIncomeGrowth,operatingIncomeGrowth,threeYNetIncomeGrowthPerShare,threeYRevenueGrowthPerShare,threeYShareholdersEquityGrowthPerShare,Industry,Sector,Symbol
2023Q1,2023,Q1,2023-05-02,2023-03-31,5434000000.0,7310000000.0,7991000000.0,22.1,8552000000.0,1.1699042408,40265000000.0,1902000000.0,5048000000.0,3526000000.0,34825000000.0,465000000.0,394000000.0,38438640000.0,62489640000.0,7.798277982779828,1.4316505955757233,0.6705327207251955,14.195057833859096,0.2078985838568783,7.798277982779828,2.856992639327024,5.25836388508892,1.7684320942215679,20.209589905362776,0.018218623481781375,-2.670967741935484,0.0025755333695468936,0.18154724947224637,1.0995462280204198,0.13495591704954676,14.189235880398671,1.1699042407660738,0.4005069708491763,13.697062096671385,2.1481895996480036,2.3145987580133496,0.16798688882818902,0.380238760477521,0.1907316346297124,14.031318846521796,1.7990914829783216,9.066144538996411,Oil & Gas Midstream,Energy,LNG
2022Q4,2022,Q4,2023-02-23,2022-12-31,3937000000.0,9085000000.0,6711000000.0,15.78,7322000000.0,0.8059438635,41266000000.0,-2969000000.0,5608000000.0,6795000000.0,41437000000.0,826000000.0,-4942000000.0,37070112000.0,63666112000.0,-12.010517799352751,0.8253127299484916,0.677288809189163,-9.413607275176828,0.1933014930770885,-12.010517799352751,-1.326035702256652,4.080364556962025,2.35395681991364,-12.485723139104076,0.02489204978409957,2.1343825665859564,0.0026436391667767284,0.22015703000048467,0.48520971302428256,0.09540541850433772,15.063028037383178,0.8059438635112823,2.491493383742911,12.372467348589922,3.9486285341992984,-0.6007215048910611,3.9276289484206317,2.489031770045386,3.225132625994695,3.314877425892036,2.1092822249702152,-217.24826629681,Oil & Gas Midstream,Energy,LNG
2022Q3,2022,Q3,2022-11-03,2022-09-30,-2644000000.0,8852000000.0,-3016000000.0,-10.58,-2501000000.0,-0.2825350203,43642000000.0,-6179000000.0,7206000000.0,9375000000.0,47972000000.0,1129000000.0,-8880000000.0,41460909000.0,68824909000.0,-24.725890356142457,0.76864,0.6843866000641584,-4.833791875708044,-0.08855915723859664,-24.725890356142457,0.42790095484706264,4.683789990962494,-3.9202826210287447,-6.70997070723418,-0.030635400907715583,10.055801594331266,0.001953647470681359,0.20283213418266807,0.5045333333333333,-0.06058384125383805,19.90442102736438,-0.2825350203343877,-4.6482758620689655,-7.51543939375058,4.872556292652486,-2.0381627558577584,-2.2637695805962608,-4.568151147098516,-3.041976980365606,-7.517419546434925,3.178836511563151,-6.033142145747188,Oil & Gas Midstream,Energy,LNG
2022Q2,2022,Q2,2022-08-04,2022-06-30,741000000.0,8007000000.0,1477000000.0,2.9,1979000000.0,0.2471587361,41313000000.0,-3562000000.0,6186000000.0,7556000000.0,42508000000.0,746000000.0,-6311000000.0,33736408000.0,61707408000.0,-14.045741324921135,0.8186871360508206,0.7407353617505386,-8.591240875912408,0.04204500648805258,-14.045741324921135,-0.20802919708029197,4.213364306232047,11.382053981106614,-9.471198203256598,0.11336032388663968,8.080428954423592,0.002489891632802164,0.19381308546946482,0.5974060349391213,0.017936242829133687,20.177277511961723,0.24715873610590733,1.9446254071661238,3.3836750788643535,4.915231623525345,-1.0245721376591221,17.089430894308943,1.9487836107554417,3.409461663947798,7.597397476340693,2.545802228021207,-6.963378451618283,Oil & Gas Midstream,Energy,LNG
2022Q1,2022,Q1,2022-05-04,2022-03-31,-781000000.0,7484000000.0,-613000000.0,-3.07,-123000000.0,-0.0164350615,40055000000.0,-3710000000.0,5705000000.0,4605000000.0,41314000000.0,571000000.0,-6967000000.0,35217100000.0,63706100000.0,-14.606299212598426,1.238870792616721,0.7733366620896268,-8.34932614555256,-0.016825888657914376,-14.606299212598426,0.2105121293800539,4.705652057723142,-11.27307938540333,-9.492479784366576,-0.11011523687580026,13.322241681260946,0.0024419955078640774,0.18684309075021846,0.857328990228013,-0.019498189988765447,14.217642309245054,-0.016435061464457508,0.2843822843822844,-14.233041703120444,4.654471803741296,-1.5407963600358339,-1.13169164882227,0.2828282828282828,-2.3963553530751707,-6.606609147260847,2.3504379290050044,-9.176909288777928,Oil & Gas Midstream,Energy,LNG
2021Q4,2021,Q4,2022-02-24,2021-12-31,-1089000000.0,6557000000.0,439000000.0,-4.29,934000000.0,0.1424431905,39258000000.0,-2571000000.0,5056000000.0,4693000000.0,39291000000.0,706000000.0,-6021000000.0,25720112000.0,56265112000.0,-10.13801261829653,1.0773492435542298,0.8138213867237251,-12.426682224815247,-0.24470256674320592,-10.13801261829653,0.4235705950991832,3.9225426262010066,-5.904525252525253,-10.003933099961104,0.0,7.9645892351274785,0.0,0.1670232818788527,0.620072448327296,-0.027739569005043558,124.25174879227053,0.1424431904834528,-0.18836565096952915,-7.596123807621035,9.390699857260303,-0.6676528911225482,1.4846912298910224,-0.004612546125461255,1.186808510638298,-5.943102728777355,1.7852088134803439,-3.9475814431876786,Oil & Gas Midstream,Energy,LNG
2021Q3,2021,Q3,2021-11-04,2021-09-30,-1084000000.0,3200000000.0,-2350000000.0,-3.61,-1927000000.0,-0.6021875,40179000000.0,-1257000000.0,4863000000.0,5660000000.0,38966000000.0,471000000.0,-4698000000.0,24769112000.0,55199112000.0,-4.9566246056782335,0.8591872791519435,0.8121904477463352,-25.961018297533812,-0.023160367870047504,-4.9566246056782335,0.862370723945903,7.7403475,-5.712433579335793,-19.704941925218776,0.0,10.885350318471337,0.0,0.07964359491276538,0.5628975265017668,-0.026979267776699272,68.23446831955923,-0.6021875,-5.942307692307692,-8.742176802507679,5.203131628474269,0.29202166366637955,-4.1851239669421485,-2.2948328267477205,-17.095890410958905,-17.2560543557389,0.7148119308456304,-1.011950086245746,Oil & Gas Midstream,Energy,LNG
2021Q2,2021,Q2,2021-08-05,2021-06-30,-329000000.0,3017000000.0,146000000.0,-0.52,605000000.0,0.2005303281,36752000000.0,-106000000.0,3665000000.0,3526000000.0,34395000000.0,363000000.0,-3529000000.0,21988590000.0,52212590000.0,-0.4181459566074951,1.0394214407260352,0.8715171963430561,-302.1698113207547,0.0025353028259228155,-0.4181459566074951,3.1037735849056602,7.288230029830958,-16.708655015197568,-207.43952830188678,0.0,6.644628099173554,0.0,0.0820907705703091,0.686046511627907,-0.008951893774488464,385.76473684210526,0.20053032814053695,-1.2352941176470589,0.007015244875200681,14.367330435148567,0.9361072776822686,-0.587874659400545,-1.8371501272264632,-0.8627819548872181,-16.506289721674335,0.8727512811564858,0.9001712504775813,Oil & Gas Midstream,Energy,LNG
2021Q1,2021,Q1,2021-05-04,2021-03-31,393000000.0,3090000000.0,1064000000.0,2.21,1468000000.0,0.4750809061,36395000000.0,193000000.0,3574000000.0,3152000000.0,33775000000.0,314000000.0,-3200000000.0,18211329000.0,48350329000.0,0.7631474891261368,1.1338832487309645,0.873911251545542,164.7979274611399,0.027697343527041136,0.7631474891261368,2.0362694300518136,5.893633980582524,11.584814885496183,94.35921761658031,0.0,5.165605095541402,0.0,0.08490177222145899,0.743020304568528,0.010798186564088473,20.789188356164384,0.47508090614886733,278.746835443038,2.1049828830146073,39.35047618812121,1.1438470222882764,1.1337209302325582,195.5,2.8550724637681157,0.02510043163172742,0.283408624099606,1.1286479840294956,Oil & Gas Midstream,Energy,LNG
2020Q4,2020,Q4,2021-02-24,2020-12-31,2000000.0,2787000000.0,276000000.0,0.0079,688000000.0,0.2468604234,35697000000.0,-191000000.0,3169000000.0,2196000000.0,33479000000.0,292000000.0,-3593000000.0,15139566000.0,45169566000.0,-0.7573354480570975,1.4430783242258651,0.8868532369666918,-165.74869109947645,-0.00023107178797656416,-0.7573354480570975,-0.010471204188481676,5.432208826695371,1892.44575,-79.26474345549738,0.0,7.188356164383562,0.0,0.07807378771325321,1.0359744990892532,5.602711712468835e-05,154.48536734693877,0.2468604233943308,1.0039303482587063,1.0057757822398017,35.763391553441245,0.8088224500373868,0.4989106753812636,1.0043196544276458,5.758620689655173,-0.9933414523620709,0.4879909034176226,0.899064873107583,Oil & Gas Midstream,Energy,LNG
2020Q3,2020,Q3,2020-11-06,2020-09-30,-463000000.0,1460000000.0,-58000000.0,-2.01,459000000.0,0.3143835616,35931000000.0,-24000000.0,3632000000.0,1917000000.0,33584000000.0,280000000.0,-3399000000.0,11669294000.0,41556294000.0,-0.09516256938937351,1.8946270213875849,0.8899835796387521,-1332.4166666666667,-0.0015481266191450362,-0.09516256938937351,19.291666666666668,7.992667123287672,-6.300914686825054,-486.22058333333337,0.0,3.575,0.0,0.04063343630848014,1.294209702660407,-0.012885808911524866,-16.275165969316596,0.31438356164383563,-2.2562499999999996,-0.35779516661749333,18.904103940726625,0.9662221160194429,-0.66398243045388,-3.350253807106599,-1.0618996798292422,-0.4775690189309852,-0.040246260562078716,0.9883070186793618,Oil & Gas Midstream,Energy,LNG
2020Q2,2020,Q2,2020-08-06,2020-06-30,197000000.0,2402000000.0,937000000.0,1.6,1366000000.0,0.568692756,35846000000.0,422000000.0,3827000000.0,1464000000.0,32850000000.0,207000000.0,-2936000000.0,12181472000.0,41771472000.0,1.6739389131297104,2.614071038251366,0.882357864196842,74.95023696682465,0.02483745830001315,1.6739389131297104,0.466824644549763,5.071387177352206,15.458720812182742,28.86604739336493,0.0,5.004830917874396,0.0,0.06700887128270937,1.834016393442623,0.005495731741337945,451.1656296296296,0.5686927560366362,-0.20398009950248744,2.493568443405283,30.72220598716463,2.189288240873751,-0.22031963470319635,-0.4746666666666667,-0.3038632986627043,1.6374872126766737,0.7850538953851306,1.2412838172986098,Oil & Gas Midstream,Energy,LNG
2020Q1,2020,Q1,2020-04-30,2020-03-31,375000000.0,2709000000.0,1346000000.0,2.01,1752000000.0,0.6467331118,35747000000.0,196000000.0,3937000000.0,3657000000.0,33028000000.0,239000000.0,-3133000000.0,8475500000.0,37553500000.0,0.7747035573122529,1.076565490839486,0.8805494167342715,160.5969387755102,0.03447678240145458,0.7747035573122529,1.913265306122449,3.1286452565522334,5.650333333333333,43.24234693877551,0.0,4.00418410041841,0.0,0.07578258315383109,0.7839759365600218,0.010490390802025344,470.8611111111111,0.646733111849391,-0.3982035928143713,2.2531009535056925,34.44602519332867,1.7857787858606224,0.20578114246386786,-0.6006389776357828,0.3248031496062992,5.379007465963989,1.0548516073019718,1.1347613074246763,Oil & Gas Midstream,Energy,LNG
2019Q4,2019,Q4,2020-02-25,2019-12-31,939000000.0,3007000000.0,1016000000.0,3.34,1453000000.0,0.483205853,35492000000.0,-14000000.0,4212000000.0,1874000000.0,33057000000.0,312000000.0,-3508000000.0,15536208000.0,44319208000.0,-0.055031446540880505,2.247598719316969,0.880677335737631,-2232.6428571428573,0.05805646381734799,-0.055031446540880505,-67.07142857142857,5.166680412371134,4.136370607028754,-1109.7291428571427,0.0,4.980769230769231,0.0,0.0847233179308013,1.5821771611526148,0.026456666290995155,57.11841176470588,0.48320585300964414,4.274509803921568,5.53704680357127,39.53991852803564,0.9241783670124699,1.1057971014492753,3.952830188679245,3.323404255319149,4.669681379108121,3.750126624116628,0.9909475994574195,Oil & Gas Midstream,Energy,LNG
2019Q3,2019,Q3,2019-11-01,2019-09-30,-318000000.0,2170000000.0,235000000.0,-1.02,690000000.0,0.3179723502,34705000000.0,-900000000.0,4185000000.0,1892000000.0,33219000000.0,288000000.0,-4447000000.0,16143360000.0,44946360000.0,-3.515625,2.2119450317124736,0.9030975363780435,-34.824444444444445,0.007499496146780974,-3.515625,0.35333333333333333,7.439336405529954,-12.691320754716982,-17.937066666666666,0.0,5.138888888888889,0.0,0.06252701339864573,1.609936575052854,-0.009162944820631033,-21.610923694779117,0.31797235023041476,-0.36000000000000004,-2.110412207248189,27.46062924263176,-4.1946295855620255,-0.14919852034525277,-1.7894736842105263,-0.45601851851851855,-1.8311516223293043,3.167062710850747,0.4978465111476185,Oil & Gas Midstream,Energy,LNG
2019Q2,2019,Q2,2019-08-08,2019-06-30,-114000000.0,2292000000.0,432000000.0,-0.75,811000000.0,0.3538394415,34572000000.0,-454000000.0,4425000000.0,2207000000.0,32549000000.0,290000000.0,-4129000000.0,18048888000.0,46265888000.0,-1.7637917637917637,2.0049841413683733,0.8821011222954992,-67.17180616740089,-1.3555599137085703,-1.7637917637917637,0.2511013215859031,7.8747329842931935,-39.58089473684211,-39.75525991189428,0.0,5.106896551724138,0.0,0.06629642485248177,1.2288173991844131,-0.003297466157584172,-33.736239252336446,0.3538394415357766,-1.5769230769230766,0.5095717839468087,28.433780942983397,-5.985623854745486,-0.10188261351052048,-1.8085106382978724,-0.2871287128712871,0.6611394936227889,10.497598900314548,0.7304925335053961,Oil & Gas Midstream,Energy,LNG
2019Q1,2019,Q1,2019-05-09,2019-03-31,141000000.0,2261000000.0,606000000.0,1.3,903000000.0,0.399380805,32885000000.0,-369000000.0,3896000000.0,1659000000.0,30747000000.0,279000000.0,-4015000000.0,17472516000.0,45695516000.0,-1.4352392065344224,2.3484026522001207,0.8914702752014596,-79.44715447154472,0.020335610968496145,-1.4352392065344224,-0.3821138211382114,7.727782397169394,30.979638297872334,-47.350991869918694,0.0,4.867383512544803,0.0,0.06875475140641629,0.8957203134418324,0.00428766915006842,-82.03059154929578,0.3993808049535604,0.5116279069767442,2.2515309311256066,28.059018587150824,-3.7721520705156433,0.2072192513368984,-0.36771300448430494,0.1744186046511628,1.389967905153979,28.04273418431548,0.7294692191573978,Oil & Gas Midstream,Energy,LNG
2018Q4,2018,Q4,2019-02-26,2018-12-31,223000000.0,2383000000.0,516000000.0,0.86,748000000.0,0.3138900546,31987000000.0,-526000000.0,4234000000.0,1742000000.0,30058000000.0,316000000.0,-4156000000.0,15194073000.0,42688073000.0,-2.049084534476042,2.430539609644087,0.8902053959421015,-54.134980988593156,0.017483791467178007,-2.049084534476042,-0.42395437262357416,6.376027276542174,17.03371412556054,-28.88607034220532,0.0,5.174050632911392,0.0,0.07449901522493513,0.8989667049368542,0.006971582205270891,-34.14398426966292,0.31389005455308433,-0.05494505494505499,2.312396894452118,30.196589105440033,-3.545441455943244,0.101620029455081,2.4307692307692306,0.21411764705882352,1.6327102817214494,29.883168926407993,0.48274049237706185,Oil & Gas Midstream,Energy,LNG
2018Q3,2018,Q3,2018-11-08,2018-09-30,65000000.0,1819000000.0,425000000.0,0.91,679000000.0,0.3732820231,30740000000.0,-609000000.0,3670000000.0,1350000000.0,28909000000.0,298000000.0,-4223000000.0,17358384000.0,43902384000.0,-2.4635922330097086,2.7185185185185183,0.8956733897202342,-45.21018062397373,0.015562517038516322,-2.4635922330097086,-0.10673234811165845,9.542816932380429,66.76301538461539,-28.503093596059113,0.0,3.825503355704698,0.0,0.05917371502927781,0.9148148148148149,0.002114508783344177,-25.45217595307918,0.37328202308960967,0.46774193548387105,1.5756654968881658,22.988365215446226,-2.880270139866344,0.2146690518783542,4.611111111111111,0.2648809523809524,1.1944747580361,24.299916628417545,0.12554974969711166,Oil & Gas Midstream,Energy,LNG
2018Q2,2018,Q2,2018-08-09,2018-06-30,-18000000.0,1543000000.0,336000000.0,0.62,559000000.0,0.3622812703,30327000000.0,-1017000000.0,3966000000.0,1728000000.0,28593000000.0,233000000.0,-4288000000.0,15828132000.0,41873132000.0,-4.188632619439868,2.295138888888889,0.887624888713028,-26.469026548672566,0.013236705384029915,-4.188632619439868,0.017699115044247787,10.25802462734932,-219.83516666666668,-15.563551622418878,0.0,4.223175965665236,0.0,0.050878754904870246,0.6678240740740741,-0.0005935305173607676,-72.27457534246575,0.36228127025275436,-0.753968253968254,0.8958624338137715,19.56601675050634,-3.456012659248707,-0.41465968586387436,-1.050420168067227,-0.5502008032128514,0.8583046587928379,20.158285214697813,-1.9759099812826004,Oil & Gas Midstream,Energy,LNG
2018Q1,2018,Q1,2018-05-04,2018-03-31,357000000.0,2242000000.0,747000000.0,2.52,955000000.0,0.4259589652,28341000000.0,-1397000000.0,3268000000.0,895000000.0,26634000000.0,123000000.0,-4270000000.0,12587475000.0,37528475000.0,-5.932059447983015,3.6513966480446927,0.9052609293955753,-18.36506800286328,0.030041654140932354,-5.932059447983015,-0.25554760200429494,5.6143956289027654,8.814758403361344,-9.010361488904797,0.0,10.463414634146341,0.0,0.07910800606894605,1.4782122905027932,0.012596591510532443,-41.00154723127036,0.4259589652096343,1.1176470588235294,3.7913809181536413,30.14848884369381,-3.6592028900676867,0.4425981873111782,0.275,0.6938775510204082,2.2816003535353166,30.515467567510747,-5.016864679001783,Oil & Gas Midstream,Energy,LNG
2017Q4,2017,Q4,2018-02-21,2017-12-31,280000000.0,1746000000.0,441000000.0,1.19,662000000.0,0.3791523482,27906000000.0,-1764000000.0,3369000000.0,1251000000.0,26666000000.0,243000000.0,-4627000000.0,12657784000.0,37271784000.0,-7.5031901318587835,2.693045563549161,0.9079051100121838,-14.36281179138322,0.018445135431629314,-7.5031901318587835,-0.15873015873015872,7.2495899198167235,11.301592857142857,-7.175614512471656,0.0,4.460905349794238,0.0,0.0625671898516448,0.873701039168665,0.010033684512291264,-107.2693559322034,0.37915234822451316,2.051282051282051,3.596517303707657,22.752736972983946,-4.172430840122346,0.3593429158110883,1.9688581314878892,0.48484848484848486,2.4639632554428776,24.471713467650112,-9.337800733455897,Oil & Gas Midstream,Energy,LNG
2017Q3,2017,Q3,2017-11-09,2017-09-30,-289000000.0,1403000000.0,297000000.0,0.39,487000000.0,0.3471133286,27134000000.0,-1893000000.0,3031000000.0,1011000000.0,26051000000.0,133000000.0,-4754000000.0,10476304000.0,34521304000.0,-8.138435081685296,2.9980217606330366,0.9200265349745707,-13.187533016376122,0.013165879242338866,-8.138435081685296,0.1526677231907026,7.467073414112615,-9.062546712802769,-5.534233491811939,0.0,6.887218045112782,0.0,0.051706346281418146,1.1711177052423343,-0.010650843959607872,-50.85584466019417,0.3471133285816108,3.318936877076412,-1.317920955786112,18.075002585476614,-3.8457130793217917,0.06100217864923747,-0.014035087719298246,0.08394160583941605,-2.111135492424304,19.252222489544295,-11.025217608675081,Oil & Gas Midstream,Energy,LNG
2017Q2,2017,Q2,2017-08-08,2017-06-30,-285000000.0,1241000000.0,274000000.0,0.0903,459000000.0,0.3698630137,26600000000.0,-1613000000.0,2368000000.0,840000000.0,25596000000.0,150000000.0,-4465000000.0,11325075000.0,35183075000.0,-6.93763440860215,2.8190476190476192,0.9268421052631579,-15.284562926224426,0.01135130656418795,-6.93763440860215,0.17668939863608182,9.125765511684126,-9.934276315789473,-7.021125232486051,0.0,5.213333333333333,0.0,0.046654135338345865,1.2857142857142858,-0.010714285714285714,-14.29933712121212,0.3698630136986301,2.0000000000000004,-1.7579717778542698,13.644153855496349,-4.727448287959281,-0.11218568665377177,-6.277777777777778,-0.2712765957446808,-0.3573787399149617,16.64366514941619,-26.476998937815647,Oil & Gas Midstream,Energy,LNG
2017Q1,2017,Q1,2017-05-04,2017-03-31,54000000.0,1211000000.0,376000000.0,0.0301,517000000.0,0.4269199009,26056000000.0,-1336000000.0,2419000000.0,871000000.0,25061000000.0,113000000.0,-4180000000.0,10985548000.0,34174548000.0,-5.748709122203098,2.7772675086107923,0.9253914645379183,-18.047904191616766,0.0006718618537669184,-5.748709122203098,-0.040419161676646706,9.071468208092485,50.859018518518525,-8.222715568862276,0.0,6.1415929203539825,0.0,0.046476819158735035,1.3926521239954075,0.0020724593183911576,-10.876780198019802,0.4269199009083402,-0.9536923076923076,1.5176246029482774,8.694043791592284,-7.964780689218673,0.8850175740516575,-0.6388950187573976,2.072648524965269,1.5302518441299924,16.218308169762693,-12.103581774628225,Oil & Gas Midstream,Energy,LNG
2016Q4,2016,Q4,2017-02-24,2016-12-31,149541000.0,571586000.0,122370000.0,0.65,274268000.0,0.479836805,23702737000.0,-1396425000.0,2238318000.0,1076669000.0,22864341000.0,160161000.0,-4233939000.0,9516678150.0,30575841150.0,-6.079210291460787,2.078928621516919,0.9254205115637067,-15.707967846465081,0.005958176792667336,-6.079210291460787,-0.10708845802674687,16.64959979775572,15.909814281702008,-6.815029915677534,0.0,1.8563695281622867,0.0,0.024114767843055423,1.0158748881968367,0.006309018237007819,-8.563924429382354,0.47983680496023345,2.1403508771929824,2.4483200124179,3.494280950123684,-1.0888258777162316,0.6711634311897537,2.4888293741661855,1.916765981789579,1.9835037757644682,7.362190816847088,-8.551798686157143,Oil & Gas Midstream,Energy,LNG
2016Q3,2016,Q3,2016-11-03,2016-09-30,-100442000.0,465673000.0,41954000.0,-0.57,164118000.0,0.3524318567,22689080000.0,-1602719000.0,2104727000.0,2608878000.0,21983341000.0,63853000.0,-4343646000.0,9981086400.0,29805978400.0,-7.00109643375094,0.8067556244485177,0.9174027329446588,-12.987319673629626,0.002211480433185323,-7.00109643375094,0.06266975059258673,21.433680715867144,-24.842910336313494,-6.227595979083046,0.0,4.722644198393184,0.0,0.020524102343506215,0.4386172906513835,-0.004426887295562447,-8.136633610095501,0.35243185668913596,0.6122448979591837,0.35374596072489634,1.4873003799366677,0.15235992508554752,1.8132745941683666,0.6634184265024228,1.5482391375367528,0.039429298210984946,5.63141415282965,-6.3433974966809235,Oil & Gas Midstream,Energy,LNG
2016Q2,2016,Q2,2016-08-09,2016-06-30,-298418000.0,176827000.0,-76525000.0,-1.47,58337000.0,0.3299100251,21436851000.0,-1494260000.0,1990482000.0,2414521000.0,20572684000.0,66322000.0,-4243204000.0,8573528649.999999,26990600650.0,-6.544500554039672,0.8243796595680882,0.9080881329072074,-13.027552099366911,-0.004253587862520358,-6.544500554039672,0.19970955523135198,48.48540466105289,-7.182482834480494,-5.737641809323678,0.0,1.7865866529959893,0.0,0.008248739518691435,0.4654177785159044,-0.01392079461670933,-7.247362732948656,0.32991002505273515,0.03921568627450984,-0.9569939199055112,-0.24872819200237087,0.24605307510333363,0.9136296539281614,0.06987950305138418,0.048113641734976925,-0.8359419871829039,1.5062930988783765,-4.8373802788488645,Oil & Gas Midstream,Energy,LNG
2016Q1,2016,Q1,2016-05-05,2016-03-31,-320838000.0,69081000.0,-80393000.0,-1.53,30485000.0,0.4412935539,20430947000.0,-1210334000.0,1946115000.0,2568623000.0,19226262000.0,31243000.0,-3944786000.0,7717908540.0,24756492540.0,-5.30527137083695,0.7576491373004135,0.8875465733428803,-14.982159470030586,-0.0047588940269896645,-5.30527137083695,0.26508220045045416,111.72259434576802,-6.01386723206104,-6.37667663636649,0.0,1.2353487181128573,0.0,0.003381194224624047,0.4355687852985822,-0.01570353053140415,-6.231572550074,0.4412935539439209,-0.11678832116788314,-1.3649058084149583,-0.7441317317555494,0.4878476204326713,-0.3272350098205813,-0.026428687971283876,0.46334543803903766,-1.5895838098788344,-0.00927466076755718,-3.3782285200664717,Oil & Gas Midstream,Energy,LNG
2015Q4,2015,Q4,2016-02-19,2015-12-31,-312577000.0,68432000.0,-149804000.0,-1.37,45313000.0,0.6621609773,19019589000.0,-901850000.0,1782586000.0,2188086000.0,17458186000.0,18125000.0,-3623948000.0,8480260500.0,24083490500.0,-3.961424593029896,0.8146782164869205,0.8835281351242659,-18.633189554804012,-0.009414195437927495,-3.961424593029896,0.3465953318179298,123.92244125555295,-6.782537182838149,-9.40318290181294,0.0,1.2755310344827586,0.0,0.0035979746986120466,0.5515601306347191,-0.016434477106734537,-7.7372380550932816,0.6621609773205518,-0.014814814814814828,-0.0672228369273095,-0.7333538700425651,0.5991460851995273,0.02008059251255037,-0.017861097000247482,-1.8767523140146714,-1.9933666889834405,-0.0386127325686528,-2.6749336387446467,Oil & Gas Midstream,Energy,LNG
2015Q3,2015,Q3,2015-10-30,2015-09-30,-307092000.0,66059000.0,-52074000.0,-1.35,44421000.0,0.6724443301,18452259000.0,-639883000.0,2086272000.0,530219000.0,16587328000.0,9032000.0,-3332851000.0,10970185800.0,25465833800.0,-2.8173040514956456,3.934736401373772,0.858209826775139,-24.748133643181646,-0.003426046966508732,-2.8173040514956456,0.47991898518947995,166.0664829924764,-8.930699757727325,-17.14404945904173,0.0,2.395704162976085,0.0,0.00357999527320747,2.5402842976204174,-0.016642515152209818,-7.658583611886032,0.6724443300685751,-1.142857142857143,-0.8549289212796839,-0.7630153051015572,0.750177461869639,-0.07206868458983519,-1.5916030212245242,0.4551789077212806,-1.5223894419453976,-0.08022460515090808,-1.985108182015164,Oil & Gas Midstream,Energy,LNG
2015Q2,2015,Q2,2015-07-30,2015-06-30,-118495000.0,68025000.0,-95580000.0,-0.63,47871000.0,0.7037265711,17759502000.0,-318775000.0,2263362000.0,640839000.0,15544146000.0,13954000.0,-3035043000.0,15686074060.000002,29070661060.0,-1.4075132130289074,3.5318730601601964,0.8364420353678836,-46.59962042192769,-0.006551964468729598,-1.4075132130289074,0.37171986510861893,230.5927829474458,-33.094379636271576,-49.20735333699319,0.0,1.4443170417084708,0.0,0.0038303438913996576,2.3047177216118246,-0.0066722028579404985,-3.9366836044151086,0.7037265711135612,0.5743243243243243,-1.3378023132204457,-0.7566486909660816,0.8680319932386305,-0.05393280632411067,0.5573738649055504,-0.5669366208728155,-0.17716181609774784,-0.175952520611275,-1.756227902363878,Oil & Gas Midstream,Energy,LNG
2015Q1,2015,Q1,2015-04-30,2015-03-31,-267709000.0,68369000.0,-60998000.0,-1.48,50600000.0,0.740101508,14923047000.0,-223138000.0,2703059000.0,321467000.0,12568676000.0,16282000.0,-2916548000.0,17517787200.0,27477329200.0,-0.9859054116150012,8.408511604612604,0.8120245148326611,-54.30666224488881,-0.005138521838085551,-0.9859054116150012,1.1997463453109736,256.22412496891866,-16.358982327826112,-78.50651704326471,0.0,1.0913278467018794,0.0,0.004581437021541244,6.815134990527799,-0.017939298857666267,-28.946503673299425,0.7401015079933888,-0.8271604938271604,-0.8724318867501732,-0.7915528721251709,0.9203540711243952,-0.0011054958938723942,-0.45476627794502833,0.4046826659379483,-1.6350081352473471,-0.4380238303797675,-0.5374626907640736,Oil & Gas Midstream,Energy,LNG
2014Q4,2014,Q4,2015-02-20,2014-12-31,-184022000.0,65952000.0,-102463000.0,-0.81,50656000.0,0.7680737506,12573683000.0,-164177000.0,2258877000.0,232475000.0,10072166000.0,4294000.0,-2648839000.0,15924550400.000002,23983051400.0,-0.7258013890301104,9.716644800516185,0.7798895518520708,-59.728731795562105,-0.010743367944858041,-0.7258013890301104,1.120875640315026,241.45667151868028,-21.634030713719014,-96.99623211533894,0.0,3.5621797857475546,0.0,0.005245241191463154,7.536302828261103,-0.014635489060762865,-18.416910960250732,0.7680737506065017,-0.7234042553191491,0.34158501092498006,-0.8131084905922062,0.938705924571851,0.0007507210873602275,-1.0542525758810462,-0.6699207927246651,-0.8098806031561843,-0.4733979649544914,0.7506135417591911,Oil & Gas Midstream,Energy,LNG
2014Q3,2014,Q3,2014-10-30,2014-09-30,-89581000.0,66807000.0,-61358000.0,-0.47,50618000.0,0.7576750939,11785316000.0,-151808000.0,1509862000.0,438788000.0,9454763000.0,13966000.0,-2490226000.0,17951449270.0,26149553270.0,-0.676780690921898,3.440982889231246,0.762793292941827,-59.21795952782462,-0.007075631828223783,-0.676780690921898,0.5900940661888702,268.7061126828027,-50.0983726180775,-118.251009630586,0.0,1.159172275526278,0.0,0.005668664293770316,1.8574824288722571,-0.0076010689912769415,-24.751538428659277,0.757675093927283,0.626984126984127,0.48697461444029844,-0.7200728304888309,0.943298081490682,0.005382644447534113,0.5563715779881938,0.012505029371529733,0.41176826419760026,-0.6358219428123736,0.9180604865277734,Oil & Gas Midstream,Energy,LNG
2014Q2,2014,Q2,2014-07-31,2014-06-30,-201928000.0,67645000.0,-62135000.0,-1.26,50347000.0,0.7442826521,11859295000.0,-56457000.0,1591484000.0,390883000.0,9398338000.0,5800000.0,-2400645000.0,16032263400.0,24130226400.0,-0.2524887970590603,4.071509889148415,0.7578738871071172,-159.19815080503747,-0.006959003922247407,-0.2524887970590603,3.5766689693040723,237.00588957055214,-19.848985034269642,-283.9729953770126,0.0,2.9824137931034485,0.0,0.005703964696046435,2.2872880120138253,-0.017026981789389672,-28.021280232667884,0.7442826520807155,-1.2909090909090908,-2.568820686343628,-0.5889516475723925,0.9780981063897223,-0.03318290926548248,-1.0644923831919026,-0.30502814416533647,-0.35218147930620014,-0.7065337297235679,0.9709125011845201,Oil & Gas Midstream,Energy,LNG
2014Q1,2014,Q1,2014-05-01,2014-03-31,-97810000.0,67550000.0,-47612000.0,-0.55,52075000.0,0.7709104367,9524616000.0,115562000.0,1468629000.0,194869000.0,6793000000.0,4106000.0,-2198717000.0,12354507450.0,18018254450.0,0.5177346588592652,7.536493747081373,0.6906682642113866,56.92485419082397,-0.007118084287380365,0.5177346588592652,-0.8463854900399785,182.89426276831978,-31.577822947551375,106.9080445994358,0.0,3.7688748173404774,0.0,0.007092149436785693,4.713366415386747,-0.010269180405803236,-15.607106474901938,0.7709104367135455,0.16666666666666663,0.7343280375045799,10.921569362938987,1.0368277557860077,0.026229702033737978,0.33799442293635107,0.40018644964599764,0.2631126078804834,-0.7442751179452921,1.049980296762354,Oil & Gas Midstream,Energy,LNG
2013Q4,2013,Q4,2014-02-21,2013-12-31,-147748000.0,66420000.0,-79378000.0,-0.66,50744000.0,0.763986751,9673237000.0,179682000.0,1591180000.0,237011000.0,6833180000.0,10563000.0,-2100907000.0,9624685840.0,15240116840.0,0.8050016352533746,6.71352806409829,0.6798420218588669,36.59950913280128,-0.011877073713536608,0.8050016352533746,-0.8222749078928329,144.90644143330323,-16.28564488182581,53.56510858071481,0.0,1.484048092397993,0.0,0.006866367483811262,4.072924885342874,-0.0152738943540823,-13.832824805328075,0.7639867509786209,-0.19999999999999996,0.7875089198107732,21.169746346401297,1.0647763529433465,-0.03278438548337908,-0.4654050622867571,-0.7302729095823525,0.4854888298911024,-0.7360327615555763,1.081457579043626,Oil & Gas Midstream,Energy,LNG
2013Q3,2013,Q3,2013-11-08,2013-09-30,-100824000.0,67710000.0,-45876000.0,-0.55,52464000.0,0.7748338502,8125853000.0,289213000.0,1009060000.0,213237000.0,5809504000.0,14401000.0,-1965677000.0,7535858760.0,12735889760.0,1.3102331312801834,4.7321055914311305,0.6859827515954325,19.273666813040908,-0.007941408480722658,1.3102331312801834,-0.34861503459388066,111.2960974745237,-18.685676922161388,26.05643162651748,0.0,1.0586764807999445,0.0,0.008332663660048981,1.8769866392792995,-0.012407805063665315,-6.398331410231918,0.7748338502436863,0.2666666666666666,0.6783539157117987,2.5532043313583266,1.118033691912248,0.008845473425121144,0.3485306660463674,0.6633645929643817,0.37335682772366924,-0.7500582899546272,1.1161840399246705,Oil & Gas Midstream,Energy,LNG
2013Q2,2013,Q2,2013-08-02,2013-06-30,-154764000.0,67177000.0,-136278000.0,-0.75,52004000.0,0.7741340042,8582230000.0,370762000.0,1353901000.0,548295000.0,6143480000.0,11730000.0,-1864853000.0,6267555510.0,11442642510.0,1.7054605169344563,2.4692929900874527,0.6492494375005098,15.028530431921286,-0.02307561519456452,1.7054605169344563,-0.41742141859198084,93.29912782648823,-10.124375678452353,16.904525032230918,0.0,1.2935208866155157,0.0,0.00782745277159899,0.7730437082227632,-0.01803307531958477,-7.682692013503276,0.7741340041978654,-0.29310344827586216,0.7464658496133976,11.065574711934262,1.1707043359660105,0.023841867973933416,-0.32158319456897655,-1.0203101372787382,-1.4596325397766927,-0.7496405615937783,1.159903454508766,Oil & Gas Midstream,Energy,LNG
2013Q1,2013,Q1,2013-05-03,2013-03-31,-117105000.0,65906000.0,-67454000.0,-0.58,50793000.0,0.7706885564,6581819000.0,481029000.0,925582000.0,291366000.0,4004922000.0,4605000.0,-1710090000.0,6024813960.0,9515058960.0,2.230766020200896,3.176698722568865,0.5573362014361075,7.625914445906588,-0.016246230692156152,2.230766020200896,-0.24344686079217678,91.41525748793737,-12.861991289868067,12.524845612218806,0.0,3.2818675352877307,0.0,0.010013341296684092,0.6203469176225092,-0.017792193920859872,-12.61989577005735,0.7706885564288533,-0.2608695652173912,0.4888513633067048,8.721034812938038,1.3055621997246811,-0.44939240533772723,-0.18397905123953573,-3.238391454602576,0.14031461903912804,-0.7890970335336207,1.1802114378213981,Oil & Gas Midstream,Energy,LNG
2012Q4,2012,Q4,2013-02-22,2012-12-31,-98908000.0,67421000.0,-15915000.0,-0.46,92249000.0,1.3682532149,4639085000.0,510001000.0,748563000.0,159763000.0,2377480000.0,7045000.0,-1592985000.0,4049606520.0000005,6015008520.0,2.3651233107951435,4.68545908627154,0.4671423351803211,4.249232844641481,-0.005932418937653736,2.3651233107951435,-0.19393687463357914,60.06446834072471,-10.235791139240506,7.940389371785546,0.0,-3.5242015613910573,0.0,0.014533253863639057,1.2843837434199408,-0.0213205836926894,-16.421961824353097,1.368253214873704,0.14814814814814817,0.6336558955498939,22.021973557423713,1.3677631548727416,1.2935531190174288,0.11591404769566306,0.7080727112643762,0.6287737618916409,-0.7995832235002466,1.1997351462808197,Oil & Gas Midstream,Energy,LNG
2012Q3,2012,Q3,2012-11-02,2012-09-30,-111876000.0,65998000.0,-54517000.0,-0.54,40221000.0,0.6094275584,4383725000.0,596894000.0,767414000.0,168122000.0,2518827000.0,6597000.0,-1498661000.0,3232948880.0,5313892880.0,2.859893058377094,4.564625688488122,0.5237415668181741,3.846476928901949,-0.0188558210657502,2.859893058377094,-0.1874302639999732,48.98555835025304,-7.22440219528764,5.416286442818993,0.0,3.9073821433985145,0.0,0.01505523270734364,1.4524868845243335,-0.025520761452873984,-3.835161238279619,0.6094275584108609,-0.22727272727272735,0.5314170367912792,36.502854636792875,1.5015766862781958,0.32975171091347905,-0.4719945265318474,-8.031729653037534,0.3114124614365275,-0.7027970354182299,1.2396070474773282,Oil & Gas Midstream,Energy,LNG
2012Q2,2012,Q2,2012-08-03,2012-06-30,-76003000.0,62328000.0,7753000.0,-0.44,30247000.0,0.4852875112,3028330000.0,318272000.0,655330000.0,298141000.0,2519421000.0,2319000.0,-1389660000.0,2520554740.0,4780610740.0,1.8612288817024463,2.198053940920571,0.7918360944811167,7.534250578121858,0.0028597599669149512,1.8612288817024463,-0.23879888900060325,40.44016718007958,-8.290971211662697,7.91949885632415,0.0,13.833980163863734,0.0,0.020581640706263848,0.4783273685940545,-0.025097330872130844,-37.47646698484916,0.48528751123090746,0.02222222222222224,0.412082233663929,6.291256510011957,1.8214253266311626,-0.18467302819559006,-0.29140400659269705,2.998452810727179,-0.7564506515655613,-0.5047580377797042,1.1614504779072945,Oil & Gas Midstream,Energy,LNG
2012Q1,2012,Q1,2012-05-04,2012-03-31,-58853000.0,70474000.0,1939000.0,-0.45,37098000.0,0.5264069018,2934522000.0,-84073000.0,591026000.0,314173000.0,2817707000.0,3293000.0,-1316620000.0,1963982860.0,4198933860.0,-0.6412548529064047,1.8812119437380042,0.9114867770628402,-31.81494653455925,0.0007485212322970203,-0.6412548529064047,0.7000225994076577,27.868190538354572,-8.342747438533294,-23.360446992494616,0.0,10.135438809596113,0.0,0.024015495538966824,1.405913302543503,-0.02005539573395599,-28.47755212713511,0.5264069018361381,0.0,0.28694931210542746,34.46343985549678,-1.3024655002911771,-0.3211089761185836,0.0013405280662458427,-0.7503219160442957,0.7278470782794165,20.174781089426943,0.9543859451645308,Oil & Gas Midstream,Energy,LNG
2011Q4,2011,Q4,2012-02-24,2011-12-31,-58932000.0,72590000.0,7766000.0,-0.45,54645000.0,0.7527896404,2915325000.0,-381567000.0,591452000.0,584960000.0,3088317000.0,6562000.0,-1260205000.0,1139319830.0,3647594830.0,-2.9103480363367327,1.0110981947483588,1.01787450798796,-7.776969706499776,0.0030114228724851437,-2.9103480363367327,0.15444731855742241,15.695272489323598,-4.833196862485576,-2.9858971818841775,0.0,2.734684547394087,0.0,0.024899453748724414,0.790144625273523,-0.020214555838542873,-217.22017731172545,0.7527896404463424,0.3382352941176471,0.7355974285352281,37.03691446437529,-2.1152199631584576,0.25062937703117133,-0.07864921753454746,-0.25002414292612263,0.8557046937896802,40.24967961885077,0.7658119892757903,Oil & Gas Midstream,Energy,LNG
2011Q3,2011,Q3,2011-11-07,2011-09-30,-54635000.0,65813000.0,10355000.0,-0.68,43694000.0,0.6639113853,2651443000.0,-664668000.0,312338000.0,595016000.0,3098341000.0,6879000.0,-1202396000.0,414435950.0,3245326950.0,-8.259515613932624,0.5249236995307689,1.117204103576807,-4.45666558341909,0.004439239520674193,-8.259515613932624,0.08219893239933321,6.297174570373635,-1.8963848723345842,-0.6235232476965944,0.0,3.2154382904491934,0.0,0.024821578287747465,0.22770648184250508,-0.02060576071218578,-36.19211859226269,0.6639113852886208,0.7290836653386453,-0.11758012842946339,59.47259904174775,-3.0663861489584407,-0.15097932535364528,-0.15823281253312416,-0.37093736711013914,0.5219158625933423,8.473230366919006,0.25593308698675377,Oil & Gas Midstream,Energy,LNG
2011Q2,2011,Q2,2011-08-05,2011-06-30,-47171000.0,72810000.0,16461000.0,-2.51,51464000.0,0.7068259854,2619807000.0,-613091000.0,261046000.0,364197000.0,3050132000.0,4588000.0,-1148459000.0,646970800.0,3437480800.0,-8.680319977346736,0.7167714176668122,1.127209370766625,-4.8166927911191,0.025736175108213608,-8.680319977346736,0.07693963865070601,8.885740969647026,-3.4288588327574145,-1.0552606383065484,0.0,4.652571926765475,0.0,0.027792123618266537,0.4538779836187558,-0.018005524834462997,39.315192027224114,0.7068259854415603,-3.2542372881355934,-9.033411838356697,134.7072713616195,-2.6527587992462354,-0.14882074691541794,-0.18481400547559843,-0.30149367733174914,0.7621484731531603,39.25156582824646,0.13116237931504243,Oil & Gas Midstream,Energy,LNG
2011Q1,2011,Q1,2011-05-06,2011-03-31,-39813000.0,79231000.0,23566000.0,-0.59,60462000.0,0.7631103987,2564433000.0,-693520000.0,190793000.0,103350000.0,3074111000.0,9601000.0,-1101287000.0,623304500.0,3538952500.0,-10.358775205377148,1.8460861151427188,1.1464994406170876,-4.2394177529126775,0.010317038573654198,-10.358775205377148,0.057407140385280886,7.866927086620136,-3.9139508452013163,-0.8987549025262429,-0.1657749981161932,1.9549005311946672,0.010588725093433466,0.030896108418508105,0.5579003386550556,-0.01552506928432133,-12.11287846399005,0.7631103987075766,-1.29064039408867,-1.039156071989094,151.04340534953934,-3.0600899248401907,0.020938164871162745,0.5377729789975967,-0.11081764328566578,0.4402896600310015,36.63997614404185,-0.41890727648947906,Oil & Gas Midstream,Energy,LNG
2010Q4,2010,Q4,2011-03-03,2010-12-31,-86133000.0,75473000.0,26503000.0,2.03,59222000.0,0.7846779643,2553507000.0,-661631000.0,165610000.0,66334000.0,3026117000.0,1212000.0,-1061449000.0,369564000.0,3222912000.0,-9.882464525765497,2.4966080742907106,1.1464660171286,-4.424685360873357,-0.06988057455359703,-9.882464525765497,0.1301828360521197,4.896638532985306,-1.0726550799345198,-0.5585651216463556,-0.0766140735838761,13.408415841584159,0.017856176467404835,0.029556605875762237,1.188832273042482,-0.03373125665995825,-54.86401425178147,0.7846779643051157,3.780821917808219,-3.8942592700938023,70.82025699238869,-2.8700311296094063,0.09312069697473098,-1.1249568263679874,0.1840682660948041,-0.02752883561196652,82.00526339077729,-0.536666741782525,Oil & Gas Midstream,Energy,LNG
2010Q3,2010,Q3,2010-11-05,2010-09-30,-40534000.0,68248000.0,22383000.0,-0.73,54177000.0,0.7938254601,2616478000.0,-627115000.0,217273000.0,354407000.0,3047490000.0,901000.0,-975316000.0,140134680.0,2973753680.0,-11.2772213130968,0.6130606901105227,1.1141442809761826,-4.648483930379595,0.009601024195619366,-11.2772213130968,0.06463567288296405,2.0533155550345796,-0.8643033009325504,-0.22345930172296946,-0.16277692801105245,15.617092119866815,0.047083277315793634,0.026083918916956307,0.23919956434269074,-0.015491817626595752,15.617372116349047,0.7938254600867425,-1.8488372093023255,-6.120603031199432,89.80550002255855,-3.047767019319943,-0.05304831154303293,-1.473102466239481,-0.853859664013685,0.3628064636257007,144.55455974195462,-0.97783315011743,Oil & Gas Midstream,Energy,LNG
2010Q2,2010,Q2,2010-08-06,2010-06-30,85677000.0,68275000.0,153161000.0,0.86,57212000.0,0.8379641157,2607481000.0,-589987000.0,190696000.0,56517000.0,2994046000.0,501000.0,-934736000.0,155993940.0,2984934940.0,-10.665563931521955,3.3741352159527223,1.113289416106963,-4.92024570032899,0.06580532081123501,-10.665563931521955,-0.14521845396593483,2.2847885756133284,0.45518032844287265,-0.2644023342887216,0.07701016608891534,22.08183632734531,0.042296514851794885,0.02618427516825626,1.6898455332023994,0.03285814930195081,-6.245753523382447,0.8379641157085317,2.365079365079365,9.464045414302703,95.29836023869076,-2.6340168097822514,-0.13166482007072716,3.4717846633200624,3.933356954196998,3.048755495302549,23.68999066618762,-3.7070859593272636,Oil & Gas Midstream,Energy,LNG
2010Q1,2010,Q1,2010-05-07,2010-03-31,-34662000.0,79517000.0,31046000.0,-0.63,65887000.0,0.8285901128,2736643000.0,-679214000.0,304771000.0,92018000.0,3205332000.0,11140000.0,-1020413000.0,169548300.0,3129463300.0,-12.378603973027156,3.3120802451694233,1.1163388867309327,-4.497876957777667,0.012705763334735946,-12.378603973027156,0.05103251699758839,2.132227070940805,-1.2228687034793144,-0.24962427158450795,-0.1903525474583117,1.2235188509874326,0.03891516458731819,0.029056402314806863,1.0719533134821448,-0.012665882981448438,129.72325937260902,0.8285901128060666,0.49193548387096775,-2.589683281382988,101.96517284347189,-2.7056728780007315,-0.11555137928720048,0.4887384397539714,-0.6463727176426367,-0.0034513814582376127,94.60989539523487,-6.838709253642855,Oil & Gas Midstream,Energy,LNG
2009Q4,2009,Q4,2010-02-26,2009-12-31,-67797000.0,85601000.0,87793000.0,-1.24,74495000.0,0.870258525,2732622000.0,-649732000.0,286275000.0,66212000.0,3164749000.0,32602000.0,-985246000.0,132785400.0,3086288400.0,-11.841297612538728,4.323612034072373,1.11317079347235,-4.681738008902132,0.10664273165260543,-11.841297612538728,0.10434609962261363,1.5512131867618368,-0.48964334705075446,-0.20436949388363201,-0.09731994041034264,0.34065394761057605,0.049689197758187274,0.03132559131852119,1.4841871564066937,-0.02481023720075444,-7.298708294398945,0.8702585250172311,-0.5897435897435896,-10.196586057737937,93.35809744960257,-3.0356391088111265,0.5493968386023295,-0.6449593594565085,3.809521200832694,0.2731983726692123,106.17617203297452,-5.537481882691179,Oil & Gas Midstream,Energy,LNG
2009Q3,2009,Q3,2009-11-06,2009-09-30,-41215000.0,56332000.0,18254000.0,-0.78,48080000.0,0.8535113257,2789045000.0,-631939000.0,320267000.0,116244000.0,3196650000.0,20760000.0,-962045000.0,155128850.0,3096750850.0,-11.93576352818963,2.7551271463473386,1.0860262204446325,-4.793146173918685,0.007489486470417583,-11.93576352818963,0.06521990255388574,2.753831747496982,-0.9409732500303288,-0.24548073469116483,-0.16008734683974282,0.39749518304431597,0.04253238517529138,0.02019759451711966,0.8279911221224321,-0.014777459668094276,-2.2383500468941633,0.8535113257118512,-2.21875,-3.847340513826566,87.15115968694408,-18.23108241359405,0.6846531184302733,-2.1579955558961,24.67369901547117,-0.2814104669053066,77.67329802451098,-3.986118991081015,Oil & Gas Midstream,Energy,LNG
2009Q2,2009,Q2,2009-08-07,2009-06-30,-13051000.0,37959000.0,711000.0,0.64,28540000.0,0.7518638531,2785785000.0,-594577000.0,268422000.0,83601000.0,3150020000.0,10699000.0,-919548000.0,151633440.0,3079007440.0,-11.528172017992866,3.2107510675709623,1.0827540531663427,-5.073051934400422,-0.0006449364770004147,-11.528172017992866,0.021950058613098053,3.9946637161147556,-2.9046325952034326,-0.2550274228569218,-0.5055551298751053,0.8803626507150201,0.043512829360067284,0.01362596180250809,1.176660566261169,-0.0046848554357209905,-2.5042682080924856,0.7518638531046655,1.387878787878788,-0.0045273503534387265,82.20642491568992,-15.976502231259508,4.785647963920945,0.837358556402971,1.019011711856249,-2.8015341353497156,95.88764482494815,-3.1949983170765375,Oil & Gas Midstream,Energy,LNG
2009Q1,2009,Q1,2009-05-08,2009-03-31,-80244000.0,1235000.0,-37398000.0,-1.65,-7539000.0,-6.1044534413,2892308000.0,-683935000.0,392977000.0,114803000.0,3337276000.0,0.0,-868131000.0,207249000.0,3299342000.0,-14.058273381294963,3.4230551466425094,1.0972465588035576,-4.640170484037226,-0.013801178674610667,-14.058273381294963,0.117326938963498,167.81295546558704,-0.6456837894422013,-0.30302441021442095,-0.08222421614077065,0.0,0.03183610053607014,0.0004269946354261026,0.7730198688187591,-0.027743933218730508,-3.283308513671937,-6.104453441295546,0.4711538461538462,-54.573593016492936,1.7664677728354596,-15.31441870181229,0.17588543944031482,0.47051138238205215,0.4083718281338986,-4.655954003948101,2.2614231160772125,-3.795823519601163,Oil & Gas Midstream,Energy,LNG
2008Q4,2008,Q4,2009-02-27,2008-12-31,-151550000.0,653000.0,-63212000.0,-3.12,-9148000.0,-14.0091883614,2922070000.0,-604593000.0,416592000.0,66133000.0,3276501000.0,0.0,-785389000.0,138652500.0,3201187500.0,-12.427399794450155,6.29930594408238,1.0830428429161518,-5.234475093161846,-0.03375129795410077,-12.427399794450155,0.2506644966117702,212.33154670750383,-0.22872401847575058,-0.229331963816981,0.0,0.0,0.0,0.000223471716967766,1.6001391136044032,-0.05186391838662318,-1.249515613031136,-14.009188361408881,-0.23809523809523814,-17.15664089934154,0.6717202351821827,-24.51765262430664,-4.365395894428152,-1.2470827217057368,-0.614816707114574,-8.007958745037165,-0.14486189393289794,-3.351602114546744,Oil & Gas Midstream,Energy,LNG
2008Q3,2008,Q3,2008-11-07,2008-09-30,-67443000.0,4100000.0,-39145000.0,-2.52,-1705000.0,-0.4158536585,3049316000.0,-527185000.0,540866000.0,117391000.0,3315315000.0,0.0,-678605000.0,106857000.0,3130681000.0,-11.100501137033605,4.607388982119583,1.0337272358784724,-5.979231199673738,-0.026101696926996248,-11.100501137033605,0.1279304229065698,26.062682926829268,-0.396101152083982,-0.20269355159953337,0.0,0.0,0.0,0.001344563830052379,1.1577463348979053,-0.022117419119566488,-4.181124545134406,-0.41585365853658535,0.6425531914893616,-13.459948816128252,18.380165378423616,-16.52965644228708,-2.5949485500467726,0.49035387998458435,-1.5974146877480007,-10.976154177470002,5.387496985991547,-3.015677399178291,Oil & Gas Midstream,Energy,LNG
2008Q2,2008,Q2,2008-08-11,2008-06-30,-132333000.0,1207000.0,65524000.0,-7.05,1069000.0,0.8856669428,2832341000.0,-470853000.0,429671000.0,136370000.0,3034385000.0,0.0,-611162000.0,205953730.0,2895338730.0,-9.990727577500053,3.150773630563907,1.0069409015369266,-6.057092128541179,0.06795660301036238,-9.990727577500053,0.28104949952532954,170.63275062137532,-0.389082333960539,-0.43740558093502646,0.0,0.0,0.0,0.0004261492525087904,1.4353670162059105,-0.04672212844427984,-0.5444982220518447,0.8856669428334715,-4.183823529411764,-31.60755267672962,5.089211091124416,-13.645876737561542,-0.18645357686453576,-1.6513794554306667,2.7079108562491854,-14.344483907311922,0.9981811032135771,-2.530628563890728,Oil & Gas Midstream,Energy,LNG
2008Q1,2008,Q1,2008-05-09,2008-03-31,-49911000.0,1477000.0,-38365000.0,-1.36,1314000.0,0.8896411645,2955426000.0,-342957000.0,468987000.0,211230000.0,3020671000.0,0.0,-478829000.0,930144600.0,3545599600.0,-7.300530046618558,2.22026700752734,0.9328604404238171,-8.038908667850489,-0.019739387510565806,-7.300530046618558,0.14553136399023783,629.7526066350711,-4.659016048566449,-2.7121318416011335,0.0,0.0,0.0,0.0004997587488233507,0.995516735312219,-0.016887920726149124,-3.897411766677701,0.8896411645226812,-0.08800000000000008,-3.299309591353511,6.593211797016602,-9.880294572211135,1.1673245893289188,0.15143323472406406,0.17791634524727865,-5.037379379994904,1.233883615611543,-2.0059548009355623,Oil & Gas Midstream,Energy,LNG
2007Q4,2007,Q4,2008-02-27,2007-12-31,-58818000.0,638000.0,-46668000.0,-1.25,-7853000.0,-12.3087774295,2962299000.0,-302114000.0,600612000.0,173101000.0,2978738000.0,0.0,-428918000.0,1533329280.0,3993799280.0,-6.4311045830938545,3.4697199900636044,0.9306960573527521,-9.12569427434677,-0.020756357275028253,-6.4311045830938545,0.19468809787034033,2403.337429467085,-6.517262062633888,-5.07533341718689,0.0,0.0,0.0,0.0002153732624559506,1.9948816009150727,-0.019855524374818342,-5.2228491625820475,-12.308777429467085,0.03846153846153849,-46.01832592467526,19.64160617136803,-10.61008207863707,0.24620848531387982,-0.10034796273431361,0.01281888564538647,-10.345798857905852,-0.1785697398909182,-2.1055720775346325,Oil & Gas Midstream,Energy,LNG
2007Q3,2007,Q3,2007-11-06,2007-09-30,-53454000.0,394000.0,-47274000.0,-1.3,-10418000.0,-26.4416243655,3016934000.0,-266434000.0,733851000.0,184532000.0,2989891000.0,0.0,-376270000.0,1824728399.9999998,4135149400.0,-5.701806197568909,3.9768224481390764,0.9138416683957952,-10.347778436686008,-0.021132588918146667,-5.701806197568909,0.2006275475352245,4631.290355329948,-8.534105960264899,-6.848706996854756,0.0,0.0,0.0,0.0001305961615335304,2.595268029393276,-0.017717987864500847,-8.26637733814742,-26.441624365482234,-0.625,-19.66849330937488,9.193711330841285,-9.92667416516914,-14.76221928665786,-0.29998297623969455,-0.17526849642004774,-6.123217306362181,-0.3014188854685747,-9.231420827382387,Oil & Gas Midstream,Energy,LNG
2007Q2,2007,Q2,2007-08-08,2007-06-30,-41119000.0,2719000.0,-40224000.0,-0.8,757000.0,0.2784111806,3084424000.0,-123242000.0,935420000.0,101997000.0,2906871000.0,0.0,-322816000.0,2109826890.0,4156024890.0,-2.2658528065304924,9.171054050609332,0.8938459822644358,-22.37062040538128,-0.015662804900463165,-2.2658528065304924,0.33364437448272505,775.9569290180214,-12.827566879058343,-17.119382109994966,0.0,0.0,0.0,0.0008815260158784914,7.164534251007383,-0.013331176258516987,-10.30475713455405,0.278411180581096,-0.11111111111111122,-6.992846840066834,34.0275424687176,-4.263981812723731,1.4500594530321047,-0.1899236022687811,-0.35106811769447804,-2.001104610325962,4.651606563011239,-3.9436192971223356,Oil & Gas Midstream,Energy,LNG
2007Q1,2007,Q1,2007-05-09,2007-03-31,-34556000.0,832000.0,-29772000.0,-0.72,-1682000.0,-2.0216346154,2912361000.0,116374000.0,831343000.0,133582000.0,2533100000.0,0.0,-281697000.0,1709854650.0,3483234650.0,2.120092547047786,6.223465736401611,0.809309010799142,20.253664907969135,-0.013700536017784632,2.120092547047786,-0.29693917885438326,2055.1137620192308,-12.370171967241578,14.6927548249609,0.0,0.0,0.0,0.0002856788701675376,4.477863784042761,-0.011865287304698834,-8.74932660277239,-2.0216346153846154,0.8734622144112478,-3.472483613428934,1.4944027541433702,1.713173083048577,-1.262443438914027,0.6296923390164707,-1.2372649027733504,-20.210996590729593,0.6518236730401569,1.1587211730718394,Oil & Gas Midstream,Energy,LNG
