Quarters,Year,Quarter,FillingDate,Date,NetIncome,Revenue,OperatingIncome,EPSDiluted,GrossProfit,GrossProfitRatio,TotalAssets,CommonStockEquity,CurrentAssets,CurrentLiability,TotalLiability,Inventory,RetainedEarnings,MarketCap,EnterpriseValue,bookValuePerShare,currentRatio,debtToAssets,debtToEquity,roic,shareholdersEquityPerShare,roe,priceToSalesRatio,peRatio,pbRatio,payoutRatio,inventoryTurnover,dividendYield,assetTurnover,quickRatio,returnOnAssets,priceToFreeCashFlowsRatio,grossProfitMargin,epsdilutedGrowth,fiveYNetIncomeGrowthPerShare,fiveYRevenueGrowthPerShare,fiveYShareholdersEquityGrowthPerShare,grossProfitGrowth,netIncomeGrowth,operatingIncomeGrowth,threeYNetIncomeGrowthPerShare,threeYRevenueGrowthPerShare,threeYShareholdersEquityGrowthPerShare,Industry,Sector,Symbol
2023Q3,2023,Q3,2023-05-05,2023-03-31,85846000.0,1283296000.0,73623000.0,1.53,226359000.0,0.1763887677,3192604000.0,1768407000.0,2715175000.0,1092380000.0,1424031000.0,1540419000.0,1239445000.0,5676984000.0,5501390000.0,33.19082207207207,2.48555905454146,0.058637713916289025,0.10586194241484002,0.03312852566553799,33.19082207207207,0.04854425480107238,4.423752587088248,16.532465111944646,3.2102247955363215,0.0,0.6861360448033944,0.0,0.4019590278030097,0.9473406689979678,0.02688902225268151,29.8383458251427,0.1763887676732414,-0.5127388535031847,4.456302332651253,0.42549473711236824,0.0,-0.32915162615359994,-0.5127010166489752,-0.6578570698292608,4.252098031795317,0.6067277347673201,0.6472187716636558,Computer Hardware,Technology,SMCI
2023Q2,2023,Q2,2023-02-03,2022-12-31,176167000.0,1803195000.0,215182000.0,3.14,337422000.0,0.1871245206,3074942000.0,1818677000.0,2649503000.0,916940000.0,1256100000.0,1421817000.0,1303506000.0,4364436000.0,4229983000.0,34.21138073739654,2.889505311143586,0.055331775363567835,0.093552620943686,0.0917743471529981,34.21138073739654,0.09686546868960239,2.4203904735760693,6.193606066970545,2.3997862182234666,0.0,1.0309153709654617,0.0,0.5864159389022622,1.1716709926494646,0.057291161914598716,28.864935648999353,0.1871245206425262,-0.06268656716417909,437.314549682581,1.0235608697757408,0.0,-0.02909922741594372,-0.044730392156862746,-0.022446541251936417,6.014886005276449,0.9543723101289947,0.7143817349352055,Computer Hardware,Technology,SMCI
2023Q1,2023,Q1,2022-11-04,2022-09-30,184416000.0,1852130000.0,220123000.0,3.35,347535000.0,0.1876407164,3301283000.0,1625036000.0,2879880000.0,1353355000.0,1676080000.0,1736055000.0,1127339000.0,2896571860.0,2908027860.0,30.89539526217727,2.1279560795208945,0.07564452971768855,0.15367290324645116,0.09589330265103345,30.89539526217727,0.11348425511804046,1.5639139045315393,3.926681876843658,1.7824662715164463,0.0,0.8666747309273035,0.0,0.5610333921690446,0.7212963339256884,0.05586191792706048,9.564662182465385,0.18764071636440208,0.28846153846153844,27.317322034283997,1.4121114321967294,0.0,0.20947366223063646,0.3095681072559685,0.3323588337479496,5.690746954138825,1.2134112070925571,0.5984817251220035,Computer Hardware,Technology,SMCI
2022Q4,2022,Q4,2022-08-29,2022-06-30,140822000.0,1635460000.0,165213000.0,2.6,287344000.0,0.1756961344,3205077000.0,1425575000.0,2806315000.0,1470024000.0,1779330000.0,1545606000.0,942923000.0,2102678850.0,2432045850.0,27.35650822283203,1.9090266553471236,0.18619334262484177,0.41861284043280783,0.06823334690787665,27.35650822283203,0.09878259649615068,1.285680389615154,3.732866402266691,1.474968942356593,0.0,0.8722248749034359,0.0,0.5102716721002335,0.7506680163044958,0.04393716594016306,-58.13644243530192,0.17569613442089688,0.8181818181818183,7.996271402295495,1.2762836636581147,0.7256668518954891,0.36327363302099397,0.8356035819961677,0.8402597547255979,4.729978436112687,0.8470434292383303,0.46152940643311474,Computer Hardware,Technology,SMCI
2022Q3,2022,Q3,2022-05-06,2022-03-31,76717000.0,1355490000.0,89777000.0,1.43,210775000.0,0.155497274,3071177000.0,1273743000.0,2678715000.0,1496155000.0,1797258000.0,1588542000.0,802101000.0,1968523560.0,2268567560.0,24.633383615688096,1.7903993904374882,0.17825999608619106,0.42981040916417207,0.040137590772626464,24.633383615688096,0.06022957535389792,1.452259743708917,6.414887052413415,1.5454636924403116,0.0,0.7206073242004303,0.0,0.44135847591981836,0.6207679017214126,0.024979673916547304,-8.240396338017556,0.15549727404849906,0.8333333333333331,3.3127218996859207,1.0122078664975362,0.5361381320469711,0.2872305991706516,0.8400450915021707,0.7586436560951243,5.9664764076941195,0.762478996673732,0.3487144333076487,Computer Hardware,Technology,SMCI
2022Q2,2022,Q2,2022-02-04,2021-12-31,41693000.0,1172419000.0,51049000.0,0.78,163743000.0,0.1396625268,2676602000.0,1186668000.0,2293288000.0,1199579000.0,1489757000.0,1393672000.0,725129000.0,2255250300.0,2347835300.0,23.125618739525276,1.9117440368662673,0.12702374129586694,0.2865097904384377,0.02784464447489657,23.125618739525276,0.035134511084819006,1.9235873011269862,13.522955292255297,1.900489690461022,0.0,0.7237542262454868,0.0,0.4380251527870038,0.7210221252622795,0.015576839589897938,-34.40241476622683,0.1396625267928957,0.6250000000000001,0.7776460123499088,0.6865209560920507,0.47952310053298913,0.1853495392322226,0.6390690726107638,0.7525748420763526,1.2227559965596975,0.22256739734504352,0.2835234189179023,Computer Hardware,Technology,SMCI
2022Q1,2022,Q1,2021-11-05,2021-09-30,25437000.0,1032730000.0,29128000.0,0.48,138139000.0,0.1337610024,2426693000.0,1132622000.0,2036955000.0,1101479000.0,1293895000.0,1184573000.0,683197000.0,1857609720.0,1891136720.0,22.297464367273015,1.849290817164921,0.125097818306642,0.2680276385237087,0.017601171489104,22.297464367273015,0.02245850778106023,1.7987370561521405,18.256965444038215,1.6400968019339195,0.0,0.7552012412911657,0.0,0.4255709313044542,0.7402701277101061,0.010482166470995712,-12.778230620541642,0.13376100239171904,-0.35135135135135137,0.782403190861549,0.8512260080777464,0.4853648018877672,-0.05066283648658864,-0.35046728971962615,-0.25467618535861414,0.2868452893975067,0.04058273322726886,0.26640251950949045,Computer Hardware,Technology,SMCI
2021Q4,2021,Q4,2021-08-27,2021-06-30,39162000.0,1068985000.0,39081000.0,0.74,145511000.0,0.1361207126,2241964000.0,1096225000.0,1867259000.0,968896000.0,1145566000.0,1040964000.0,657760000.0,1767091400.0,1653876400.0,21.824109098148515,1.9272027131910958,0.05310120947526365,0.10860088029373532,0.032987780992608455,21.824109098148515,0.035724417888663366,1.6530553749584886,11.28065088606302,1.6119787452393441,0.0,0.8871334647499818,0.0,0.4768073885218496,0.8215752774291565,0.01746772026669474,35.21926495794634,0.1361207126386245,1.1142857142857143,4.420219782002359,0.9672688745433812,0.4665406710023939,0.1828527764455319,1.1251356631213372,1.2914687774846085,0.47491444811733113,0.07755089965002167,0.28601298005841613,Computer Hardware,Technology,SMCI
2021Q3,2021,Q3,2021-05-07,2021-03-31,18428000.0,895881000.0,17055000.0,0.35,123017000.0,0.1373139959,1998840000.0,1053780000.0,1639650000.0,781996000.0,944892000.0,903903000.0,627929000.0,1974600180.0,1904111180.0,20.845053706011512,2.096749855497982,0.05373366552600508,0.10192355140541669,0.014591256169690797,20.845053706011512,0.01748752111446412,2.204087574130939,26.788042381159105,1.8738258270227184,0.0,0.8550297985513933,0.0,0.4482004562646335,0.899787211187781,0.009219347221388405,-13.761622597326568,0.1373139959436577,-0.326923076923077,0.05116384816102912,0.5983425152173035,0.41295532260680323,-0.0960946397736875,-0.3341042133410421,-0.5435568044961863,0.234450980379002,0.04883310448493748,0.0,Computer Hardware,Technology,SMCI
2021Q2,2021,Q2,2021-02-05,2020-12-31,27674000.0,830306000.0,37365000.0,0.52,136095000.0,0.1639094503,1894072000.0,1064047000.0,1544273000.0,672971000.0,829852000.0,807431000.0,653129000.0,1630458340.0,1384531340.0,20.661507990446417,2.29470957886744,0.03679004810799167,0.06548864852774361,0.02745760412360232,20.661507990446417,0.026008249635589405,1.963683678065677,14.72915317626653,1.5323179709166983,0.0,0.8597774918228307,0.0,0.43837087502481425,1.0533559395575738,0.014610849006795941,32.90730700143298,0.16390945025087136,0.06122448979591842,-0.26183511899127127,0.20236135495610225,0.45215183344360405,0.04756956471539083,0.040336829442502165,0.22725481179793733,70.07542107457564,-0.03817085951654548,0.0,Computer Hardware,Technology,SMCI
2021Q1,2021,Q1,2020-11-06,2020-09-30,26601000.0,762250000.0,30446000.0,0.49,129915000.0,0.1704362086,1816693000.0,1072573000.0,1479521000.0,589688000.0,743951000.0,773856000.0,722812000.0,1381485600.0,1142342600.0,20.496722658564085,2.508989499531956,0.033547770591949216,0.05682223960513643,0.0229570685132695,20.496722658564085,0.024801109108657408,1.8123786159396524,12.983399120333823,1.2880107927385827,0.0,0.8171223069925154,0.0,0.4195810739624141,1.1249186010229137,0.01464254004391496,12.708691492493376,0.1704362085929813,0.44117647058823517,0.763257239099204,0.33204784438875373,0.5266828914737268,0.05179853785308905,0.44178861788617885,2.229316928298685,3.1056161239281788,-0.0021847687822391334,0.0,Computer Hardware,Technology,SMCI
2020Q4,2020,Q4,2020-08-31,2020-06-30,18450000.0,896126000.0,9428000.0,0.34,123517000.0,0.1378344117,1918646000.0,1065540000.0,1592761000.0,707635000.0,852939000.0,851498000.0,696211000.0,1483093600.0,1326373600.0,20.397013782542114,2.250822811195037,0.028047383415179247,0.050503031326838976,0.015205110433258482,20.397013782542114,0.017315164142125118,1.6550056576865306,20.096119241192415,1.391870413123862,0.0,0.9073526890256935,0.0,0.46706166744673067,1.0021225631858233,0.00961615639362342,-14.057492748952626,0.13783441167871482,0.17241379310344845,-0.3740229852986906,0.41537097701758413,0.5596973947989655,-0.07380773845230953,0.16720440311254509,-0.3935417470732021,0.17574908753596058,0.24417586355386012,0.2866572837249512,Computer Hardware,Technology,SMCI
2020Q3,2020,Q3,2020-05-11,2020-03-31,15807000.0,772408000.0,15546000.0,0.29,133360000.0,0.1726548663,1960236000.0,1038229000.0,1648359000.0,784823000.0,921841000.0,866226000.0,677761000.0,1096473280.0,854363280.0,20.14961378721422,2.1002939516298578,0.029970370914522537,0.056585782134769884,0.014628415558636233,20.14961378721422,0.01522496481990004,1.4195519466395998,17.34157778199532,1.0560996466097556,0.0,0.7377381884173414,0.0,0.39403826886150445,0.9225481414280672,0.008063824968014055,-34.01604765154806,0.172654866340069,-0.36956521739130443,-0.37697199042475554,0.4895686452586587,0.6111983263986454,-0.03644403340943903,-0.33320678309288787,-0.44109293546647493,-0.10825515619700977,0.15068009015102135,0.2565301855181024,Computer Hardware,Technology,SMCI
2020Q2,2020,Q2,2020-02-07,2019-12-31,23706000.0,870943000.0,27815000.0,0.46,138404000.0,0.1589128106,1807039000.0,1001388000.0,1520695000.0,671740000.0,805486000.0,704430000.0,661954000.0,1205347620.0,932579620.0,19.955521013929577,2.2638148688480664,0.020071509248001843,0.03621972701889777,0.024389166589098895,19.955521013929577,0.023673141679349065,1.3839569524067592,12.711419260946595,1.2036769164399812,0.0,1.0399031841346904,0.0,0.48197244221071045,1.1337184029535237,0.013118698600306912,17.017713365994155,0.15891281059724918,-0.09803921568627448,-0.3024537481212576,0.5917073357261268,0.6889485076590307,0.05709201170099825,-0.1001708104004555,-0.15365890765251788,0.03356305167111753,0.2811358529729419,0.2767076485965793,Computer Hardware,Technology,SMCI
2020Q1,2020,Q1,2019-12-20,2019-09-30,26345000.0,799804000.0,32865000.0,0.51,130929000.0,0.1637013568,1701273000.0,971694000.0,1420331000.0,588412000.0,729417000.0,685231000.0,638248000.0,965260800.0,762287800.0,19.32796276405299,2.4138375831900096,0.021352834024874316,0.03738522621319057,0.02403501983290809,19.32796276405299,0.02711244486432972,1.2068716835624729,9.15981021066616,0.9933793972176425,0.0,0.9761306771001312,0.0,0.47012090358219993,1.1753125361141512,0.015485462944512727,-124.30918222794591,0.16370135683242396,0.08510638297872349,0.14217226730241278,0.631828275578861,0.7638119727426702,-0.00836905645515549,0.1111345423871784,0.09041141340411414,0.8651954081465081,0.44857936873170845,0.28754889385805255,Computer Hardware,Technology,SMCI
2019Q4,2019,Q4,2019-12-19,2019-06-30,23710000.0,854234000.0,30140000.0,0.47,132034000.0,0.1545642061,1682594000.0,941015000.0,1421771000.0,605969000.0,741418000.0,670188000.0,611903000.0,969282720.0,744765720.0,18.7177268568246,2.346276789736769,0.01405389535443488,0.025129248736736397,0.02625478722284197,18.7177268568246,0.025196197722671797,1.1346805676196452,10.220188949810208,1.0300396061699335,0.0,1.0776080741523275,0.0,0.5076887234829079,1.1961635001130422,0.014091337541914448,13.316884016156953,0.15456420606063445,1.2380952380952381,0.28290030034768954,0.7868832744173182,0.7964079127304055,0.17544312587356556,1.2271275596468156,1.3438836612489307,2.278712414967556,0.5706835668277366,0.2577974010666888,Computer Hardware,Technology,SMCI
2019Q3,2019,Q3,2019-12-19,2019-03-31,10646000.0,743499000.0,12859000.0,0.21,112327000.0,0.1510788851,1607252000.0,912998000.0,1356071000.0,564069000.0,694094000.0,761113000.0,588193000.0,1094737200.0,947662200.0,18.26434344242618,2.4040870886363193,0.014098598104093198,0.024819331477177388,0.013149424466558148,18.26434344242618,0.01166048556513815,1.4724124713012392,25.707711816644746,1.19905761020287,0.0,0.8292750222371711,0.0,0.46259018498654847,0.9889605704266676,0.006623727953052788,11.75581972230276,0.15107888510946216,-0.4166666666666667,-0.43471550584955637,0.7506580414632817,0.8163394407767625,-0.12191022654430043,-0.41569703622392973,-0.5004467580902063,-0.3858706596124902,0.3414703759108991,0.23802517589351818,Computer Hardware,Technology,SMCI
2019Q2,2019,Q2,2019-12-19,2018-12-31,18220000.0,931509000.0,25741000.0,0.36,127922000.0,0.1373277123,1736137000.0,898054000.0,1490633000.0,708194000.0,837926000.0,829166000.0,577547000.0,687847200.0,626236200.0,18.017293957146297,2.1048370926610507,0.027746658241832298,0.05364042696764337,0.02219198099845516,18.017293957146297,0.020288312284116546,0.7384224951127686,9.43807903402854,0.7659307792181762,0.0,0.9691509299705969,0.0,0.5365411830978777,0.8833568203063002,0.010494563505069013,18.438472054684357,0.1373277123463112,-0.027027027027027053,0.176390698935685,1.2505667441370047,0.9062523456024826,0.037999334626214104,-0.058008478957708616,-0.09658512617134032,-0.49787051475954514,0.39370159450983017,0.2663086578995177,Computer Hardware,Technology,SMCI
2019Q1,2019,Q1,2019-12-19,2018-09-30,19342000.0,971118000.0,28493000.0,0.37,123239000.0,0.1269042485,1739125000.0,875135000.0,1495690000.0,738882000.0,863833000.0,820973000.0,559327000.0,1068636000.0,1042174000.0,17.60693304361822,2.024260978072277,0.04559706749083591,0.09061344821084746,0.02358028696982444,17.60693304361822,0.02210173287549921,1.100418280785651,13.812377210216109,1.2211098859033178,0.0,1.0327733067957168,0.0,0.5583945949831093,0.8792418816536335,0.01112168475526486,30.983039053666175,0.12690424850533097,-0.30188679245283023,1.1479480436118437,1.686876779897805,0.9394649060019854,-0.06869242569655934,-0.2638349699322524,-0.3136697579188245,0.34980236955620553,0.7866747092814288,0.3114390967174498,Computer Hardware,Technology,SMCI
2018Q4,2018,Q4,2018-06-30,2018-06-30,26274000.0,981662000.0,41515000.0,0.53,132329000.0,0.1348009804,1769505000.0,843495000.0,1530878000.0,811557000.0,925853000.0,853252000.0,532271000.0,1175499600.0,1176303600.0,16.970364558184453,1.8863468616498902,0.06565734485067858,0.13773762737182793,0.029536288177279456,16.970364558184453,0.0311489694663276,1.1974585957284687,11.185007992692395,1.3936058897800223,0.0,0.9954069841031723,0.0,0.5547664459834812,0.8129718553348686,0.01484822026498936,20.70525778098744,0.13480098037817498,0.8928571428571428,1.6516416014994861,1.589806358622055,0.920224442114515,0.2493650688746849,0.8002055498458376,0.9596412556053812,-0.06308532943005515,0.6295774841004219,0.2976719863200563,Computer Hardware,Technology,SMCI
2018Q3,2018,Q3,2018-03-31,2018-03-31,14595000.0,835110000.0,21185000.0,0.28,105917000.0,0.1268299984,,,,,,,,808098750.0000001,,,0.0,0.0,0.0,0.0,,0.0,0.9676554585623452,13.842047790339157,0.0,0.0,0.0,0.0,0.0,0.0,0.0,-592.4477639296189,0.12682999844331885,35.8421052631579,0.7678744913091462,1.5613313523308683,0.0,0.00210986432531648,38.128686327077745,-0.06653447896012338,-0.4002890632980174,0.6789478016769487,0.0,Computer Hardware,Technology,SMCI
2018Q2,2018,Q2,2017-12-31,2017-12-31,373000.0,826983000.0,22695000.0,0.0076,105694000.0,0.1278067385,,,,,,,,1058235750.0,,,0.0,0.0,0.0,0.0,,0.0,1.2796342246454884,709.2732908847184,0.0,0.0,0.0,0.0,0.0,0.0,0.0,-382.3106033236994,0.12780673846983553,-0.9366666666666666,-0.9355444959681304,1.4091493320142345,0.0,0.22822878657587095,-0.9386412238855075,1.4353471402511,-0.9888363107182255,0.5372844915295719,0.0,Computer Hardware,Technology,SMCI
2018Q1,2018,Q1,2017-09-30,2017-09-30,6079000.0,716737000.0,9319000.0,0.12,86054000.0,0.1200635659,,,,,,,,1085043700.0,,,0.0,0.0,0.0,0.0,,0.0,1.5138658950214654,44.622622964303346,0.0,0.0,0.0,0.0,0.0,0.0,0.0,157.66400755594304,0.12006356585469984,-0.6363636363636364,4.738649872084733,1.2469717649693837,0.0,-0.024220433155686585,-0.5853342428376535,-0.5453037326177116,-0.7301303559247854,0.4974046990554578,0.0,Computer Hardware,Technology,SMCI
2017Q4,2017,Q4,2019-05-17,2017-06-30,14660000.0,672883000.0,20495000.0,0.33,88190000.0,0.131062904,1515130000.0,773676000.0,1261166000.0,672530000.0,741284000.0,736668000.0,485973000.0,1203018600.0,1253859600.0,15.852716990410622,1.8752561224034616,0.16788922402698117,0.3287862102482176,0.01599665241108952,15.852716990410622,0.01894850040585465,1.7878570271503367,20.515324010914053,1.554938501388178,0.0,0.7936994684172517,0.0,0.4441090863490262,0.7631867723372935,0.009675737395471016,-100.15973690783449,0.13106290395209866,0.03125000000000003,1.2643375457457817,1.0756443831256186,0.9460341485519629,-0.0015397504698503272,-0.1203648145925837,-0.08565692616551417,-0.18288469434136156,0.4499295775485078,0.5214425585800309,Computer Hardware,Technology,SMCI
2017Q3,2017,Q3,2017-05-10,2017-03-31,16666000.0,631124000.0,22415000.0,0.32,88326000.0,0.1399503109,1404456000.0,776860000.0,1156707000.0,534532000.0,627430000.0,642314000.0,498165000.0,1228080750.0,1265812750.0,16.035917019300236,2.163962120134997,0.10360666336289638,0.18730659320855753,0.018573274312643436,16.035917019300236,0.021453028859768814,1.9458628573782648,18.42194812792512,1.5808263393661666,0.0,0.8450664316829464,0.0,0.4493725684535507,0.933738298174852,0.011866516288157122,-29.73561138014528,0.13995031087393286,-0.25581395348837205,0.9991698470737227,1.2307401420253112,1.0054344139653324,-0.05410267943198612,-0.24231678486997635,-0.29430469414098165,-0.0868780357896105,0.5333893082366515,0.5947284742532885,Computer Hardware,Technology,SMCI
2017Q2,2017,Q2,2017-02-07,2016-12-31,21996000.0,651954000.0,31763000.0,0.43,93378000.0,0.1432278964,1349856000.0,752200000.0,1113808000.0,509762000.0,597495000.0,599269000.0,481499000.0,1349878200.0,1348301200.0,15.630454658798104,2.1849569014559735,0.09421375317070858,0.16907072587077904,0.025374305984143256,15.630454658798104,0.029242222813081628,2.070511416449627,15.342314511729406,1.794573517681468,0.0,0.9320956031431628,0.0,0.48298040679894744,0.9722909906976197,0.01629507147429059,-27.241099428894316,0.14322789644668182,0.6538461538461537,1.1126559082600933,1.1984030525827205,1.0351200528050453,0.1662919664268585,0.6254803428909252,0.5722700722700723,0.4709506066957323,0.6314469837994178,0.6537217479514537,Computer Hardware,Technology,SMCI
2017Q1,2017,Q1,2016-11-07,2016-09-30,13532000.0,528968000.0,20202000.0,0.26,80064000.0,0.1513588724,1220581000.0,723026000.0,989371000.0,415493000.0,497366000.0,499987000.0,459503000.0,1125616050.0,1077115050.0,15.011439842209073,2.381197757844296,0.08044939254338712,0.1358111603178862,0.016727129134654,15.011439842209073,0.018715786154301504,2.1279473427504123,20.795448751108484,1.5568126872339307,0.0,0.897831343614934,0.0,0.4333739424093936,1.1431311718849655,0.011086523549031158,-49.61065053550178,0.15135887237035134,1.0,0.3351453647986132,0.7879513655943483,1.0289697305616974,0.08493685294595912,0.9411849089083345,0.706394121125095,0.5507584568766604,0.5103059114722204,0.6535623035766102,Computer Hardware,Technology,SMCI
2016Q4,2016,Q4,2016-08-26,2016-06-30,6971000.0,524270000.0,11839000.0,0.13,73796000.0,0.1407595323,1165600000.0,721195000.0,938002000.0,363618000.0,444221000.0,448980000.0,445971000.0,1204305550.0,1116930550.0,14.88135278459856,2.579635771606466,0.08029255319148935,0.12976934116293096,0.00886489082507923,14.88135278459856,0.00966590173254113,2.2971094092738475,43.18984184478554,1.6698750684627597,0.0,1.003327542429507,0.0,0.4497855181880577,1.2923040113525732,0.005980610844200412,211.46717295873574,0.1407595323020581,-0.59375,-0.4590555037300922,0.6771567417574496,1.0906431278446111,-0.06766727309480493,-0.5816228543992318,-0.5156882798118224,-0.27845278114612276,0.4185392793856273,0.6838493510696957,Computer Hardware,Technology,SMCI
2016Q3,2016,Q3,2016-05-06,2016-03-31,16662000.0,532721000.0,24445000.0,0.32,79152000.0,0.1485805891,1181113000.0,708828000.0,983611000.0,434497000.0,472112000.0,479276000.0,439000000.0,1637441760.0,1554830760.0,14.75280454554915,2.2637923852178496,0.07941238475912127,0.13232406169056526,0.021102145236017986,14.75280454554915,0.023506407760415786,3.073732328930153,24.568505581562835,2.310069241057069,0.0,0.9463628472946695,0.0,0.45103305102898705,1.063553948588828,0.01410703294265663,-411.31418236623966,0.14858058908884764,-0.5223880597014926,0.24075213277126634,0.811044270278837,1.0941603699347993,-0.25582444858126024,-0.519674824872438,-0.5024019867280055,1.0761315210769,0.6807468288576153,0.7176800956409534,Computer Hardware,Technology,SMCI
2016Q2,2016,Q2,2016-02-04,2015-12-31,34689000.0,638964000.0,49126000.0,0.67,106362000.0,0.1664600823,1192638000.0,677988000.0,999648000.0,480052000.0,514490000.0,486531000.0,422338000.0,1167926010.0,1092267010.0,14.22820087721139,2.0823744094389776,0.07901224009297038,0.13898918564930351,0.04526754650646542,14.22820087721139,0.05116462238269704,1.8278432118241403,8.417120773155755,1.7226352236322768,0.0,1.094692835605542,0.0,0.5357568683875576,1.0083657603759593,0.029085942255738958,19.780939484782277,0.1664600822581554,0.675,1.3623981132616279,1.0905164528961424,1.1476484239743023,0.47285190057467286,1.5322286298269947,1.2913246268656717,5.206204342014714,0.9271993579601862,0.6969640581377952,Computer Hardware,Technology,SMCI
2016Q1,2016,Q1,2015-11-16,2015-09-30,13699000.0,519618000.0,21440000.0,0.4,72215000.0,0.1389770947,1081987000.0,637947000.0,898242000.0,419011000.0,443873000.0,461371000.0,387649000.0,1295313420.0,1279226420.0,13.425658185491509,2.143719377295584,0.087623049075451,0.1486126590453439,0.018904192693331608,13.425658185491509,0.021473570688474122,2.4928186090551137,23.638831666545006,2.0304404911379788,0.0,0.969725015226358,0.0,0.4802442173519645,0.9736546295920632,0.012660965427495894,102.44490825688074,0.1389770947118845,-0.2156862745098039,0.4869782733942971,0.9647758587991851,1.1305149902312277,-0.19551946171156118,-0.4869672683694105,-0.47434231495329393,12.36202847886558,0.683169760491251,0.634216160296325,Computer Hardware,Technology,SMCI
2015Q4,2015,Q4,2015-09-10,2015-06-30,26702000.0,573594000.0,40787000.0,0.51,89766000.0,0.1564974529,1089809000.0,618921000.0,914415000.0,454107000.0,470724000.0,463493000.0,373950000.0,1399932660.0,1398902660.0,13.077545587085597,2.013655371971804,0.0866316941776036,0.1525428931963853,0.03769706100217056,13.077545587085597,0.04314282436692243,2.4406333748260964,13.10700190996929,2.261892325514888,0.0,1.0438733702558616,0.0,0.5263252551593903,0.9205671791009608,0.024501541095733288,-21.81837912815797,0.15649745290222702,0.15909090909090912,1.7222020791651296,1.2371171276456001,1.1664202853684031,0.16852382192137463,0.15813671061762666,0.29696642075807683,3.253020064250053,0.8245864050764353,0.6053620528965491,Computer Hardware,Technology,SMCI
2015Q3,2015,Q3,2015-05-07,2015-03-31,23056000.0,471225000.0,31448000.0,0.44,76820000.0,0.163021911,960961000.0,585580000.0,795252000.0,359167000.0,375208000.0,430382000.0,347248000.0,1555025040.0,1492249040.0,12.505979839398599,2.2141566457942963,0.048356801160504954,0.07935551077564125,0.03677756938998902,12.505979839398599,0.039372929403326616,3.2999629476364793,16.861392262317835,2.6555296287441514,0.0,0.9164068199878248,0.0,0.4903684957037799,0.9210367322164899,0.023992649025298633,375.1568250904704,0.16302191097670965,-0.2786885245901639,1.306250934524586,0.9257654018309255,1.1322741251462944,-0.09037086155449249,-0.2620190768836822,-0.2666899848431853,1.8614273766436469,0.7232292555966491,0.5639842935144479,Computer Hardware,Technology,SMCI
2015Q2,2015,Q2,2015-02-09,2014-12-31,31242000.0,503014000.0,42885000.0,0.61,84452000.0,0.1678919473,935041000.0,545054000.0,781742000.0,373133000.0,389819000.0,409205000.0,324192000.0,1609049280.0,1561640280.0,11.81535193253994,2.0950760184706256,0.03827853537973201,0.06566688805145912,0.05397206625413854,11.81535193253994,0.05731909131939221,3.198816096569877,12.875690416746687,2.952091499190906,0.0,1.0228662895125915,0.0,0.5379592980414762,0.9165230628221036,0.033412438598949136,-36.570964134733394,0.16789194734142587,0.4523809523809524,2.1652651265098477,1.1294965681503133,1.1182380249374537,0.22052808810139754,0.4974835833772708,0.3560045532157086,2.130348821732178,0.7694540363879363,0.5383851700901102,Computer Hardware,Technology,SMCI
2015Q1,2015,Q1,2014-11-06,2014-09-30,20863000.0,443322000.0,31626000.0,0.42,69193000.0,0.1560784261,828275000.0,498296000.0,685102000.0,313954000.0,329801000.0,341541000.0,292950000.0,1337815660.0,1257782660.0,10.958063026411278,2.182173184606662,0.04524946424798527,0.07521433043813316,0.039139100786968285,10.958063026411278,0.0418686884903752,3.017706452646158,16.030959833197528,2.6847810538314576,0.0,1.095414606152702,0.0,0.5352352781382995,0.9934003070513515,0.02518849415954846,55.09949176276771,0.15607842606502723,0.23529411764705868,3.1503994852529424,1.2938724729063449,1.0595220175893798,0.04211033631037547,0.26068040364976736,0.19163526752072343,1.1803252231925445,0.5871703531898331,0.48110896888515325,Computer Hardware,Technology,SMCI
2014Q4,2014,Q4,2014-09-15,2014-06-30,16549000.0,428069000.0,26540000.0,0.34,66397000.0,0.1551081718,796325000.0,469056000.0,654081000.0,310886000.0,327094000.0,315837000.0,272087000.0,1137579590.0,1086994590.0,10.419530399626808,2.10392555470494,0.05812576523404389,0.0986811809250921,0.03236011001550883,10.419530399626808,0.03528150156910902,2.65746781476818,17.18502009184845,2.425253253342884,0.0,1.1451223257566403,0.0,0.5375556462499608,0.99589560160316,0.020781716007911344,-116.9867945290004,0.1551081718134226,-0.02857142857142844,4.4480723104077375,1.6917023770870077,1.0384715560941262,0.15948938250908076,-0.0015083866296609148,0.23602831594634874,0.382493585236389,0.47423313597906097,0.4638131318204238,Computer Hardware,Technology,SMCI
2014Q3,2014,Q3,2014-05-07,2014-03-31,16574000.0,373755000.0,21472000.0,0.35,57264000.0,0.1532126661,750541000.0,442365000.0,610845000.0,292530000.0,308002000.0,295089000.0,255538000.0,764141040.0,708990040.0,10.055578286961266,2.0881448056609577,0.06203924902170568,0.1052592316299888,0.0341307254174238,10.055578286961266,0.037466797780113706,2.0444971706064132,11.526201279111863,1.7273994099894883,0.0,1.0725272714333642,0.0,0.4979807898569165,0.9699586367210201,0.022082737651907092,-87.39032936870997,0.15321266605129027,0.16666666666666663,9.615229129725824,1.6901368027200443,0.9959219181041331,0.03942496188194293,0.24289463817022872,0.0627598495347456,0.3479624804292287,0.38774231203460696,0.42738917744858446,Computer Hardware,Technology,SMCI
2014Q2,2014,Q2,2014-02-07,2013-12-31,13335000.0,356362000.0,20204000.0,0.3,55092000.0,0.1545956078,708731000.0,405619000.0,567583000.0,286642000.0,302944000.0,290927000.0,238964000.0,736421400.0,688879400.0,9.451683560526622,1.9801110793254304,0.05974198955598104,0.10438613575794033,0.029973008439948864,9.451683560526622,0.03287567890064321,2.06649811147092,13.806175478065242,1.815549567451229,0.0,1.035551873837767,0.0,0.5028170067345721,0.8758555968769406,0.018815319211379213,-23.070845864661653,0.15459560783697476,0.764705882352941,1.0019759609506589,1.224658873328976,0.8955116224976885,0.1773807488459566,0.7320431224834394,0.6776550693348833,0.00836376011668546,0.2945877394396543,0.4266662017107559,Computer Hardware,Technology,SMCI
2014Q1,2014,Q1,2013-11-07,2013-09-30,7699000.0,309016000.0,12043000.0,0.17,46792000.0,0.1514225801,635799000.0,385789000.0,524222000.0,218283000.0,249835000.0,254310000.0,225629000.0,575395840.0,498686840.0,9.07824265813253,2.40157043837587,0.054654065199850894,0.09007255261295682,0.01858215243826183,9.07824265813253,0.019956504721492838,1.862026043958889,18.684109624626572,1.491478087763,0.0,1.0311194998230506,0.0,0.486027816967312,1.1247508967716222,0.012109172867525744,35.1730448071398,0.15142258006057938,-0.1052631578947368,-0.16568101292903414,0.6672578754764358,0.8364602653037463,0.01670903678595485,-0.08628056017089959,-0.030978435790151273,-0.0655608254233332,0.30650402824081946,0.4406244968316882,Computer Hardware,Technology,SMCI
2013Q4,2013,Q4,2013-09-11,2013-06-30,8426000.0,322333000.0,12428000.0,0.19,46023000.0,0.1427809129,632257000.0,373543000.0,523192000.0,241664000.0,258533000.0,254170000.0,217930000.0,456906270.0,399039270.0,8.837698440864031,2.1649563029661016,0.05562769569969174,0.09415515750529391,0.020845675192280644,8.837698440864031,0.022556974699030632,1.4174976499458634,13.55644048184192,1.2231691398312912,0.0,1.0871070543337136,0.0,0.5098132563182377,1.0029545153601696,0.013326859172773098,-712.8022932917316,0.1427809129068386,0.1875,-0.03851520409362474,0.6919751063645693,0.9219870968664117,0.18332347723240686,0.196875,1.2845588235294119,-0.03815392593646837,0.4076557069102075,0.46404912533158116,Computer Hardware,Technology,SMCI
2013Q3,2013,Q3,2013-05-10,2013-03-31,7040000.0,278034000.0,5440000.0,0.16,38893000.0,0.1398857694,608052000.0,361992000.0,499805000.0,229145000.0,245885000.0,257341000.0,209504000.0,457294950.0,399298950.0,8.5887963556125,2.1811734927665887,0.059169281574602176,0.09938893677208337,0.018157052702844293,8.5887963556125,0.019447943600963555,1.6447447074818187,16.239167258522727,1.2632736358814558,0.0,0.9292767184397356,0.0,0.45725365593732115,0.9440005236858757,0.011577957148401782,71.34086583463339,0.13988576936633648,0.4545454545454546,0.0559328005604891,0.5320323864692498,0.9023894016570848,-0.030631573700214347,0.4326414326414326,-0.28496319663512093,-0.21765718380304172,0.262335536949259,0.4643929120634191,Computer Hardware,Technology,SMCI
2013Q2,2013,Q2,2013-02-06,2012-12-31,4914000.0,291487000.0,7608000.0,0.11,40122000.0,0.1376459328,583567000.0,351252000.0,475495000.0,213450000.0,232147000.0,243597000.0,202464000.0,427308600.0,376038600.0,8.38450337765259,2.2276645584446007,0.06362251463842199,0.10570188924191179,0.012898385627605896,8.38450337765259,0.01398995592907656,1.4659610891737882,21.739346764346763,1.2165300126404974,0.0,1.0318887342619163,0.0,0.4994919178089234,0.9712344811431248,0.008420626937438204,14.109113121574325,0.1376459327517179,4.5,-0.5329634525166274,0.5659134095927322,0.9286136339445153,0.1458517778095102,4.46607341490545,3.5231866825208087,-0.4517762773320217,0.358837331285689,0.5031608009785533,Computer Hardware,Technology,SMCI
2013Q1,2013,Q1,2012-11-07,2012-09-30,899000.0,270707000.0,1682000.0,0.02,35015000.0,0.129346489,566545000.0,342309000.0,458052000.0,204431000.0,224070000.0,263152000.0,197550000.0,505004039.99999994,484737039.99999994,8.215350277197782,2.2406190841897757,0.06717206929723146,0.11117440674945736,0.0025781059536932258,8.215350277197782,0.002626282101843656,1.8655004857650521,140.4349388209121,1.4752870651954813,0.0,0.8956496625524412,0.0,0.4778208262362213,0.8370061292074098,0.0015868112859525722,-18.381830888508716,0.1293464890084113,-0.8333333333333333,-0.8874514519695794,0.6685424252171694,1.0409011297154547,-0.17510836788541273,-0.8368421052631579,-0.8170147954743255,-0.80482049666357,0.5286598049489626,0.5440406518303245,Computer Hardware,Technology,SMCI
2012Q4,2012,Q4,2012-09-13,2012-06-30,5510000.0,275896000.0,9192000.0,0.12,42448000.0,0.1538550758,589103000.0,338351000.0,481912000.0,220508000.0,250752000.0,276599000.0,196651000.0,658745100.0,610676100.0,8.146165884194053,2.185462658951149,0.05560487724557505,0.09681366391705655,0.01509874712480473,8.146165884194053,0.016284863943065043,2.387657305651405,29.88861615245009,1.9469281899565836,0.0,0.843994374527746,0.0,0.4683323629314398,0.8291762657137156,0.009353203090121762,-115.30633642569578,0.15385507582567345,-0.25000000000000006,-0.2695003660540222,0.8136259377819679,1.129604765598022,0.04220579930761865,-0.22142150628797513,-0.04150156412930136,0.9660069142663846,0.8802733850868335,0.5937116942188387,Computer Hardware,Technology,SMCI
2012Q3,2012,Q3,2012-05-07,2012-03-31,7077000.0,240178000.0,9590000.0,0.16,40729000.0,0.169578396,548118000.0,328853000.0,440054000.0,185342000.0,219265000.0,228933000.0,191141000.0,718059960.0,665314960.0,7.996231094684628,2.3742810587994088,0.06589092129796868,0.10982414635110521,0.019761604430619844,7.996231094684628,0.021520253730390175,2.989699139804645,25.36597286986011,2.183528689110332,0.0,0.8712112277391202,0.0,0.43818666783429844,1.0242740447389151,0.012911453373178767,-33.69275337837838,0.16957839602294963,-0.20000000000000004,-0.05833823733314701,0.23132747612308235,1.761693448554007,-0.044234289200732156,-0.19341235468429452,-0.3009185012392477,3.8485119399268037,0.8491741522343759,0.5871641042068626,Computer Hardware,Technology,SMCI
2012Q2,2012,Q2,2012-02-06,2011-12-31,8774000.0,249915000.0,13718000.0,0.2,42614000.0,0.1705139748,499997000.0,311477000.0,394698000.0,156908000.0,188520000.0,193360000.0,184064000.0,635902400.0,568183400.0,7.680360004931575,2.515474035740689,0.0693164158984954,0.11126985299075053,0.025634397509891375,7.680360004931575,0.028169014084507043,2.544474721405278,18.118942329610213,2.0415709667166437,0.0,1.0720986760446836,0.0,0.499832998997994,1.162955362377954,0.01754810528863173,413.4605981794538,0.17051397475141547,0.05263157894736847,-0.031214105715230308,0.20432317942355216,1.9064897892711068,0.0754050370968556,0.03320772491756948,0.015095456563563711,0.3938889635728139,0.6509315726300844,0.5402770904343586,Computer Hardware,Technology,SMCI
2012Q1,2012,Q1,2011-11-07,2011-09-30,8492000.0,247885000.0,13514000.0,0.19,39626000.0,0.159856385,488179000.0,298576000.0,388864000.0,150304000.0,189603000.0,189004000.0,175290000.0,505660680.0,443980680.0,7.398552879373575,2.587183308494784,0.06268192609678007,0.10248646910669311,0.026140120505187072,7.398552879373575,0.028441669792615615,2.039900276337818,14.886383655204899,1.693574433310112,0.0,1.1018761507692958,0.0,0.5077748121078539,1.1985642431339152,0.017395258706335175,29.58464076761058,0.1598563850172459,-0.29629629629629634,-0.02900682066435513,0.5113577512039463,2.10491030735732,-0.010141886490807354,-0.20864784269872333,-0.07451034104917134,-0.030946547810377274,0.40835454125656423,0.49667164619646575,Computer Hardware,Technology,SMCI
2011Q4,2011,Q4,2011-09-02,2011-06-30,10731000.0,260303000.0,14602000.0,0.27,40032000.0,0.1537900063,464620000.0,287257000.0,369622000.0,140647000.0,177363000.0,192711000.0,166798000.0,649328040.0,607622040.0,7.1180741401526415,2.6280119732379648,0.060774396280831644,0.09829873597510243,0.034445176972594735,7.1180741401526415,0.03735679200158743,2.4945084766598926,15.127388873357562,2.2604428786765856,0.0,1.1430120750761503,0.0,0.5602492359347424,1.1020995826430708,0.02309629374542637,-141.34262951676098,0.1537900062619332,0.08000000000000007,0.1780998467803218,0.711557565388091,2.2799418639689697,0.057480980557903634,0.0032722513089005235,-0.036680300831244225,0.2824914297868711,0.4310726531175484,0.5480101231621484,Computer Hardware,Technology,SMCI
2011Q3,2011,Q3,2011-05-10,2011-03-31,10696000.0,234288000.0,15158000.0,0.25,37856000.0,0.1615789114,461899000.0,269594000.0,372058000.0,154874000.0,192305000.0,205641000.0,156067000.0,613832578.56,573940578.56,7.044734852855836,2.40232705295918,0.06106096787392915,0.10461657158542104,0.036239374560977755,7.044734852855836,0.03967447346751041,2.6199915427166562,14.347246133133881,2.276877744163446,0.0,0.9552180742167174,0.0,0.5072277705732205,0.9551054405516742,0.02315657752019381,-24.605466731871566,0.16157891142525438,-0.07407407407407414,0.23829991109453597,0.624499901431018,0.0,-0.057816272181985616,-0.07546028178753565,-0.10434885369888915,0.7668761660607866,0.4218087417978486,0.5603849907093867,Computer Hardware,Technology,SMCI
2011Q2,2011,Q2,2011-02-09,2010-12-31,11569000.0,240813000.0,16924000.0,0.27,40179000.0,0.1668473048,448974000.0,248723000.0,369179000.0,172648000.0,200251000.0,187646000.0,145371000.0,433246393.09999996,364678393.09999996,6.625014000607037,2.138333487790186,0.041534699113979875,0.07497497215778196,0.04365472855708841,6.625014000607037,0.0465135914249989,1.7990988572045528,9.362226491053677,1.7418831113326871,0.0,1.0692154375792715,0.0,0.536362907428938,0.9560782632871507,0.025767639106050684,146.81341684174853,0.16684730475514195,0.5882352941176471,0.93020428366731,1.061793088569756,0.0,0.2161818567061174,0.6030206456976583,0.40927637605129485,0.2269414848410294,0.4435797974263952,0.5238937538863789,Computer Hardware,Technology,SMCI
2011Q1,2011,Q1,2010-11-08,2010-09-30,7217000.0,207178000.0,12009000.0,0.17,33037000.0,0.159461912,403587000.0,234570000.0,323506000.0,160613000.0,169017000.0,151510000.0,133802000.0,386755967.74,321879967.74,6.301602310732582,2.0141956130574736,0.04619326192369923,0.07947734151852326,0.02882521118347493,6.301602310732582,0.03076693524321098,1.8667810662329012,13.397393921989746,1.648787004902588,0.0,1.1493696785690712,0.0,0.5133416091202144,0.9674683867432897,0.017882141892578304,39.983042255763465,0.15946191197907114,-0.19047619047619038,0.2144281631324039,0.7890252018638032,0.0,0.06884726131547446,-0.064549578742709,0.05490161630358398,0.01136440992145776,0.4293946770797116,0.565477653544245,Computer Hardware,Technology,SMCI
2010Q4,2010,Q4,2010-09-07,2010-06-30,7715000.0,201664000.0,11384000.0,0.21,30909000.0,0.1532697953,370762000.0,224701000.0,296857000.0,137875000.0,146061000.0,135584000.0,126585000.0,502522191.0,448539191.0,6.036476705563039,2.1530879419764277,0.050331479493583485,0.08304813952763895,0.031878099580701515,6.036476705563039,0.03433451564523522,2.491878525666455,16.28393360337006,2.236403892283523,0.0,1.259403764455983,0.0,0.5439176614647672,1.0622085222121487,0.020808497095171567,-37.41788466120625,0.15326979530307838,0.16666666666666666,1.5646686571461108,1.2426336550734316,3.5417491594599064,0.05617631983598155,-0.002327686538212854,0.08069109550028479,0.14129278787869942,0.4791881878145469,0.5780809944628748,Computer Hardware,Technology,SMCI
2010Q3,2010,Q3,2010-05-07,2010-03-31,7733000.0,189276000.0,10534000.0,0.18,29265000.0,0.1546154822,343771000.0,212429000.0,290265000.0,123546000.0,131342000.0,144412000.0,118870000.0,625868156.1600001,559215156.1600001,5.865090089455815,2.3494487883055704,0.00022689522967324178,0.00036718150535002285,0.03653906573830735,5.865090089455815,0.036402751036817005,3.306642977239587,20.23367891374628,2.9462463042239997,0.0,1.1080173392792843,0.0,0.5505874550209297,1.060689945445421,0.022494625782861266,-30.06379845134019,0.15461548215304635,-0.05263157894736847,1.6389765343954288,1.1632148863061536,0.0,-0.03444521429278432,0.016964755391899,-0.14821702919058785,0.16834499962550387,0.10182659219960924,1.0256519206900176,Computer Hardware,Technology,SMCI
2010Q2,2010,Q2,2010-02-08,2009-12-31,7604000.0,181977000.0,12367000.0,0.19,30309000.0,0.1665540151,337798000.0,198234000.0,284915000.0,133029000.0,139564000.0,134283000.0,111137000.0,395194625.2,313006625.2,5.577915132029989,2.1417510467642393,0.00025755037033967044,0.00043887526862193164,0.03852443389721941,5.577915132029989,0.038358707386220325,2.171673481813636,12.992984784324038,1.9935764056619953,0.0,1.1294653828109291,0.0,0.5387154453253128,1.0460651436904735,0.02251049443750407,457.4011865740741,0.16655401506783823,0.8999999999999999,1.6446152728959493,1.119597945290145,0.0,0.23664776204659513,0.9684183277245664,0.9143962848297214,-0.04190086407422197,0.0007034257855343471,1.110858523071328,Computer Hardware,Technology,SMCI
2010Q1,2010,Q1,2009-11-09,2009-09-30,3863000.0,148521000.0,6460000.0,0.1,24509000.0,0.1650204348,296353000.0,185934000.0,237176000.0,104222000.0,110419000.0,100061000.0,103533000.0,295639065.36,222139065.36,5.320682630641367,2.275680758381148,0.0003306867148299494,0.000527068744823432,0.021083952242102064,5.320682630641367,0.020776189400539977,1.9905539644898702,19.132737856588147,1.5900215418374264,0.0,1.23936398796734,0.0,0.5011624650332542,1.1911496612999175,0.013035130401919332,32.89630192055191,0.16502043482066509,0.48148148148148145,0.36634347201279155,0.7592989275034905,0.0,0.19819115130774873,0.6382527565733672,0.7346938775510204,-0.4899091212844046,0.04573477562826036,1.2329018405899652,Computer Hardware,Technology,SMCI
2009Q4,2009,Q4,2009-08-31,2009-06-30,2358000.0,123453000.0,3724000.0,0.0675,20455000.0,0.1656905867,283135000.0,178622000.0,220018000.0,89031000.0,104513000.0,90044000.0,99670000.0,267682652.56,207489652.56,5.111442623997883,2.4712515865260416,0.03567909301216734,0.056555183572012405,0.013069890117803795,5.111442623997883,0.0132010614593947,2.1682960524248096,28.380264266327398,1.4985984512546047,0.0,1.143863000310959,0.0,0.4360216857682731,1.3068594085206275,0.008328182669044802,35.36565630334258,0.16569058670101172,1.2500000000000002,-0.1650333041157199,0.4623846666790081,2.8457682143916445,0.2528327310589821,0.9155158407798538,7.973493975903614,-0.7010473818729704,-0.06258771455949493,1.3553048644371861,Computer Hardware,Technology,SMCI
2009Q3,2009,Q3,2009-05-11,2009-03-31,1231000.0,109540000.0,415000.0,0.03,16327000.0,0.1490505751,267750000.0,174742000.0,204315000.0,78416000.0,93008000.0,82929000.0,97312000.0,170647095.48,118156095.47999999,5.038061958111448,2.605526933278923,0.03813632119514473,0.05843472090281673,0.010740693116301945,5.038061958111448,0.007044671572947546,1.5578518849735254,34.65619323314378,0.9765659971844204,0.0,1.1240096950403358,0.0,0.4091129785247432,1.3457712711691492,0.004597572362278245,53.06190779850746,0.14905057513237174,-0.7857142857142857,-0.5613169133041606,0.3073207953111416,0.0,-0.32230615972106924,-0.769734380845492,-0.9429474841902667,-0.8427559311932254,-0.16198044395644792,0.0,Computer Hardware,Technology,SMCI
2009Q2,2009,Q2,2009-02-06,2008-12-31,5346000.0,128565000.0,7274000.0,0.14,24092000.0,0.1873915918,271579000.0,171746000.0,208063000.0,84910000.0,99833000.0,89142000.0,96081000.0,218025664.89000002,168016664.89000002,4.986349568288204,2.4503945353904135,0.037882163201131164,0.05990241403002108,0.029809154525113332,4.986349568288204,0.03112736250043669,1.6958399633648351,10.195738163580247,1.269465751109196,0.0,1.1719840254874245,0.0,0.47339816407012325,1.177022729949358,0.019684879906031027,-57.254638889180676,0.1873915918018123,-0.22222222222222213,0.9184552818869147,0.5451195067481212,0.0,-0.13450208363270585,-0.254601226993865,-0.3856418918918919,-0.027786503316523953,0.1998118388954071,0.0,Computer Hardware,Technology,SMCI
2009Q1,2009,Q1,2008-11-10,2008-09-30,7172000.0,144051000.0,11840000.0,0.18,27836000.0,0.1932371174,286532000.0,163270000.0,222521000.0,108472000.0,123262000.0,100853000.0,90735000.0,297584928.94,243179928.94,4.943337370074277,2.0514141898370086,0.03618793014392808,0.06350829913639983,0.04134761343619126,4.943337370074277,0.04392723709193361,2.0658303582758886,10.373150060652538,1.8226552884179579,0.0,1.1523207043915402,0.0,0.5027396590956682,1.0235913415443616,0.025030363100805496,26.379304045740625,0.19323711740980626,-0.14285714285714285,1.6839892665954994,0.80539970237439,0.0,-0.020790093924789813,0.04731308411214953,0.11930421629797694,0.3601623215169333,0.4019238818658915,0.0,Computer Hardware,Technology,SMCI
2008Q4,2008,Q4,2008-09-02,2008-06-30,6848000.0,148866000.0,10578000.0,0.21,28427000.0,0.190956968,264385000.0,151871000.0,199883000.0,97491000.0,112514000.0,85683000.0,83563000.0,243748809.72,202733809.72,4.598209038589762,2.050271307095014,0.039586209505077824,0.06891374916870238,0.0423077914620993,4.598209038589762,0.045090899513402824,1.6373705864334367,8.8985400744743,1.6049727052564347,0.0,1.405634723340686,0.0,0.5630652268472115,1.036393102953093,0.025901620742477826,29.86385808870375,0.19095696801150028,0.6153846153846153,1.5656323320477998,0.8657816247993941,2.4596194195183427,0.14504954483203095,0.3630573248407643,0.27892636924192965,1.5656323320477998,0.8657816247993941,2.4596194195183427,Computer Hardware,Technology,SMCI
2008Q3,2008,Q3,2008-05-15,2008-03-31,5024000.0,136755000.0,8271000.0,0.13,24826000.0,0.1815363241,253654000.0,143388000.0,187297000.0,95772000.0,110266000.0,93378000.0,76715000.0,265195649.29999998,234293649.29999998,4.514741486748817,1.9556550975232845,0.04120573694875697,0.07289312913214495,0.032342026027881846,4.514741486748817,0.0350377995369208,1.939202583452159,13.19643955513535,1.849496814935699,0.0,1.1986656385872476,0.0,0.5391399307718387,0.8765714405045316,0.01980650807793293,-153.29228283236992,0.18153632408321452,-0.35000000000000003,0.9552232232020139,0.782405547793371,0.0,-0.08912126215373325,-0.3509043927648579,-0.32404380516508663,0.9552232232020139,0.782405547793371,0.0,Computer Hardware,Technology,SMCI
2008Q2,2008,Q2,2008-02-14,2007-12-31,7740000.0,136933000.0,12236000.0,0.2,27255000.0,0.1990389461,258161000.0,133977000.0,212498000.0,110075000.0,124184000.0,92665000.0,71691000.0,236370623.84,201505623.84,4.347425129679347,1.9304837610719963,0.040807867958367064,0.0786328996768102,0.0526662297437054,4.347425129679347,0.057771109966636064,1.7261772095842494,7.634710072351421,1.7642627006127916,0.0,1.1835968272810662,0.0,0.5304170653197036,1.0039064274358391,0.029981290744922742,-31.795886984126984,0.19903894605390957,0.3333333333333335,2.1043412720997505,0.8393027339396623,0.0,0.18268604903449773,0.3328741174444636,0.33202699760505117,2.1043412720997505,0.8393027339396623,0.0,Computer Hardware,Technology,SMCI
2008Q1,2008,Q1,2007-11-13,2007-09-30,5807000.0,117949000.0,9186000.0,0.15,23045000.0,0.1953810545,225998000.0,121935000.0,191783000.0,89146000.0,104063000.0,73427000.0,63951000.0,296556163.96999997,257837163.96999997,4.025354368020355,2.1513360105893704,0.0513101885857397,0.09509984827982122,0.04216704566633856,4.025354368020355,0.04762373395661623,2.514274508219654,12.76718460349578,2.4320840117275595,0.0,1.2924945864600215,0.0,0.521902848697776,1.2342112938325893,0.025694917654138533,86.7376905440187,0.19538105452356527,-0.16666666666666666,1.369486278777658,0.6118077159556609,0.0,0.15560124360645872,0.05562624977276859,0.13239644970414202,1.369486278777658,0.6118077159556609,0.0,Computer Hardware,Technology,SMCI
2007Q4,2007,Q4,2007-08-28,2007-06-30,5501000.0,110945000.0,8112000.0,0.18,19942000.0,0.1797467213,205583000.0,115872000.0,173506000.0,78420000.0,89711000.0,66772000.0,59133000.0,303220347.43,264069347.43,3.8252008146246324,2.212522315735782,0.056974555289104646,0.1010856807511737,0.04164982024303211,3.8252008146246324,0.04747479977906656,2.733069065122358,13.780237567260498,2.6168560776546532,0.0,1.3628916312226682,0.0,0.5396603804789306,1.266832440703902,0.02675804906047679,60.37840450617284,0.17974672134841588,0.3846153846153845,1.2471610128309099,0.5161246375194835,1.878020314163763,0.10378037305584768,0.35126504544338,0.3166693718552183,1.2471610128309099,0.5161246375194835,1.878020314163763,Computer Hardware,Technology,SMCI
2007Q3,2007,Q3,2007-05-11,2007-03-31,4071000.0,105659000.0,6161000.0,0.13,18067000.0,0.170993479,166807000.0,64502000.0,135380000.0,83840000.0,102305000.0,72996000.0,53632000.0,200273277.61,198425277.61,2.895408648223201,1.6147423664122138,0.11378419370889711,0.2942544417227373,0.051242051057898697,2.895408648223201,0.063114322036526,1.8954682290197713,12.298776566568412,3.104915779510713,0.0,1.1999561619814785,0.0,0.6334206598044446,0.6393726145038168,0.024405450610585886,-190.7364548666667,0.17099347902213724,-0.13333333333333328,1.2587305421269528,0.9632988544845912,0.0,-0.049855377333683934,-0.1789027833803953,-0.1701239224137931,1.2587305421269528,0.9632988544845912,0.0,Computer Hardware,Technology,SMCI
2007Q2,2007,Q2,2006-12-31,2006-12-31,4958000.0,113602000.0,7424000.0,0.15,19015000.0,0.1673826165,168573000.0,58667000.0,137180000.0,91207000.0,109906000.0,74664000.0,49561000.0,,,,,,,,,,,,,,,,,,,,,,,,,,,,,,,Computer Hardware,Technology,SMCI
2007Q1,2007,Q1,2006-09-30,2006-09-30,4809000.0,90187000.0,8208000.0,0.15,17985000.0,0.199418985,159969000.0,52877000.0,129184000.0,88185000.0,107092000.0,77986000.0,44603000.0,,,,,,,,,,,,,,,,,,,,,,,,,,,,,,,Computer Hardware,Technology,SMCI
