Quarters,Year,Quarter,FillingDate,Date,NetIncome,Revenue,OperatingIncome,EPSDiluted,GrossProfit,GrossProfitRatio,TotalAssets,CommonStockEquity,CurrentAssets,CurrentLiability,TotalLiability,Inventory,RetainedEarnings,MarketCap,EnterpriseValue,bookValuePerShare,currentRatio,debtToAssets,debtToEquity,roic,shareholdersEquityPerShare,roe,priceToSalesRatio,peRatio,pbRatio,payoutRatio,inventoryTurnover,dividendYield,assetTurnover,quickRatio,returnOnAssets,priceToFreeCashFlowsRatio,grossProfitMargin,epsdilutedGrowth,fiveYNetIncomeGrowthPerShare,fiveYRevenueGrowthPerShare,fiveYShareholdersEquityGrowthPerShare,grossProfitGrowth,netIncomeGrowth,operatingIncomeGrowth,threeYNetIncomeGrowthPerShare,threeYRevenueGrowthPerShare,threeYShareholdersEquityGrowthPerShare,Industry,Sector,Symbol
2022Q4,2022,Q4,2023-01-20,2022-12-31,-128328000.0,42598000.0,-155471000.0,0.0,-38584000.0,-0.905770224,221782000.0,74930000.0,204660000.0,137716000.0,142493000.0,43882000.0,-422112000.0,0.0,-34940000.0,0.0,1.4861018327572686,0.21559008395631746,0.6381155745362338,-1.1296270300209008,0.0,-1.7126384625650608,0.0,0.0,0.0,,1.8500068365161113,,0.19207149362887882,1.1599959336605767,-0.5786222506785943,0.0,-0.9057702239541763,1.0,1.0,-1.0,-1.0,-5.193457232909466,-5.621671826625387,-12.381907385092099,1.0,-1.0,-1.0,Advertising Agencies,Communication Services,ICLK
2022Q3,2022,Q3,2022-09-30,2022-09-30,-19380000.0,41028000.0,-11618000.0,-0.96,9201000.0,0.22426148,356241000.0,204449000.0,216744000.0,131399000.0,147289000.0,0.0,0.0,70891964.5,10110964.5,10.09383087416064,1.649510270245588,0.10980207219270101,0.191323997671791,-0.048089371160164214,10.09383087416064,-0.09479136606195188,1.7278922808813493,-0.9144990260577915,0.34674644776937036,,0.0,,0.11516922532779776,1.3021788598086743,-0.05440137435050991,0.0,0.224261479964902,0.7894736842105263,-1.8075749972991144,-0.6345228039824955,-0.42925786540246075,-0.005834683954619124,0.5763934426229508,0.3363039131676664,-4.898541014020401,-0.7847079254158463,-0.44519797183231774,Advertising Agencies,Communication Services,ICLK
2022Q2,2022,Q2,2022-06-30,2022-06-30,-45750000.0,38078000.0,-17505000.0,-4.56,9255000.0,0.2430537318,389430000.0,223854000.0,245184000.0,145234000.0,159773000.0,0.0,0.0,67424459.50500001,112557459.50500001,22.307557777136683,1.688199732844926,0.11589502606373417,0.20161801888731049,-0.06502490600283412,22.307557777136683,-0.20437427966442415,1.7706933007248282,-0.3684396694262295,0.30119836815513684,,0.0,,0.0977788049200113,0.6426594323643224,-0.11747939295893998,0.0,0.24305373181364567,-3.851063829787234,-1.127093545545624,-0.3927523833973352,30.93128413332772,-0.4214178544636159,-3.933678421222905,-0.8281984334203656,-7.276487677624289,-0.5615336340015143,0.2051293038465964,Advertising Agencies,Communication Services,ICLK
2022Q1,2022,Q1,2022-03-31,2022-03-31,-9273000.0,47376000.0,-9575000.0,-0.94,15996000.0,0.337639311,456662000.0,274462000.0,295214000.0,160308000.0,175633000.0,0.0,0.0,116382467.80000001,175317467.8,27.827658763565072,1.84154253062854,0.12905606334663275,0.21472917926707522,-0.029476044120951984,27.827658763565072,-0.03378609789333314,2.4565701578858494,-3.1376703278334954,0.42403854741275665,,0.0,,0.10374412585238098,0.8011764852658632,-0.020306046923107245,0.0,0.33763931104356637,-0.3055555555555555,0.6257693028701999,-0.11330933864651485,0.0,-0.3207643312101911,-0.3115983026874116,-0.8893054459352802,-1.4826516336782438,-0.3094957579778409,0.4342137616574244,Advertising Agencies,Communication Services,ICLK
2021Q4,2021,Q4,2021-12-31,2021-12-31,-7070000.0,76323000.0,-5068000.0,-0.72,23550000.0,0.3085570536,507734000.0,284352000.0,351266000.0,200845000.0,216145000.0,0.0,-221237000.0,450445405.0,488136405.0,29.101478346748813,1.7489407254350369,0.15585720081775103,0.2782959149223498,-0.015253564959870671,29.101478346748813,-0.024863549403556156,5.901830444295952,-15.928055339462517,1.584111963341211,,0.0,,0.1503208372888166,1.3295377032039633,-0.013924614069571862,0.0,0.30855705357493807,-2.0124819853511418,0.8175505441259384,0.4702961772352869,4.646402932456882,0.08435399208030206,-2.046100818612667,-1.1667379221889695,0.5026461173792578,0.07874014019226573,0.5073957919838405,Advertising Agencies,Communication Services,ICLK
2021Q3,2021,Q3,2021-09-30,2021-09-30,-2321000.0,86817000.0,-2339000.0,-0.23900557862292915,21718000.0,0.2501583791192969,511861000.0,288983000.0,353114000.0,192130000.0,214350000.0,0.0,0.0,537022171.0,606768171.0,29.758100806605245,1.837891011294436,0.1362596486155421,0.24134983718765463,-0.007384131918259466,29.758100806605245,-0.008031614316413076,6.185679889883318,-57.84383573890564,1.8583175169473636,,0.0,,0.16961049972551143,0.8938375058554104,-0.004534434153022012,0.0,0.2501583791192969,-2.379345515210762,0.3637990796782236,0.7291039437790193,0.0,-0.10761392118995768,-2.315014164305949,-3.6017797552836486,0.9420750828430723,0.10676937111298909,0.4682456509749416,Advertising Agencies,Communication Services,ICLK
2021Q2,2021,Q2,2021-06-30,2021-06-30,1765000.0,78002000.0,899000.0,0.17327462625374868,24337000.0,0.3120048203892208,507395000.0,287977000.0,350789000.0,188095000.0,210829000.0,0.0,0.0,1062735240.0,1153032240.0,29.915880835945554,1.8649565379196682,0.17796194286502626,0.31355629095379145,0.001032584845905349,29.915880835945554,0.006128961687912576,13.62446142406605,150.52907082152976,3.690347631928939,,0.0,,0.15373032844233783,0.9115500146202716,0.0034785522127730862,0.0,0.3120048203892208,1.2306652625466732,1.0855454716684798,0.29674401370212394,41.82192163816347,0.2449866994065889,1.2489772887572295,1.1408870083059082,1.3670414093493282,-0.0099590862917002,0.3276839755827207,Advertising Agencies,Communication Services,ICLK
2021Q1,2021,Q1,2021-03-31,2021-03-31,-7089000.0,66560000.0,-6381000.0,-0.7511951489387702,19548000.0,0.29368990384615384,503366000.0,289401000.0,352637000.0,181591000.0,207358000.0,0.0,0.0,1110730427.4,1189304427.4,30.666754830632993,1.9419299414618565,0.15609715395954435,0.2715056271401965,-0.019266462983675275,30.666754830632993,-0.02449542330537904,16.687656661658654,-39.17091364790521,3.838032444255549,,0.0,,0.13222982879256842,0.9365276913503423,-0.014083191951780613,0.0,0.29368990384615384,-6.707913230189478,0.7009956728296437,0.3019682871585564,0.0,-0.1597317744154058,-6.5124416796267495,-4.362184873949579,-68.95306220219116,1.0881071214276772,1.652995815561316,Advertising Agencies,Communication Services,ICLK
2020Q4,2020,Q4,2020-12-31,2020-12-31,1286000.0,78692000.0,-1190000.0,0.1316059159704209,23264000.0,0.2956336095155797,470115000.0,272102000.0,321176000.0,162847000.0,191027000.0,0.0,-207606000.0,783296998.4000001,794953998.4000001,29.666283475445525,1.9722561668314431,0.13590079023217724,0.23479798016920125,-0.002453443514804653,29.666283475445525,0.004726168863146908,9.953959721445637,152.2739110419907,2.878688868145034,,0.0,,0.16738883039256353,1.4298881772461267,0.002735500888080576,0.0,0.2956336095155797,1.1684183664534098,1.0353538545856322,0.6149259852099743,4.755989026226447,0.15620495999204811,1.1962759462759462,-13.795698924731182,1.0476708346966845,-0.35916240507646674,-0.26568382487197945,Advertising Agencies,Communication Services,ICLK
2020Q3,2020,Q3,2020-09-30,2020-09-30,-6552000.0,68905000.0,93000.0,-0.781422589126154,20121000.0,0.2920107394238444,465394000.0,263654000.0,326730000.0,167430000.0,182887000.0,0.0,-208891000.0,559260023.6,512642023.6,31.444625143773642,1.95144239383623,0.17490126645380044,0.3087303814848248,0.0003134426529585325,31.444625143773642,-0.024850751363529475,8.116392476598215,-21.339286614774114,2.121189223755376,0.0,0.0,0.0,0.1480573449593248,1.6007167174341517,-0.014078393791067354,0.0,0.2920107394238444,-9.036736996319648,-1.080042377930611,0.5894475664647153,0.0,0.21101414384592235,-18.151832460732983,-0.9336188436830836,-1.6595443508775731,0.4827628578218184,0.7779941728684058,Advertising Agencies,Communication Services,ICLK
2020Q2,2020,Q2,2020-08-24,2020-06-30,382000.0,58113000.0,1401000.0,0.09723132528587156,16615000.0,0.28590848863421264,364261000.0,180036000.0,229658000.0,149269000.0,164898000.0,0.0,-202339000.0,209403707.5,221052707.5,45.824970887872176,1.5385512062116045,0.14002047982078783,0.2832988957764003,0.00010270307648337993,45.824970887872176,0.0021217978626496925,3.6033883554454254,137.04431119109947,1.1631213062942967,0.0,0.0,0.0,0.15953670582357157,1.1852762462400097,0.0010486985979833142,0.0,0.28590848863421264,1.080932721348119,1.0453643329540239,1.3671221007292333,64.59436852929828,0.25273316745834273,1.0493922937677786,1.6781219748305904,1.0453643329540239,1.3671221007292333,64.59436852929828,Advertising Agencies,Communication Services,ICLK
2020Q1,2020,Q1,2020-04-01,2020-03-31,-7734000.0,49035000.0,-2066000.0,-1.2013846027448765,13263000.0,0.27048026919547263,321954000.0,127795000.0,244564000.0,180089000.0,182416000.0,0.0,-202721000.0,303853398.40000004,298681398.40000004,19.85142845780987,1.3580174247177785,0.15171111401007598,0.382205876599241,-0.011580189893254593,19.85142845780987,-0.06051879964004851,6.1966635749974515,-9.822000206878718,2.377662650338433,,0.0,,0.15230436646228965,1.123366779758897,-0.02402206526398181,0.0,0.27048026919547263,-0.1980485418874529,0.5218030831128382,0.4060584645878151,0.0,-0.2271879734296702,-0.34738675958188153,0.6087862147320583,0.5218030831128382,0.4060584645878151,0.0,Advertising Agencies,Communication Services,ICLK
2019Q4,2019,Q4,2020-01-10,2019-12-31,-5740000.0,56675000.0,-5281000.0,-1.0027845790389827,17162000.0,0.30281429201588,321516000.0,102101000.0,245393000.0,203940000.0,206960000.0,0.0,-191016000.0,184314764.20000002,235139764.20000002,17.83716141389828,1.203260762969501,0.27270493536869084,0.858747710600288,-0.02784964155771127,17.83716141389828,-0.05621884212691355,3.252135230701368,-8.027646524390246,1.8052199704214456,,0.0,,0.1762742756192538,0.9186329312542905,-0.017852921783052787,0.0,0.30281429201588,-5.767961625279069,0.7471447161237167,0.863708159232933,2.460848253621241,0.2659142878217895,-5.062278839348903,-1.3051069402007858,0.7471447161237167,0.863708159232933,2.460848253621241,Advertising Agencies,Communication Services,ICLK
2019Q3,2019,Q3,2019-10-08,2019-09-30,1413000.0,54168000.0,-2291000.0,0.21031725039949115,13557000.0,0.25027691626052284,275538000.0,104746000.0,209084000.0,163961000.0,167431000.0,0.0,-185276000.0,172719240.0,219277240.0,18.193572412662306,1.2752056891577874,0.245516044973833,0.645838504572967,-0.01365228465047706,18.193572412662306,0.013489775265881274,3.1885844040762072,30.558959660297237,1.6489339927061655,,0.0,,0.19658994403675717,0.9906563146114015,0.005128149293382401,0.0,0.25027691626052284,1.3818059590289535,1.6532943999537482,0.819729135691767,0.0,-0.0028684907325684027,1.4498567335243553,0.0377992440151197,1.6532943999537482,0.819729135691767,0.0,Advertising Agencies,Communication Services,ICLK
2019Q2,2019,Q2,2019-06-30,2019-06-30,-3141000.0,49347000.0,-2381000.0,-0.5508485277034194,13596000.0,0.2755182685877561,267066000.0,105549000.0,199991000.0,155411000.0,159487000.0,0.0,-186689000.0,216110044.79999998,234645044.79999998,18.510509790056737,1.2868522820134998,0.2263972201628062,0.5728429449828989,-0.01453129184135445,18.510509790056737,-0.029758690276554017,4.379395805216122,-17.20073581661891,2.047485478782366,,0.0,,0.18477455011120847,1.1081776708212416,-0.011761137696299792,0.0,0.2755182685877561,-0.4545654620800876,0.742995624666212,0.38493545615483354,25.496147783816834,0.0973365617433414,-0.4711943793911007,-0.08820840950639854,0.742995624666212,0.38493545615483354,25.496147783816834,Advertising Agencies,Communication Services,ICLK
2019Q1,2019,Q1,2019-04-01,2019-03-31,-2135000.0,39218000.0,-2188000.0,-0.3787031536660328,12390000.0,0.31592636034473964,223182000.0,109386000.0,155140000.0,106946000.0,111564000.0,0.0,-183548000.0,219868779.0,223731779.0,19.402727478647616,1.4506386400613394,0.21753546432956064,0.4438410765545865,-0.013357101194444358,19.402727478647616,-0.019518037043131663,5.606323091437605,-25.745758665105384,2.0100266853162196,,0.0,,0.17572205643824323,1.1552933256035756,-0.009566183652803541,0.0,0.31592636034473964,0.7396927690466464,0.8492616958202277,0.2841205127962563,0.0,0.054198927933293624,0.7310066775859897,0.7925279726910677,0.8492616958202277,0.2841205127962563,0.0,Advertising Agencies,Communication Services,ICLK
2018Q4,2018,Q4,2019-03-27,2018-12-31,-7937000.0,39504000.0,-10546000.0,-1.45483147847666,11753000.0,0.2975141757796679,207258000.0,105325000.0,149298000.0,97151000.0,100618000.0,0.0,-181413000.0,183854225.50000003,188302225.50000003,19.305797788150375,1.5367623596257372,0.21362745949492903,0.42037502967006884,-0.06267775187833151,19.305797788150375,-0.07535722762876809,4.654066056601864,-5.791049058208391,1.7455896083550915,,0.0,,0.19060301653012188,1.3100637152473984,-0.03829526483899295,0.0,0.2975141757796679,0.6474099413041009,0.6331596831763581,0.3629753102292397,2.7457998506323356,0.25942991855979425,0.6351475590695964,0.2480034227039361,0.6331596831763581,0.3629753102292397,2.7457998506323356,Advertising Agencies,Communication Services,ICLK
2018Q3,2018,Q3,2018-11-23,2018-09-30,-21754000.0,42587000.0,-14024000.0,-4.126127332850921,9332000.0,0.2191279028811609,210013000.0,106857000.0,151762000.0,100803000.0,103156000.0,0.0,-173476000.0,204563532.79999998,202360532.79999998,20.267794280095657,1.50553058936738,0.22675739120911562,0.44566102361099413,-0.093596395209349,20.267794280095657,-0.20358048607016854,4.8034266982882095,-2.3508726303208607,1.9143671710791055,,0.0,,0.2027826848814121,1.2158368302530678,-0.10358406384366682,0.0,0.2191279028811609,-7.259789360541279,-9.98319948560666,0.5622983332473307,0.0,-0.05851493139628733,-7.347659247889486,-11.121002592912705,-9.98319948560666,0.5622983332473307,0.0,Advertising Agencies,Communication Services,ICLK
2018Q2,2018,Q2,2018-08-28,2018-06-30,-2606000.0,42697000.0,-1157000.0,-0.49954389303948654,9912000.0,0.232147457666815,177023000.0,117546000.0,117868000.0,56866000.0,59477000.0,0.0,-151722000.0,331264196.5,315611196.5,22.53238073677546,2.072732388421904,0.058992334329437415,0.08884181511918739,-0.011582016408689498,22.53238073677546,-0.022170044067854288,7.758488804834063,-31.778990454719878,2.8181664752522417,,0.0,,0.24119464702326815,1.6837829282875532,-0.014721250910898584,0.0,0.232147457666815,-45.51870303207096,0.7669323692383091,0.3097883084902383,31.253098196330132,0.22023882801920472,-22.267857142857142,0.33005211349160396,0.7669323692383091,0.3097883084902383,31.253098196330132,Advertising Agencies,Communication Services,ICLK
2018Q1,2018,Q1,2018-04-20,2018-03-31,-112000.0,35229000.0,-1727000.0,-0.010738560202228567,8123000.0,0.23057708138181612,184660000.0,120560000.0,124554000.0,61199000.0,64100000.0,0.0,-149116000.0,811430971.1999999,798710971.1999999,11.559292574362608,2.035229333812644,0.058431712336185423,0.08949900464499004,0.004435496076425993,11.559292574362608,-0.0009289980092899801,23.03304014306395,-1811.2298464285714,6.730515686794957,,0.0,,0.19077764540236108,1.4502034346966455,-0.0006065200909780137,0.0,0.23057708138181612,0.9963488769916529,0.9957256434849683,-0.37648395822318886,0.0,-0.16395636064223962,0.9871780194619347,0.70362107430925,0.9957256434849683,-0.37648395822318886,0.0,Advertising Agencies,Communication Services,ICLK
2017Q4,2017,Q4,2018-03-29,2017-12-31,-8735000.0,39761000.0,-5827000.0,-2.9411663692727137,9716000.0,0.24436005130655666,188822000.0,119984000.0,127427000.0,65679000.0,68838000.0,0.0,-149004000.0,268776855.0,259861855.0,40.39987743736342,1.9401482970203565,0.055533783139676524,0.08739498599813308,-0.04491355585584494,40.39987743736342,-0.07280137351646886,6.759811247202032,-7.6925259015455065,2.2401058057741032,0.0,0.0,0.0,0.2105739797269386,1.3233301359643113,-0.04626049930622491,-31.184227288548556,0.24436005130655666,-3.4824334690607186,0.258375591478979,1.5200237907432261,6.838570388597185,0.49499923065086937,-2.3732117591573654,-1.1533628972653363,0.258375591478979,1.5200237907432261,6.838570388597185,Advertising Agencies,Communication Services,ICLK
2017Q3,2017,Q3,2017-09-30,2017-09-30,6361000.0,29756000.0,-2706000.0,1.1847916191629364,6499000.0,0.2184097324909262,153041000.0,94951000.0,90168000.0,54672000.0,58090000.0,0.0,-140269000.0,429510160.0,415482160.0,17.685448930940307,1.6492537313432836,0.05126077325683967,0.08262156270076144,-0.026752971110526484,17.685448930940307,0.06699244873671684,14.434405161984138,16.8806068228266,4.523492748891534,0.0,0.0,0.0,0.1944315575564718,0.9634364940005853,0.04156402532654648,-55.05128941297103,0.2184097324909262,1.5527774005451755,4.15375664299597,0.07194994673633581,0.0,-0.0652955558751618,1.6211307489502977,-0.21182266009852216,4.15375664299597,0.07194994673633581,0.0,Advertising Agencies,Communication Services,ICLK
2017Q2,2017,Q2,2017-06-30,2017-06-30,-10241000.0,29857000.0,-2233000.0,-2.1433430852897346,6953000.0,0.2328767123287671,149395000.0,3338000.0,85321000.0,125825000.0,146057000.0,0.0,-146630000.0,382244000.0,363616000.0,0.6986113581900566,0.678092588913173,0.0642257103651394,2.8744757339724387,-0.18359482213720302,0.6986113581900566,-3.068004793289395,12.802491877951569,-9.331217654525924,114.51288196524865,0.0,0.0,0.0,0.19985273938217477,0.4673236638187959,-0.06854981759764384,161.284388185654,0.2328767123287671,0.146867710763079,0.0,0.0,0.0,0.0937549158408054,0.14686771076307897,0.49307604994324633,0.0,0.0,0.0,Advertising Agencies,Communication Services,ICLK
2017Q1,2017,Q1,2017-03-31,2017-03-31,-12004000.0,25884000.0,-4405000.0,-2.512322077513717,6357000.0,0.2455957348168753,,,,,,,,382244000.0,,,0.0,0.0,0.0,0.0,,0.0,14.767578426827384,-7.960763078973676,0.0,,0.0,,0.0,0.0,0.0,0.0,0.2455957348168753,0.3665101060741992,0.0,0.0,0.0,-0.3077425677883045,0.36651010607419915,0.780364978061428,0.0,0.0,0.0,Advertising Agencies,Communication Services,ICLK
2016Q4,2016,Q4,2016-12-31,2016-12-31,-18949000.0,25384000.0,-20056000.0,-3.9658439725764265,9183000.0,0.3617633154743145,169640000.0,24626000.0,102969000.0,126572000.0,145014000.0,0.0,-124385000.0,382244000.0,367946000.0,5.153985412459058,0.8135211579180229,0.07652676255600094,0.5271664094859092,-0.546618010733656,5.153985412459058,-0.7694712905059693,15.058462023321777,-5.043062958467465,15.521968651019248,0.0,0.0,0.0,0.14963452016033954,0.4791186044306798,-0.11170124970525819,-87.71087654887563,0.3617633154743145,-9.556545961002785,0.0,0.0,0.0,0.1683206106870229,-9.556545961002785,-5.526521314676212,0.0,0.0,0.0,Advertising Agencies,Communication Services,ICLK
2016Q3,2016,Q3,2016-09-30,2016-09-30,-1795000.0,24704000.0,-3073000.0,-0.37567628533298253,7860000.0,0.3181670984455959,,,,,,,,382244000.0,,,0.0,0.0,0.0,0.0,,0.0,15.472959844559586,-53.23732590529248,0.0,0.0,0.0,0.0,0.0,0.0,0.0,189.60515873015873,0.3181670984455959,0.0,0.0,0.0,0.0,0.0,0.0,0.0,0.0,0.0,0.0,Advertising Agencies,Communication Services,ICLK
