Quarters,Year,Quarter,FillingDate,Date,NetIncome,Revenue,OperatingIncome,EPSDiluted,GrossProfit,GrossProfitRatio,TotalAssets,CommonStockEquity,CurrentAssets,CurrentLiability,TotalLiability,Inventory,RetainedEarnings,MarketCap,EnterpriseValue,bookValuePerShare,currentRatio,debtToAssets,debtToEquity,roic,shareholdersEquityPerShare,roe,priceToSalesRatio,peRatio,pbRatio,payoutRatio,inventoryTurnover,dividendYield,assetTurnover,quickRatio,returnOnAssets,priceToFreeCashFlowsRatio,grossProfitMargin,epsdilutedGrowth,fiveYNetIncomeGrowthPerShare,fiveYRevenueGrowthPerShare,fiveYShareholdersEquityGrowthPerShare,grossProfitGrowth,netIncomeGrowth,operatingIncomeGrowth,threeYNetIncomeGrowthPerShare,threeYRevenueGrowthPerShare,threeYShareholdersEquityGrowthPerShare,Industry,Sector,Symbol
2023Q1,2023,Q1,2023-05-15,2023-03-31,-35084000.0,0.0,-26875000.0,-0.36,0.0,0.0,245319000.0,104189000.0,242720000.0,46500000.0,141130000.0,0.0,-901635000.0,854307826.32,890324826.32,1.0634668816198936,5.219784946236559,0.38793163187523183,0.9134073654608452,-0.1639077093888569,1.0634668816198936,-0.33673420418662237,0.0,-6.087588546915973,8.19959713904539,0.0,0.0,0.0,0.0,5.083118279569892,-0.14301379020785182,136.9961235279025,0.0,0.1219512195121951,-0.13197094064716391,0.0,-0.7306100753943497,0.0,0.03565047689728155,-0.14473740256421178,-0.8847187814166677,0.0,-0.5815192754499328,Biotechnology,Healthcare,CBAY
2022Q4,2022,Q4,2023-03-23,2022-12-31,-36381000.0,0.0,-23477000.0,-0.41,0.0,0.0,141852000.0,36154000.0,138073000.0,15441000.0,105698000.0,0.0,-872857000.0,550544015.01,621174015.01,0.4117483322307709,8.94197267016385,0.6409567718467135,2.5148254688277922,-0.25099880129864793,0.4117483322307709,-1.006278696686397,0.0,-3.783183633008988,15.227748382198373,0.0,0.0,0.0,0.0,8.77436694514604,-0.25647153371119197,-29.332623741808302,0.0,-0.32258064516129026,-3.4163335956833447,-1.0,-0.7394539371541954,0.0,-0.3159113104495967,-0.09895613911903758,0.03154897389108614,0.0,-0.8480943343976959,Biotechnology,Healthcare,CBAY
2022Q3,2022,Q3,2022-11-14,2022-09-30,-27647000.0,0.0,-21363000.0,-0.31,0.0,0.0,159247000.0,60178000.0,155124000.0,12711000.0,99069000.0,0.0,-846224000.0,307314952.0,363620952.0,0.6853652860990636,12.203917866414915,0.5463022851293902,1.4456612050915616,-0.16283027123093183,0.6853652860990636,-0.4594203861876433,0.0,-2.778917712590878,5.106765794808735,0.0,0.0,0.0,0.0,12.069467390449217,-0.17361080585505537,-17.527801973421546,0.0,0.11428571428571424,-0.5309775461580496,0.0,-0.6827999614928395,0.0,0.09112725599132121,0.10122428373091001,0.17692902747775313,0.0,-0.7785169175035676,Biotechnology,Healthcare,CBAY
2022Q2,2022,Q2,2022-08-11,2022-06-30,-30419000.0,0.0,-23769000.0,-0.35,0.0,0.0,177724000.0,82457000.0,166611000.0,12560000.0,95267000.0,0.0,-821719000.0,259018670.05,289586670.05,0.9391143501472087,13.265207006369426,0.46882244378924626,1.0104781886316505,-0.1600203459663707,0.9391143501472087,-0.36890743053955394,0.0,-2.1287572738255696,3.141257504517506,0.0,0.0,0.0,0.0,13.048009554140128,-0.17115865049177376,-11.479288692164511,0.0,0.0,-0.115598518231298,0.0,11.623580802246124,0.0,0.019880139193195,0.029915925230593422,0.009897932796132483,0.0,-0.7266995591732993,Biotechnology,Healthcare,CBAY
2022Q1,2022,Q1,2022-05-12,2022-03-31,-31036000.0,0.0,-24502000.0,-0.35,0.0,0.0,200642000.0,107381000.0,192046000.0,14039000.0,93261000.0,0.0,-794625000.0,273067140.28999996,278884140.28999996,1.2229772855325491,13.67946434931263,0.3977831161970076,0.743259980815973,-0.14541546377593295,1.2229772855325491,-0.2890269228261983,0.0,-2.1995999830036084,2.5429744581443643,0.0,0.0,0.0,0.0,13.431084835102215,-0.15468346607390276,-10.766782599558393,0.0,0.2391304347826088,-0.7577839208534158,-1.0,2.5269688070432896,0.0,0.02039012688592892,0.00028560936798727,0.051931105530961766,0.0,-0.7062044663753434,Biotechnology,Healthcare,CBAY
2021Q4,2021,Q4,2022-03-17,2021-12-31,-31682000.0,0.0,-24509000.0,-0.46,0.0,0.0,253260000.0,132937000.0,191099000.0,18366000.0,69381000.0,0.0,-766856000.0,233297527.06,107491527.06,1.9259829525944396,10.405041925296745,0.002744215430782595,0.005228040349940197,-0.2189161017669514,1.9259829525944396,-0.23832341635511559,0.0,-1.8409311837952147,1.7549480359869714,0.0,0.0,0.0,0.0,6.849940106718937,-0.12509673852957434,-16.379802503686022,0.0,-0.3939393939393939,-0.7569246639623417,0.0,12.017595498022432,0.0,-0.3967904064897275,-0.10455631168597053,-0.4606521281653975,0.0,-0.3005415967955503,Biotechnology,Healthcare,CBAY
2021Q3,2021,Q3,2021-11-10,2021-09-30,-22682000.0,0.0,-22189000.0,-0.33,0.0,0.0,122902000.0,87058000.0,119576000.0,11741000.0,35844000.0,0.0,-740313000.0,251933720.04999998,207618720.04999998,1.2612908662521851,10.184481730687335,0.20055003173259997,0.2831215970961887,-0.19619788673239313,1.2612908662521851,-0.2605389510441315,0.0,-2.77680231075302,2.893860645202049,0.0,0.0,0.0,0.0,9.69738523124095,-0.18455354672828758,-16.345534292480373,0.0,0.029411764705882377,-0.31060490766721593,0.0,1.8959548300908329,0.0,0.023253811041253982,0.04629072466259778,-0.04661251891331145,0.0,-0.6036297363102562,Biotechnology,Healthcare,CBAY
2021Q2,2021,Q2,2021-08-12,2021-06-30,-23222000.0,0.0,-23266000.0,-0.34,0.0,0.0,117041000.0,107094000.0,113813000.0,8959000.0,9947000.0,0.0,-717631000.0,300776609.96000004,269390609.96000004,1.5524140659145556,12.703761580533541,0.012910005895369999,0.01410910041645657,-0.2112862799229903,1.5524140659145556,-0.21683754458699833,0.0,-3.23805669149944,2.808529048872953,0.0,0.0,0.0,0.0,11.8719723183391,-0.19840910450184124,-15.65973915551622,0.0,-0.3600000000000001,-0.12882850925606698,0.0,1.360382417530691,0.0,-0.32311549199475814,-0.3205812237484391,-0.1296948022264347,0.0,-0.541524995096446,Biotechnology,Healthcare,CBAY
2021Q1,2021,Q1,2021-05-13,2021-03-31,-17551000.0,0.0,-17618000.0,-0.25,0.0,0.0,136682000.0,127646000.0,133273000.0,7909000.0,9036000.0,0.0,-694409000.0,313015257.68,271318257.68,1.8513884731856882,16.850802882791758,0.011918175034020574,0.01276185701079548,-0.13458717839027073,1.8513884731856882,-0.13749745389593093,0.0,-4.45865275027064,2.452213603873212,0.0,0.0,0.0,0.0,15.89619420912884,-0.12840754451939537,-15.154454499152747,0.0,-0.09337648403275989,0.12840285498717155,0.0,0.9870690783186967,0.0,-0.11427845851057075,-0.10993510993510994,0.19533282132403648,0.0,-0.531019338893221,Biotechnology,Healthcare,CBAY
2020Q4,2020,Q4,2021-03-25,2020-12-31,-15751000.0,0.0,-15873000.0,-0.22864951245147638,0.0,0.0,153825000.0,142706000.0,151585000.0,9857000.0,11119000.0,0.0,-676858000.0,395411908.08000004,368962908.08000004,2.0715927448352733,15.378411281322919,0.003133430846741427,0.0033775734727341526,-0.10952032677393536,2.0715927448352733,-0.11037377545443079,0.0,-6.275981018348042,2.7708148787016667,0.0,0.0,0.0,0.0,14.87267931419296,-0.10239557939216642,-26.68816874190065,0.0,-0.34499713206750804,0.10333738009728985,0.0,0.727641518866473,0.0,-0.379126171088346,-0.3624892703862661,-1.4371486746727413,-1.0,0.3108622214995523,Biotechnology,Healthcare,CBAY
2020Q3,2020,Q3,2020-11-05,2020-09-30,-11421000.0,0.0,-11650000.0,-0.17,0.0,0.0,168486000.0,156635000.0,166129000.0,10462000.0,11851000.0,0.0,-661107000.0,498742546.08000004,453320546.08000004,2.273793180295664,15.879277384821258,0.0027420675901855345,0.0029495323522839723,-0.07329441075068575,2.273793180295664,-0.07291473808535767,0.0,-10.91722585763068,3.1841066561113416,0.0,0.0,0.0,0.0,15.441406996750143,-0.06778604750543071,-66.7392675070253,0.0,-0.06250000000000006,0.3872939059308855,0.0,0.471424151915806,0.0,-0.06479582323326497,-0.04465566714490674,0.19387435979452447,0.0,0.052354560372136656,Biotechnology,Healthcare,CBAY
2020Q2,2020,Q2,2020-08-10,2020-06-30,-10726000.0,0.0,-11152000.0,-0.16,0.0,0.0,176597000.0,165608000.0,174102000.0,9478000.0,10989000.0,0.0,-649686000.0,240409026.92000002,146312026.92000002,2.4041190441336027,18.369065203629457,0.0025085363851028047,0.002674991546302111,-0.06637897681616618,2.4041190441336027,-0.06476740254094004,0.0,-5.6034175582696255,1.4516752024056812,0.0,0.0,0.0,0.0,17.84300485334459,-0.06073715861537852,-31.024522766808623,0.0,0.15789473684210525,-0.7508161498580035,0.0,1.074825852409702,0.0,0.18047066014669927,0.19925324908451209,0.4985998055864569,0.0,31.316182802533078,Biotechnology,Healthcare,CBAY
2020Q1,2020,Q1,2020-05-11,2020-03-31,-13088000.0,0.0,-13927000.0,-0.19,0.0,0.0,188600000.0,175048000.0,185949000.0,11922000.0,13552000.0,0.0,-638960000.0,101946039.32,47206039.31999999,2.5412565483470906,15.597131353799698,0.0022481442205726405,0.0024221927699830904,-0.07845048049299821,2.5412565483470906,-0.07476806361683652,0.0,-1.947318905103912,0.582389055116311,0.0,0.0,0.0,0.0,14.81370575406811,-0.06939554612937433,-6.93133256187109,0.0,0.5581395348837209,-0.2323843127741305,0.0,1.1004966890713614,0.0,0.555026688879067,0.5440348349921424,0.05512699498132163,-1.0,6.328780904390836,Biotechnology,Healthcare,CBAY
2019Q4,2019,Q4,2020-03-16,2019-12-31,-29413000.0,0.0,-30544000.0,-0.43,0.0,0.0,205727000.0,186348000.0,202923000.0,17636000.0,19379000.0,0.0,-625872000.0,134748187.0,112029187.0,2.710552832892661,11.506180539804944,0.0019783499492045283,0.0021840856891407476,-0.16168973822820995,2.710552832892661,-0.1578390967437268,0.0,-1.1453114864175704,0.7230997220254577,0.0,0.0,0.0,0.0,10.865955999092765,-0.14297102470750073,-4.784752041758398,0.0,-0.13157894736842102,0.4922130142692486,0.0,1.9551028236319523,0.0,-0.11913096415797884,-0.10239289710181543,-0.6375947928027507,0.0,17.320453100108775,Biotechnology,Healthcare,CBAY
2019Q3,2019,Q3,2019-11-05,2019-09-30,-26282000.0,0.0,-27707000.0,-0.38,0.0,0.0,231800000.0,212591000.0,227771000.0,17358000.0,19209000.0,0.0,-596459000.0,351749340.16,310527340.16,3.0944362809746573,13.121961055421131,0.0016781708369283865,0.0018298046483623484,-0.1287380354985596,3.0944362809746573,-0.12362705853022941,0.0,-3.3459148862339245,1.6545824619104288,0.0,0.0,0.0,0.0,12.622594768982601,-0.11338222605694565,-15.19632523264354,0.0,-0.0857142857142858,0.13566583814362546,0.0,0.5948918327467546,0.0,-0.09335219236209336,-0.08027916406737368,-0.5257344743247127,0.0,6.104901759040505,Biotechnology,Healthcare,CBAY
2019Q2,2019,Q2,2019-08-07,2019-06-30,-24038000.0,0.0,-25648000.0,-0.35,0.0,0.0,253435000.0,236059000.0,249813000.0,15422000.0,17376000.0,0.0,-570177000.0,495310669.35,469556669.35,3.436197714524358,16.19848268707042,0.0014717777733935723,0.0015801134462147175,-0.10742212858991702,3.436197714524358,-0.10183047458474365,0.0,-5.151329866773442,2.0982494603044155,0.0,0.0,0.0,0.0,15.687459473479445,-0.0948487777931225,-20.345478305606903,0.0,0.054054054054054106,-0.11027025018508971,0.0,3.0798287182849275,0.0,-0.041733477789815815,-0.057605871922807306,-0.1733885116511872,0.0,4.22459880170195,Biotechnology,Healthcare,CBAY
2019Q1,2019,Q1,2019-05-08,2019-03-31,-23075000.0,0.0,-24251000.0,-0.37,0.0,0.0,274157000.0,257631000.0,270064000.0,14473000.0,16526000.0,0.0,-546139000.0,841093688.88,717929688.88,4.162681680161223,18.659849374697714,0.0013021735720773133,0.0013857028075037554,-0.09313051559535787,4.162681680161223,-0.08956608482674834,0.0,-9.112607680173348,3.264722369901138,0.0,0.0,0.0,0.0,18.326331790230082,-0.0841671013324482,-37.2627010845295,0.0,-0.17741446038356723,0.6341426073668469,0.0,2.6129585083110083,0.0,-0.18643632063345159,-0.17981026514230114,-0.27655749405285635,0.0,3.46774740651768,Biotechnology,Healthcare,CBAY
2018Q4,2018,Q4,2019-02-28,2018-12-31,-19449000.0,0.0,-20555000.0,-0.31424788165032796,0.0,0.0,186747000.0,170418000.0,181562000.0,14415000.0,16329000.0,0.0,-523064000.0,487079273.84000003,438084273.84000003,2.753534654485351,12.595352063822407,0.0,0.0,-0.120615193230762,2.753534654485351,-0.1141252684575573,0.0,-6.260980948120726,2.858144526047718,0.0,0.0,0.0,0.0,12.39431148109608,-0.10414625134540315,-24.276279597288678,0.0,0.075741524557859,0.2072597792978074,0.0,0.46201007324378907,0.0,-0.04772935409147228,0.027166453689242274,-0.23234169991618742,0.0,1.2963590718236524,Biotechnology,Healthcare,CBAY
2018Q3,2018,Q3,2018-11-06,2018-09-30,-18563000.0,0.0,-21129000.0,-0.34,0.0,0.0,203708000.0,188131000.0,202255000.0,13640000.0,15577000.0,0.0,-503615000.0,646790304.0,604995304.0,3.1821026494546834,14.82807917888563,0.0,0.0,-0.11231003928113921,3.1821026494546834,-0.0986706071832925,0.0,-8.710745892366536,3.437978344876708,0.0,0.0,0.0,0.0,14.54266862170088,-0.09112553262513008,-40.19578049841526,0.0,-0.13333333333333347,-2.3787070755260222,0.0,1.226600338444883,0.0,-0.05886714962067195,-0.17572756107061377,-0.16034705965756413,0.0,1.0592122154549086,Biotechnology,Healthcare,CBAY
2018Q2,2018,Q2,2018-08-09,2018-06-30,-17531000.0,0.0,-17971000.0,-0.3,0.0,0.0,218168000.0,199213000.0,216715000.0,16916000.0,18955000.0,0.0,-485052000.0,789547542.74,744821542.74,3.3860386047460223,12.811243792858832,0.0,0.0,-0.0902099762565696,3.3860386047460223,-0.0880012850566981,0.0,-11.259305555016828,3.9633334307500014,0.0,0.0,0.0,0.0,12.561125561598487,-0.08035550584870375,-61.572763217655776,0.0,0.06250000000000006,-0.8852354585995816,0.0,0.0,0.0,-0.030932078800352838,-0.39852140077821013,-2.3504953097570698,0.0,1.922251479820607,Biotechnology,Healthcare,CBAY
2018Q1,2018,Q1,2018-05-08,2018-03-31,-17005000.0,0.0,-12850000.0,-0.32,0.0,0.0,232259000.0,212199000.0,231176000.0,17918000.0,20060000.0,0.0,-467521000.0,698248261.47,638028261.47,3.947686177115431,12.90188637124679,0.02308199036420548,0.02526402103685691,-0.05906416620702335,3.947686177115431,-0.08013704117361534,0.0,-10.265337569391356,3.2905351178375017,0.0,0.0,0.0,0.0,12.81035829891729,-0.0732156773257441,-107.63808562817944,0.0,-2.4108429426928413,-0.6930691891671968,0.0,0.0,0.0,-2.3720007931786635,-1.9499540863177227,-1.0519059074791772,0.0,2.2629927702172274,Biotechnology,Healthcare,CBAY
2017Q4,2017,Q4,2018-03-15,2017-12-31,-5043000.0,5207000.0,-4356000.0,-0.09381845056382508,0.0,0.0,104247000.0,84947000.0,103544000.0,16310000.0,19300000.0,0.0,-450516000.0,494525327.59999996,477569327.59999996,1.5803283601120859,6.348497854077253,0.05849568812531775,0.07178593711372974,-0.04784447251359218,1.5803283601120859,-0.059366428478933926,94.97317603226425,-24.515433650604795,5.821574953794718,0.0,0.0,0.0,0.04994867957830921,6.266707541385653,-0.04837549281993726,-81.08301813412034,0.0,0.5532454735055948,0.7633280491333208,0.0,-0.1609126917095063,0.0,0.3875394704882196,0.3187363152955896,0.8886481700892419,0.0,0.7229078668240122,Biotechnology,Healthcare,CBAY
2017Q3,2017,Q3,2017-11-08,2017-09-30,-8234000.0,0.0,-6394000.0,-0.21,0.0,0.0,104344000.0,86504000.0,103659000.0,14028000.0,17840000.0,0.0,-445473000.0,322687661.40000004,306488661.40000004,2.160672140282833,7.389435414884517,0.06526489304607835,0.07872468325164154,-0.06852133656257367,2.160672140282833,-0.09518634976417276,0.0,-9.797415029147437,3.730320694996763,0.0,0.0,0.0,0.0,7.283219275734246,-0.07891206010887065,-59.03543018660813,0.0,0.32258064516129037,-1.2131563714800335,0.0,0.5118787320222489,0.0,0.07783626385933475,0.16155258326776817,0.5353241065039855,0.0,0.11362394855813233,Biotechnology,Healthcare,CBAY
2017Q2,2017,Q2,2017-08-10,2017-06-30,-8929000.0,0.0,-7626000.0,-0.31,0.0,0.0,18732000.0,2139000.0,17869000.0,11988000.0,16593000.0,0.0,-437239000.0,165614117.76,163601117.76,0.074393657778949,1.490573907240574,0.4001708306641042,3.504441327723235,-0.7914893617021277,0.074393657778949,-4.174380551659654,0.0,-4.636972722589316,77.42595500701262,0.0,0.0,0.0,0.0,1.3952285618952285,-0.47667093743326927,-28.11307380071295,0.0,-0.5499999999999999,-0.9647741303717603,0.0,0.0,0.0,-0.6686600635395253,-1.5859613428280772,0.01462681072215476,0.0,-0.9116717352491372,Biotechnology,Healthcare,CBAY
2017Q1,2017,Q1,2017-05-11,2017-03-31,-5351000.0,4793000.0,-2949000.0,-0.2,0.0,0.0,25379000.0,9227000.0,24557000.0,10780000.0,16152000.0,0.0,-428310000.0,114422703.3,108908703.3,0.34675024147939354,2.2780148423005566,0.32148626817447495,0.8842527365340848,-0.16961923386632924,0.34675024147939354,-0.5799284707922402,23.87287780095973,-5.345856068959073,12.400856540587405,0.0,0.0,0.0,0.1888569289570117,2.1703153988868276,-0.21084361085937192,-51.93949310031775,0.0,0.23446688722669728,-0.07619255834671781,0.0,0.0,0.0,0.2302934407364787,0.5589950650515927,0.8026731217346462,0.0,-0.6990415478602366,Biotechnology,Healthcare,CBAY
2016Q4,2016,Q4,2017-03-23,2016-12-31,-6952000.0,0.0,-6687000.0,-0.2612558446694206,0.0,0.0,19359000.0,3937000.0,18528000.0,9311000.0,15422000.0,0.0,-422959000.0,46035180.63,44338180.63,0.14795228142455535,1.9899044141338202,0.4544656232243401,2.2346964693929388,-0.5250883392226149,0.14795228142455535,-1.7658115316230631,0.0,-1.655465356372267,11.692959265938534,0.0,0.0,0.0,0.0,1.8251530447857374,-0.359109458133168,-8.521877199185488,0.0,-0.04502337867768236,0.34094061390227964,0.0,-0.9214436159538625,0.0,-0.18251403299880933,-0.180614406779661,0.34094061390227964,0.0,-0.9214436159538625,Biotechnology,Healthcare,CBAY
2016Q3,2016,Q3,2016-11-09,2016-09-30,-5879000.0,0.0,-5664000.0,-0.25,0.0,0.0,24786000.0,10212000.0,24480000.0,7751000.0,14574000.0,0.0,-416007000.0,45487185.82,48082185.82,0.4355354072330694,3.158302154560702,0.37989187444525135,0.9220524872698785,-0.2885673527613613,0.4355354072330694,-0.5756952604778691,0.0,-1.9343079528831433,4.454287683117901,0.0,0.0,0.0,0.0,2.987485485743775,-0.23719034939078512,-7.916321931778628,0.0,0.16666666666666663,-1.698141218836651,0.0,-0.6952444996342055,0.0,0.15918192219679633,0.10746927198235108,-1.698141218836651,0.0,-0.6952444996342055,Biotechnology,Healthcare,CBAY
2016Q2,2016,Q2,2016-08-09,2016-06-30,-6992000.0,0.0,-6346000.0,-0.3,0.0,0.0,30475000.0,15421000.0,30164000.0,7542000.0,15054000.0,0.0,-410128000.0,40797785.22,37923785.22,0.65769599637105,3.99946963670114,0.3129450369155045,0.6184423837624019,-0.25426716884365735,0.65769599637105,-0.45340769081123145,0.0,-1.458730878861556,2.6455991971986252,0.0,0.0,0.0,0.0,3.8630336780694776,-0.22943396226415094,-6.680495369248403,0.0,-0.03448275862068969,-0.8866822383467986,0.0,0.0,0.0,-0.02102803738317757,0.07882130933372042,-0.8866822383467986,0.0,0.0,Biotechnology,Healthcare,CBAY
2016Q1,2016,Q1,2016-05-11,2016-03-31,-6848000.0,0.0,-6889000.0,-0.29,0.0,0.0,36770000.0,21846000.0,36490000.0,6747000.0,14924000.0,0.0,-403136000.0,31653454.05,19877454.05,0.9317182242864899,5.408329627982807,0.25621430514005983,0.43124599469010344,-0.2203281414910289,0.9317182242864899,-0.31346699624645247,0.0,-1.1555729428300234,1.4489359173304037,0.0,0.0,0.0,0.0,5.239365643989921,-0.18623878161544738,-5.155285675895765,0.0,-0.13725219434688066,-0.5630583642289442,0.0,0.0,0.0,-0.1453420304398729,-0.17821104840088933,-0.5630583642289442,0.0,0.0,Biotechnology,Healthcare,CBAY
2015Q4,2015,Q4,2016-03-29,2015-12-31,-5979000.0,0.0,-5847000.0,-0.2550006071138388,0.0,0.0,43079000.0,28115000.0,42794000.0,6146000.0,14964000.0,0.0,-396288000.0,39625435.07,41227435.07,1.1990871498587687,6.962902700943703,0.21606815385686762,0.331068824470923,-0.1562408144723833,1.1990871498587687,-0.21266227992174996,0.0,-1.6568588003846796,1.4094054799928863,0.0,0.0,0.0,0.0,6.779368695086235,-0.13879152255159127,-7.6261422382602,0.0,0.055553306985782216,0.35672044469800257,0.0,-0.36333559886924194,0.0,-0.019437340153452685,0.13107445385644226,0.35672044469800257,0.0,-0.36333559886924194,Biotechnology,Healthcare,CBAY
2015Q3,2015,Q3,2015-11-12,2015-09-30,-5865000.0,0.0,-6729000.0,-0.27,0.0,0.0,48863000.0,33494000.0,48573000.0,6153000.0,15369000.0,0.0,-390309000.0,42048999.48,84717999.47999999,1.5453009775156723,7.8941979522184305,0.1882405910402554,0.27461634919687106,-0.15761735219713296,1.5453009775156723,-0.17510598913238193,0.0,-1.7923699693094628,1.2554188654684422,0.0,0.0,0.0,0.0,7.648626686169348,-0.12002947015123917,-6.313663585585585,0.0,-2.0000000000000004,-1.9118073316126036,0.0,0.08128745630668091,0.0,-3.3220338983050848,-0.028113063407181053,-1.9118073316126036,0.0,0.08128745630668091,Biotechnology,Healthcare,CBAY
2015Q2,2015,Q2,2015-08-11,2015-06-30,-1357000.0,0.0,-6545000.0,-0.09,0.0,0.0,28670000.0,17680000.0,28303000.0,8545000.0,10990000.0,0.0,-384444000.0,41044996.47,33221996.47,1.1587088339686242,3.312229373902867,0.1352982211370771,0.21940045248868778,-0.303585509531982,1.1587088339686242,-0.07675339366515838,0.0,-7.561716372512897,2.3215495740950227,0.0,0.0,0.0,0.0,3.175073142188414,-0.047331705615626087,-7.7312104859672255,0.0,0.7954545454545454,0.4373263400460417,0.0,0.0,0.0,0.4170962199312715,0.03409090909090909,0.4373263400460417,0.0,0.0,Biotechnology,Healthcare,CBAY
2015Q1,2015,Q1,2015-05-11,2015-03-31,-2328000.0,0.0,-6776000.0,-0.44,0.0,0.0,34730000.0,18268000.0,34492000.0,13664000.0,16462000.0,0.0,-383087000.0,104489003.64,97835003.64,1.209836017152015,2.524297423887588,0.12055859487474806,0.22919859864243486,-0.30175907370296146,1.209836017152015,-0.12743595358003065,0.0,-11.220898157216494,5.7197834267571706,0.0,0.0,0.0,0.0,2.414373536299766,-0.06703138496976677,-16.965254690696543,0.0,0.477770045590316,0.17487971402783334,0.0,0.0,0.0,0.8170099041031285,0.10947562097516099,0.17487971402783334,0.0,0.0,Biotechnology,Healthcare,CBAY
2014Q4,2014,Q4,2015-03-23,2014-12-31,-12722000.0,0.0,-7609000.0,-0.8425407165649187,0.0,0.0,37474000.0,13850000.0,37229000.0,20459000.0,23624000.0,0.0,-380759000.0,148428743.61,141349743.61,0.9172448454978874,1.8196881568014076,0.12027005390404014,0.3254151624548736,-0.4145012801656044,0.9172448454978874,-0.9185559566787004,0.0,-2.9167729840040875,10.716876794945849,0.0,0.0,0.0,0.0,1.7176792609609464,-0.3394887121737738,-19.864660547376875,0.0,-0.9148652649202698,-1.125442851333092,0.0,-0.5129819043445096,0.0,-1.1342056701895655,-0.374706413730804,-1.125442851333092,0.0,-0.5129819043445096,Biotechnology,Healthcare,CBAY
2014Q3,2014,Q3,2014-11-14,2014-09-30,-5961000.0,0.0,-5535000.0,-0.44,0.0,0.0,44649000.0,26131000.0,44399000.0,15032000.0,18518000.0,0.0,-368037000.0,92121674.03999999,80434674.03999999,1.940217021266801,2.9536322511974453,0.10457121100136621,0.17867666755960354,-0.1797077922077922,1.940217021266801,-0.22811985764035053,0.0,-3.863515938600906,3.5253788236194556,0.0,0.0,0.0,0.0,2.85145023948909,-0.13350802929516897,-23.608834966683748,0.0,0.21428571428571436,-3.762795751742641,0.0,0.35762052709063774,0.0,-0.8792559899117276,0.03722386502000348,-3.762795751742641,0.0,0.35762052709063774,Biotechnology,Healthcare,CBAY
2014Q2,2014,Q2,2014-08-14,2014-06-30,-3172000.0,0.0,-5749000.0,-0.56,0.0,0.0,26033000.0,8477000.0,25432000.0,13757000.0,17556000.0,0.0,-362076000.0,65421323.5,62007323.5,0.8422406801354302,1.848658864578033,0.17623785195713132,0.5412292084463843,-0.44003061615001915,0.8422406801354302,-0.37418898195116196,0.0,-5.156157274590164,7.7175089654358855,0.0,0.0,0.0,0.0,1.7278476412008432,-0.12184535013252411,-13.629442395833333,0.0,0.4509803921568627,-0.9939391001816205,0.0,0.0,0.0,0.6847545219638242,-0.12394916911045943,-0.9939391001816205,0.0,0.0,Biotechnology,Healthcare,CBAY
2014Q1,2014,Q1,2014-05-15,2014-03-31,-10062000.0,0.0,-5115000.0,-1.02,0.0,0.0,31196000.0,11376000.0,30933000.0,15521000.0,19820000.0,0.0,-358904000.0,78989496.0,61156496.0,1.152153192621966,1.9929772566200632,0.1445377612514425,0.3963607594936709,-0.32200188857412654,1.152153192621966,-0.884493670886076,0.0,-1.9625694692903997,6.943521097046413,0.0,0.0,0.0,0.0,1.8549706848785517,-0.32254135145531476,-15.663195716835217,0.0,-1.5731120950434339,-4.453856908938255,0.0,0.0,0.0,-1.5707715891670926,-0.48089171974522293,-4.453856908938255,0.0,0.0,Biotechnology,Healthcare,CBAY
2013Q4,2013,Q4,2014-03-31,2013-12-31,-3914000.0,0.0,-3454000.0,-0.3964071374755955,0.0,0.0,32500000.0,18596000.0,32239000.0,9488000.0,13904000.0,0.0,-348842000.0,88863183.0,68907183.0,1.8833896598099575,3.397870994940978,0.13676923076923078,0.2390298989029899,-0.1499066880777744,1.8833896598099575,-0.2104753710475371,0.0,-5.67598256259581,4.778618143686814,0.0,0.0,0.0,0.0,3.311762225969646,-0.12043076923076923,-25.123885496183206,0.0,-3.2656971713770657,0.0,0.0,0.0,0.0,-1.994644223412395,-1.492063492063492,0.0,0.0,0.0,Biotechnology,Healthcare,CBAY
2013Q3,2013,Q3,2013-11-25,2013-09-30,-1307000.0,0.0,-1386000.0,-0.09292903868926684,0.0,0.0,32200000.0,20100000.0,32100000.0,2200000.0,12100000.0,0.0,-344900000.0,126580455.0,98880455.0,1.4291305873406759,14.590909090909092,0.13664596273291926,0.21890547263681592,-0.05657142857142857,1.4291305873406759,-0.06502487562189055,0.0,-24.212022762050495,6.2975350746268655,0.0,0.0,0.0,0.0,14.590909090909092,-0.040590062111801245,-210.61639767054908,0.0,0.41205578047683306,0.0,0.0,0.0,0.0,0.4120557804768331,0.35263895375992527,0.0,0.0,0.0,Biotechnology,Healthcare,CBAY
2013Q2,2013,Q2,2013-06-30,2013-06-30,-2223000.0,0.0,-2141000.0,-0.158057576898424,0.0,0.0,,,,,,,,126580455.0,,,0.0,0.0,0.0,0.0,,0.0,0.0,-14.235318825910932,0.0,0.0,0.0,0.0,0.0,0.0,0.0,-58.57494447015271,0.0,0.1541095890410959,0.0,0.0,0.0,0.0,0.1541095890410959,0.1134575569358178,0.0,0.0,0.0,Biotechnology,Healthcare,CBAY
2013Q1,2013,Q1,2013-03-31,2013-03-31,-2628000.0,0.0,-2415000.0,-0.18685349171797494,0.0,0.0,,,,,,,,126580455.0,,,0.0,0.0,0.0,0.0,,0.0,0.0,-12.041519691780822,0.0,0.0,0.0,0.0,0.0,0.0,0.0,-58.62920565076424,0.0,0.0,0.0,0.0,0.0,0.0,0.0,0.0,0.0,0.0,0.0,Biotechnology,Healthcare,CBAY
