Quarters,Year,Quarter,FillingDate,Date,NetIncome,Revenue,OperatingIncome,EPSDiluted,GrossProfit,GrossProfitRatio,TotalAssets,CommonStockEquity,CurrentAssets,CurrentLiability,TotalLiability,Inventory,RetainedEarnings,MarketCap,EnterpriseValue,bookValuePerShare,currentRatio,debtToAssets,debtToEquity,roic,shareholdersEquityPerShare,roe,priceToSalesRatio,peRatio,pbRatio,payoutRatio,inventoryTurnover,dividendYield,assetTurnover,quickRatio,returnOnAssets,priceToFreeCashFlowsRatio,grossProfitMargin,epsdilutedGrowth,fiveYNetIncomeGrowthPerShare,fiveYRevenueGrowthPerShare,fiveYShareholdersEquityGrowthPerShare,grossProfitGrowth,netIncomeGrowth,operatingIncomeGrowth,threeYNetIncomeGrowthPerShare,threeYRevenueGrowthPerShare,threeYShareholdersEquityGrowthPerShare,Industry,Sector,Symbol
2023Q1,2023,Q1,2023-05-15,2023-03-31,35674000.0,660476000.0,44576000.0,0.12,40940000.0,0.0619855983,7967322000.0,509216000.0,931946000.0,149751000.0,4965878000.0,0.0,-13981000.0,2331715026.27,1840127026.27,6.40528757233757,6.223304018003219,0.0558196342510068,0.8733680795575944,0.03489063467120257,6.40528757233757,0.07005671463583234,3.5303554198335747,16.34043719704827,4.579029382953403,5.805068116835791,0.0,0.0888144553115815,0.08289811808785938,7.513058343516905,0.004477539630003658,66.80366222410039,0.06198559826549337,4.7974683544303796,-0.7815922183710979,-0.4099481174499214,-0.026590172349697717,1.6579237810816074,4.659622486663931,0.14016779210149377,-0.7815922183710979,-0.4099481174499214,-0.026590172349697717,Asset Management,Financial Services,TPG
2022Q4,2022,Q4,2023-02-24,2022-12-31,-9748000.0,422186000.0,39096000.0,-0.0316,15403000.0,0.0364839194,7941738000.0,509672000.0,1107484000.0,98171000.0,4855867000.0,0.0,2724000.0,2205995656.2599998,1537980656.2599998,6.4298276017676095,11.281172647726926,0.055978426888421653,0.8722590214883298,0.499855367563219,6.4298276017676095,-0.01912602615015147,5.225174819297655,-56.57559643670496,4.328265347635342,-55.30734509643003,0.0,0.24439576681399283,0.05316040393173384,13.397235436126758,-0.0012274391323410568,3.75706692098733,0.036483919409928324,-1.1858823529411764,-1.0159890510691378,-0.684438191966221,-0.79340203017872,-0.6183313923235126,-1.183212419651919,0.08128439859501618,-1.0159890510691378,-0.684438191966221,-0.79340203017872,Asset Management,Financial Services,TPG
2022Q3,2022,Q3,2022-11-09,2022-09-30,53206000.0,566507000.0,36157000.0,0.17,40357000.0,0.0712383077,8596723000.0,499480000.0,6778440000.0,225263000.0,4828687000.0,0.0,459000.0,2206788324.48,1592292324.48,6.301249216223151,30.091226699457966,0.05169388382061397,0.8897213101625691,0.03799833434690716,6.301249216223151,0.10652278369504284,3.8954299319867185,10.369076441002894,4.418171547369264,3.942750817576965,0.0,0.09506031805267566,0.06589801718631623,30.91337236918624,0.006189102521972617,26.246917439520445,0.07123830773494413,1.2,0.0,0.0,0.0,1.142427087156611,1.2026918402876985,7.4704724409448815,0.0,0.0,0.0,Asset Management,Financial Services,TPG
2022Q2,2022,Q2,2022-08-09,2022-06-30,-262497000.0,-204960000.0,-5588000.0,-0.85,-283352000.0,1.3824746292,8587083000.0,484813000.0,6693623000.0,201950000.0,4522145000.0,0.0,-4789000.0,1894629786.78,1153408786.78,6.118281740783178,33.14495172072295,0.051709643426062143,0.915889219142226,-0.006207556650499905,6.118281740783178,-0.5414396891172473,-9.243900208723653,-1.8044299427993464,3.907959949052521,-1.0254593385829172,0.0,0.14207524967581256,-0.023868407933171253,34.41043822728398,-0.0305688206344343,-186.5160254754873,1.3824746291959407,-2.6037735849056602,0.0,0.0,0.0,-1.2539674572600927,-2.6123498194147565,-1.0917178216196697,0.0,0.0,0.0,Asset Management,Financial Services,TPG
2022Q1,2022,Q1,2022-05-12,2022-03-31,162804000.0,1115702000.0,60926000.0,0.53,1115702000.0,1.0,9664327000.0,521420000.0,1671932000.0,186750000.0,5238986000.0,0.0,41257000.0,2388295317.98,1368154317.98,6.580257760289093,8.952781793842036,0.045939256815296085,0.8514671474051628,0.057784684259633234,6.580257760289093,0.3122319818955928,2.1406211676415388,3.6674395561227,4.580367684361934,0.0,0.0,0.0,0.11544539004112754,8.952781793842036,0.01684587038497352,3.3526992601670527,1.0,-0.9497153700189754,0.0,0.0,0.0,-0.014039549695163174,-0.8047347071932144,-0.8170110136987947,0.0,0.0,0.0,Asset Management,Financial Services,TPG
2021Q4,2021,Q4,2022-03-29,2021-12-31,833758000.0,1131589000.0,332949000.0,10.54,1131589000.0,1.0,4307192000.0,1606593000.0,7081775000.0,177003000.0,2700599000.0,0.0,3092434000.0,2688400434.0,2508750434.0,20.31846197804921,40.009350124009195,0.18537599438334768,0.49698336790960745,0.137950093764702,20.31846197804921,0.5189603091760017,2.3757746266533166,0.806109336881925,1.673355002791622,0.7548773145205203,0.0,0.23411132956244718,0.2627208167177131,41.08710586826212,0.193573446458853,6.444932405414088,1.0,0.0,0.370956231768718,-0.15209785886892832,-0.3471437720349081,0.0,0.0,0.0,0.370956231768718,-0.15209785886892832,-0.3471437720349081,Asset Management,Financial Services,TPG
2020Q4,2020,Q4,2020-12-31,2020-12-31,608158000.0,1334575000.0,0.0,7.69,0.0,0.0,7000551000.0,2460868000.0,0.0,0.0,2279849000.0,0.0,0.0,2688400434.0,2317104434.0,31.122414258619333,0.0,0.07008434050405461,0.19937233528982456,0.0,31.122414258619333,0.24713149994229677,2.01442439278422,1.105140618885224,1.0924602351690542,0.1371880333729064,0.0,0.0310340673007048,0.19063856545006244,0.0,0.08687287614932025,-4.17831738048575,0.0,0.0,0.0,0.0,0.0,0.0,0.0,0.0,0.0,0.0,0.0,Asset Management,Financial Services,TPG
2021Q3,2021,Q3,2021-09-30,2021-09-30,,,,,,,10770033000.0,3506720000.0,0.0,0.0,3451622000.0,0.0,0.0,0.0,-1361988000.0,0.0,0.0,0.039502571626289354,0.12132248939179632,,0.0,,0.0,0.0,0.0,0.0,0.0,,,0.0,,0.0,0.0,0.0,0.0,0.0,0.0,0.0,0.0,0.0,0.0,0.0,0.0,Asset Management,Financial Services,TPG
