Year,Date,FillingDate,NetIncome,Revenue,OperatingIncome,EPSDiluted,GrossProfit,GrossProfitRatio,TotalAssets,CommonStockEquity,CurrentAssets,CurrentLiability,TotalLiability,Inventory,RetainedEarnings,EnterpriseValue,bookValuePerShare,currentRatio,debtToAssets,debtToEquity,roic,shareholdersEquityPerShare,roe,priceToSalesRatio,peRatio,pbRatio,payoutRatio,inventoryTurnover,dividendYield,assetTurnover,quickRatio,returnOnAssets,priceToFreeCashFlowsRatio,grossProfitMargin,epsdilutedGrowth,fiveYNetIncomeGrowthPerShare,fiveYRevenueGrowthPerShare,fiveYShareholdersEquityGrowthPerShare,grossProfitGrowth,netIncomeGrowth,operatingIncomeGrowth,threeYNetIncomeGrowthPerShare,threeYRevenueGrowthPerShare,threeYShareholdersEquityGrowthPerShare,Industry,Sector,Price,MarketCap,AvgVolume,Symbol
2022,2022-12-31,2023-02-22,1105300000.0,7195700000.0,-901500000.0,2.22,5110000000.0,0.7101463374,42895000000.0,22436400000.0,6297400000.0,3921000000.0,20321600000.0,382700000.0,19617700000.0,23194964958.260002,45.830138241585814,1.6060698801326192,0.35922834829234174,0.6867902158991639,-0.017716274045041613,45.830138241585814,0.049263696493198554,1.3219096068846672,8.605867147616031,0.4239568272209445,0.0,5.449960804807944,0.0,0.16775148618720132,1.3206834991073706,0.025767571978086025,6.198400207389548,0.7101463373959448,-0.9058923272573125,1.6890839881891355,-0.17185162242456772,4.710378659533321,-0.2993953686057831,-0.917679566240653,-1.0734593101425185,2.1309553728088324,-0.10115028732111195,1.3773472103406756,Telecom Services,Communication Services,18.88,8231793582,2344673,LBTYK
2021,2021-12-31,2022-02-17,13426800000.0,10311300000.0,12272100000.0,23.59,7293700000.0,0.7073501886,46917000000.0,25934900000.0,5940500000.0,4084800000.0,21319000000.0,925000000.0,18144500000.0,30750078842.16,46.671086739446224,1.4542939678809244,0.34211906132105635,0.618903485265029,0.27439563522527904,46.671086739446224,0.5177116549514361,1.5138225870801936,1.1625613580421248,0.6018715646545775,0.0,3.26227027027027,0.0,0.2197774793784769,1.0006609870740306,0.2861819809450732,7.290742102830453,0.70735018862801,10.668032786885247,9.96454338917886,-0.04479768242873697,3.367317451124109,-0.14624667860612658,10.154428308447535,4.795013457996883,24.940296961473056,0.20831065844355212,6.762988236653201,Telecom Services,Communication Services,18.88,8231793582,2344673,LBTYK
2020,2020-12-31,2021-02-16,-1466700000.0,11980100000.0,2117700000.0,-2.44,8543100000.0,0.7131075701,59092700000.0,13662600000.0,4849100000.0,4467000000.0,45794300000.0,0.0,4692100000.0,27909784471.5,22.692185878210896,1.0855383926572644,0.25379953869090427,1.0977193213590386,0.06287652205019814,22.692185878210896,-0.10735145579904264,1.1885780979708016,-9.70838240369537,1.042208984490507,0.0,0.0,0.0,0.20273400944617526,0.8995074994403403,-0.024820324676313656,5.021612523451827,0.7131075700536723,-0.21999999999999997,-0.9404385082079494,0.11134189168220605,1.0702287200711398,0.028942043647926,-0.040951029098651524,1.8406438631790745,0.25650463395051815,0.12109014637435857,1.8274183528322503,Telecom Services,Communication Services,18.88,8231793582,2344673,LBTYK
2019,2019-12-31,2020-02-13,-1409000000.0,11541500000.0,745500000.0,-2.0,8302800000.0,0.7193865615,49046300000.0,13606200000.0,10573300000.0,8651700000.0,35847700000.0,331100000.0,6350400000.0,35422892130.07,19.277848032563288,1.22210663800178,0.5746101133011052,2.0712983786803076,0.02174412549383497,19.277848032563288,-0.10355573194573062,1.332824340862973,-10.917524577764373,1.1305722486858933,0.0,9.781636967683479,0.0,0.23531846438977047,1.1035056694060128,-0.028727957052825596,4.602457029611346,0.7193865615387948,-0.0152284263959391,-1.5809952839230417,-0.1948053765552954,0.1772057198312114,-0.0469478179021557,-2.9426444229973803,-0.11154808723632463,-1.9059148731037479,-0.15821231671585684,0.803953754125315,Telecom Services,Communication Services,18.88,8231793582,2344673,LBTYK
2018,2018-12-31,2019-02-27,725300000.0,11957900000.0,839100000.0,-1.97,8711800000.0,0.7285392920161566,53153600000.0,4681400000.0,4141400000.0,10306100000.0,49005300000.0,0.0,-5172200000.0,44396571752.479996,6.012000188160426,0.40183968717555624,0.5607371843111285,6.366727901909685,-0.21225880090851573,6.012000188160426,0.15493228521382493,1.344037979283988,22.158929756624847,3.4331336250865125,0.0,0.0,0.0,0.2249687697540712,0.27387663616693025,0.013645359862737426,3.563528913434292,0.7285392920161566,0.7244755244755245,1.3653900694703678,-0.5988272821357044,-0.8109690936228011,-0.24895038579249107,1.2610777149850618,-0.5691399229781772,1.7419532238009552,-0.14228616501256672,-0.45151976449506775,Telecom Services,Communication Services,18.88,8231793582,2344673,LBTYK
2017,2017-12-31,2018-02-14,-2778100000.0,15048900000.0,1947500000.0,-7.15,11599500000.0,0.770787233618404,57596800000.0,6805000000.0,4331600000.0,9965800000.0,51203800000.0,0.0,-6217600000.0,69235253297.84,8.025761683084475,0.4346464909992173,0.7329382882382355,6.203512123438648,0.04763111039878768,8.025761683084475,-0.40824393828067596,1.9066345910890499,-10.32819311682085,4.216422233334313,0.0,0.0,0.0,0.2612801405633646,0.3223825483152381,-0.048233582421245626,7.640398705288386,0.770787233618404,-4.310185185185185,-4.051886917608729,-0.4824331137057987,0.09191779809679602,-0.13151392632524708,-2.4168196654426763,-0.21541374587059867,-3.2360445657980303,-0.12606366741576427,-0.509905226798649,Telecom Services,Communication Services,18.88,8231793582,2344673,LBTYK
2016,2016-12-31,2017-02-16,1960800000.0,17285000000.0,2482200000.0,2.16,13356000000.0,0.7726930864911773,54517900000.0,9508700000.0,5564000000.0,8397300000.0,45519300000.0,0.0,0.0,62860991749.6,10.68644248139862,0.6625939290009885,0.688045577690997,3.944892572065582,0.16261216522299693,10.68644248139862,0.20621115399581436,1.5288858403008387,13.477555971848226,2.779222369998002,0.0,0.0,0.0,0.3170518306831334,0.5713860407511938,0.03596616890966086,7.975732404659865,0.7726930864911773,2.720557556234751,1.846013945147747,-0.39409090643386274,0.13000792337669723,0.23278567472770906,2.6389167502507522,0.18138118128599306,1.8644524967805747,-0.4925250264208742,-0.6639940377605525,Telecom Services,Communication Services,18.88,8231793582,2344673,LBTYK
2015,2015-12-31,2016-02-16,-1196400000.0,17062700000.0,2101100000.0,-1.255407,10834000000.0,0.6349522642958031,64610300000.0,10446000000.0,2927400000.0,8767300000.0,54705700000.0,0.0,0.0,78706844926.1152,10.96119750354498,0.33389983233150455,0.6922054223552592,4.281409151828451,0.05398187545304545,10.96119750354498,-0.11453187823090179,2.0331392409240743,-28.99602551497426,3.3209692634611527,0.0,0.0,0.0,0.26408637632080334,0.23767864678977565,-0.018517171410750297,11.093970235406205,0.6349522642958031,-0.6230381180412984,-1.9191406350241997,-0.43564601628760696,0.023247922927032594,-0.05279815350719975,-0.7214388489208633,-0.05704155820841935,-2.1693561900318463,-0.47789322020805325,0.4912885673892935,Telecom Services,Communication Services,18.88,8231793582,2344673,LBTYK
2014,2014-12-31,2015-02-13,-695000000.0,18248300000.0,2228200000.0,-0.773492,11437900000.0,0.626792632738392,72841900000.0,14714500000.0,3920500000.0,9190300000.0,58725900000.0,0.0,-4007600000.0,83758204539.8338,16.375938128577356,0.4265910797253626,0.6336874793216541,3.136973733392232,0.03400383042879348,16.375938128577356,-0.0472323218593904,2.123907681254352,-55.766481352278845,2.633980396196527,0.0,0.0,0.0,0.2505192753072064,0.2892179798265563,-0.009541211857461158,13.27864346301007,0.626792632738392,0.6968641674847695,0.429113050655335,-0.4425027397325129,0.5964117688757105,0.26294926296030474,0.2789708475982986,0.10740022861686795,0.7030538488247099,-0.3665546225683903,0.7316277021309608,Telecom Services,Communication Services,18.88,8231793582,2344673,LBTYK
2013,2013-12-31,2014-02-13,-963900000.0,14474200000.0,2012100000.0,-2.551635,9056500000.0,0.6256995205261776,67714300000.0,12025800000.0,5482600000.0,7683000000.0,56172800000.0,0.0,-3312600000.0,56235873006.4313,31.804323977391665,0.7136014577638943,0.6601899451076065,3.7173659964409853,0.05941638452774517,31.804323977391665,-0.08015267175572519,0.9833685458561647,-14.766545291452744,1.183578057711861,0.0,0.0,0.0,0.21375396334304572,0.5584537290121047,-0.014234807123458412,9.817542424080079,0.6256995205261776,-3.371901771372479,-0.17740707311324197,0.3206934704051914,2.4154405747759053,0.3530694873978456,-3.9860594795539033,0.014623569159396903,-2.866387223580435,0.20659805142615076,1.968992068561799,Telecom Services,Communication Services,18.88,8231793582,2344673,LBTYK
2012,2012-12-31,2012-12-31,322800000.0,10310800000.0,1983100000.0,1.075776,6693300000.0,0.6491542848275594,38307700000.0,2210000000.0,3725800000.0,4620300000.0,36222600000.0,0.0,-2348700000.0,33371588991.0066,7.350151904358839,0.8063978529532715,0.7185108998974097,12.454524886877827,0.0789752347102118,7.350151904358839,0.1460633484162896,0.7648280435084183,24.429953503737917,3.568320810410226,0.0,0.0,0.0,0.26915737567120973,0.6644373741964807,0.008426504332027242,7.6112238114145345,0.6491542848275594,1.4129691640508428,2.086451143407114,0.6289089491137497,-0.46138838220027834,0.09164301790781877,1.4177559207972046,0.09057413110426749,1.7923958602474421,-0.05863932958999755,-0.28346889741442655,Telecom Services,Communication Services,18.88,8231793582,2344673,LBTYK
2011,2011-12-31,2011-12-31,-772700000.0,9510800000.0,1818400000.0,-2.604979,6131400000.0,0.6446776296420911,36409200000.0,2805400000.0,3775100000.0,4169800000.0,33477800000.0,0.0,-2671500000.0,28340451535.5356,9.456962433914022,0.9053431819271908,0.6799902222515188,8.82508733157482,0.09251860613791912,9.456962433914022,-0.2754330933200257,0.5502956150413846,-6.773329281138347,1.8655990359790406,0.0,0.0,0.0,0.26121969172626697,0.6143460117991271,-0.02122265800951408,6.467010423249229,0.6446776296420911,-2.9025971939204043,-2.8197228394695792,1.4381573230867877,-0.3561976085253562,0.08139473359318507,-2.990468830499742,0.21615837346174424,-0.20306821172090858,0.10613768817259313,0.01557553098383484,Telecom Services,Communication Services,18.88,8231793582,2344673,LBTYK
2010,2010-12-31,2010-12-31,388200000.0,9016900000.0,1495200000.0,1.36917,5669900000.0,0.6288081269615944,33328800000.0,3044600000.0,5432700000.0,4289900000.0,29871100000.0,0.0,-1898800000.0,26665491405.8885,10.712161987282743,1.2663931560176227,0.7864939631789923,8.60963673388951,0.04066476895497099,10.712161987282743,0.1275044340800105,0.4768924359689583,11.077000015168727,1.4123666182383565,0.0,0.0,0.0,0.270543793955978,1.111867409496725,0.011647584071433716,8.791845033507464,0.6288081269615944,-0.9287534256162857,9.085598218513582,1.9201864973237937,-0.35017893265765104,-0.1756589755891889,1.9420043678718757,-0.08662186927306048,2.3822132558385225,0.50696979296859,-0.21502372016536764,Telecom Services,Communication Services,18.88,8231793582,2344673,LBTYK
2009,2009-12-31,2009-12-31,-412100000.0,11080200000.0,1637000000.0,19.217345,6878100000.0,0.6207559430335192,39899900000.0,3120100000.0,5278200000.0,4535900000.0,33402800000.0,0.0,-2287000000.0,25551332611.436,10.257966301582881,1.1636499922837804,0.6479364609936366,8.28582417230217,0.001283386378675788,10.257966301582881,-0.13207910002884524,0.26789521952997236,-7.202942517437515,0.9513581652626518,0.0,0.0,0.0,0.2776999441101356,16.81150378094755,-0.010328346687585683,2.6550381139856887,0.6207559430335192,155.39338796497148,-14.239078534657537,3.9209475875285786,-0.29896230687576175,0.06658706405942283,0.4776270756749905,0.20067478362916238,-1.9465266179346963,1.7703086559014332,-0.3016676038658982,Telecom Services,Communication Services,18.88,8231793582,2344673,LBTYK
2008,2008-12-31,2008-12-31,-788900000.0,10561100000.0,1363400000.0,-0.12447,6448700000.0,0.6106087434074102,33986100000.0,3393000000.0,3233700000.0,4242100000.0,27491400000.0,4100000.0,-733900000.0,23954872916.736,9.311924268943962,0.7622875462624643,0.6726161577821521,6.737282640730917,0.18714864215787283,9.311924268943962,-0.23250810492189802,0.2338083075376618,-3.1300201758600585,0.7277550594565281,0.0,1003.0243902439024,0.0,0.3107476291778109,0.5724994696023196,-0.02321243096442369,3.236268567150721,0.6106087434074102,0.8738738373583526,0.6171426103096412,1.0201244504836076,-0.6271804377170807,0.22533632286995517,-0.8667770941788926,1.0446910617876424,-11.817026120062259,1.6679100157819597,-0.43512013964687896,Telecom Services,Communication Services,18.88,8231793582,2344673,LBTYK
TTM,,,,,,,,,,,,,,,,23470523537.0,48.9054737369613,1.527638326585695,0.38095868583612214,0.7509629922960617,0.025400760414671167,48.9054737369613,-0.011343421881986608,1.141138783075387,-32.58194749483283,0.3858974989488084,-1.1322188449848025,4.467017913593256,0.0,0.16460833953494744,1.205047233468286,-0.006008336795584147,6.9684191839498855,0.7060520330615189,,,,,,,,,,,Telecom Services,Communication Services,18.88,8231793582,2344673,LBTYK
