Quarters,Year,Quarter,FillingDate,Date,NetIncome,Revenue,OperatingIncome,EPSDiluted,GrossProfit,GrossProfitRatio,TotalAssets,CommonStockEquity,CurrentAssets,CurrentLiability,TotalLiability,Inventory,RetainedEarnings,MarketCap,EnterpriseValue,bookValuePerShare,currentRatio,debtToAssets,debtToEquity,roic,shareholdersEquityPerShare,roe,priceToSalesRatio,peRatio,pbRatio,payoutRatio,inventoryTurnover,dividendYield,assetTurnover,quickRatio,returnOnAssets,priceToFreeCashFlowsRatio,grossProfitMargin,epsdilutedGrowth,fiveYNetIncomeGrowthPerShare,fiveYRevenueGrowthPerShare,fiveYShareholdersEquityGrowthPerShare,grossProfitGrowth,netIncomeGrowth,operatingIncomeGrowth,threeYNetIncomeGrowthPerShare,threeYRevenueGrowthPerShare,threeYShareholdersEquityGrowthPerShare,Industry,Sector,Symbol
2023Q1,2023,Q1,2023-05-03,2023-03-31,1757000000.0,41474000000.0,2113000000.0,0.44,4619000000.0,0.1113709794,256800000000.0,42366000000.0,115123000000.0,95905000000.0,214603000000.0,16212000000.0,30270000000.0,50274000000.0,168821000000.0,10.618045112781955,1.2003857984463793,0.5478621495327103,3.320846905537459,0.008823610267427746,10.618045112781955,0.041471935042250864,1.212181125524425,7.153386454183267,1.1866591134400226,1.817302219692658,2.273316062176166,0.0635119544893981,0.16150311526479752,0.9883009227881758,0.00684190031152648,49.28823529411765,0.11137097940878622,0.375,0.008038240763198215,-0.015522576311366314,0.1592338263240518,-0.2529516415979298,0.3630721489526765,-0.4350267379679144,1.8756199329231256,0.2002724030355611,0.41920110563085616,Auto Manufacturers,Consumer Cyclical,F
2022Q4,2022,Q4,2023-02-03,2022-12-31,1289000000.0,43999000000.0,3740000000.0,0.32,6183000000.0,0.140525921,255884000000.0,43242000000.0,116476000000.0,96866000000.0,212717000000.0,14080000000.0,31754000000.0,46682820000.0,162022820000.0,10.772795216741406,1.2024446142093201,0.5489753169404886,3.248554645946071,0.02180261356321612,10.772795216741406,0.029808982008232735,1.060997295393077,9.054076803723817,1.0795712501734425,0.46470131885182314,2.6857954545454548,0.01283127283227534,0.17194900814431538,1.0170648111824583,0.005037438839474137,-52.63001127395716,0.14052592104366007,2.391304347826087,-0.47052191551239403,0.05354067230356998,0.22641280025499763,0.22727272727272727,2.3860215053763443,6.420634920634921,1.7624823285963245,0.0957245134914617,0.28877495888092164,Auto Manufacturers,Consumer Cyclical,F
2022Q3,2022,Q3,2022-10-27,2022-09-30,-930000000.0,39392000000.0,504000000.0,-0.23,5038000000.0,0.1278939886,246919000000.0,42125000000.0,108088000000.0,90167000000.0,204830000000.0,15213000000.0,31072000000.0,45035200000.0,153252200000.0,10.476249689132057,1.198753424201759,0.5255367144691174,3.0804747774480714,0.002403794006669513,10.476249689132057,-0.022077151335311573,1.1432575142160846,-12.106236559139784,1.0690848664688426,-0.6483870967741936,2.258200223493065,0.01338952641489324,0.15953409822654394,0.9852717734869741,-0.0037664173271396693,21.65153846153846,0.12789398862713242,-2.4375,-1.5873829912142836,0.06751442119894127,0.25193043399821086,-0.28018288326903845,-2.394302848575712,-0.8990990990990991,-3.16048100414003,0.051429441229705226,0.1765739134304865,Auto Manufacturers,Consumer Cyclical,F
2022Q2,2022,Q2,2022-07-28,2022-06-30,667000000.0,40190000000.0,4995000000.0,0.16,6999000000.0,0.174147798,245755000000.0,44169000000.0,100469000000.0,86452000000.0,201518000000.0,13976000000.0,32511000000.0,44753730000.0,155471730000.0,10.984580950012434,1.1621362143154583,0.5299342841447784,2.948538567773778,0.022915857546766918,10.984580950012434,0.015101088999071748,1.113553869121672,16.774261619190405,1.0132384704204307,0.6026986506746627,2.3748568975386375,0.00898249151523236,0.16353685581168237,0.9537431175681302,0.0027140851661207298,35.86036057692308,0.17414779795969146,1.205128205128205,-0.676933732575867,-0.0025790065733551,0.3548467447649005,0.28658088235294116,1.2138505931388266,0.5270559461938246,3.465286973120846,0.024893419654143406,0.21236032093663001,Auto Manufacturers,Consumer Cyclical,F
2022Q1,2022,Q1,2022-04-28,2022-03-31,-3119000000.0,34476000000.0,3271000000.0,-0.78,5440000000.0,0.157790927,252986000000.0,44985000000.0,106142000000.0,90352000000.0,207902000000.0,14647000000.0,32251000000.0,67775280000.0,183746280000.0,11.223802395209582,1.1747609350097397,0.5414686978726095,3.0451039235300654,0.014460230104864469,11.223802395209582,-0.06933422251861732,1.9658684302123217,-5.432452709201668,1.5066195398466156,-0.12984931067649888,1.9823854714275961,0.005975630052727189,0.13627631568545295,0.963276961218346,-0.012328745464175884,-27.61828850855746,0.15779092702169625,-1.2565789473684212,-2.9496520506560917,-0.1263285517046425,0.457455773322228,0.0293282876064333,-1.254135093294223,-0.4885866166353971,-3.6978736680217223,-0.1528695373122674,0.22512684532577804,Auto Manufacturers,Consumer Cyclical,F
2021Q4,2021,Q4,2022-02-04,2021-12-31,12273000000.0,37678000000.0,6396000000.0,3.04,5285000000.0,0.1402675301,257035000000.0,48519000000.0,108996000000.0,90727000000.0,208413000000.0,12065000000.0,35769000000.0,82976150000.0,201921150000.0,12.144931163954944,1.2013623287444752,0.5426692862839692,2.8748531503122488,0.03694627496103314,12.144931163954944,0.25295245161689234,2.2022440150751104,1.690217347021918,1.7101784867783754,0.03259186832885195,2.68487360132615,0.004820662322848192,0.1465870406753944,1.0306303525962504,0.047748361118135664,47.17234223990904,0.1402675301236796,5.7555555555555555,16.591936280503884,-0.03037349488640682,0.6545751266903306,-0.060611446853892643,5.699235807860262,3.7660208643815203,106.29853696430882,-0.10274913246515915,0.34387861259837615,Auto Manufacturers,Consumer Cyclical,F
2021Q3,2021,Q3,2021-10-28,2021-09-30,1832000000.0,35683000000.0,1342000000.0,0.45,5626000000.0,0.1576661155,252677000000.0,36593000000.0,106968000000.0,89033000000.0,215973000000.0,13508000000.0,23894000000.0,56569200000.0,175013200000.0,9.159699624530663,1.2014421618950277,0.5773101627769841,3.986363512147132,0.007058655855567537,9.159699624530663,0.050064219932774025,1.58532634587899,7.719596069868996,1.5459022217363976,0.0,2.2251258513473497,0.0,0.14121981818685517,1.0094796311480012,0.007250363111798858,10.410231873389769,0.15766611551719306,2.214285714285714,0.9042528343292228,-0.012452221928218559,0.15616333083105247,0.46205821205821207,2.265597147950089,62.0,0.8398457203694324,-0.05715250844206235,-0.0046743452546073256,Auto Manufacturers,Consumer Cyclical,F
2021Q2,2021,Q2,2021-07-29,2021-06-30,561000000.0,26752000000.0,-22000000.0,0.14,3848000000.0,0.1438397129,248532000000.0,34664000000.0,101275000000.0,83474000000.0,213748000000.0,13593000000.0,22062000000.0,59321120000.0,184592120000.0,8.683366733466935,1.2132520305723937,0.5964060965992307,4.276078929148396,-8.986140506941379e-05,8.683366733466935,0.016183937225940456,2.217446172248804,26.435436720142604,1.7113177936764363,0.0,1.6849849187081587,0.0,0.10764006244668695,1.0077988355655654,0.0022572545990053594,-78.36343461030383,0.1438397129186603,-0.8271604938271605,-0.7165838021220106,-0.32570157409919254,0.10783263325083116,-0.44481315827441925,-0.8280196198651134,-1.0089285714285714,-0.47571103745953447,-0.3152240761069931,-0.052338039598309676,Auto Manufacturers,Consumer Cyclical,F
2021Q1,2021,Q1,2021-04-29,2021-03-31,3262000000.0,36228000000.0,2464000000.0,0.81,6931000000.0,0.1913161091,260819000000.0,33828000000.0,113932000000.0,94249000000.0,226845000000.0,12742000000.0,21502000000.0,48755000000.0,180895000000.0,8.499497487437186,1.208840412099863,0.5903174231938624,4.551436679673643,0.010783110904356184,8.499497487437186,0.09642899373300225,1.3457822678591145,3.736587982832618,1.4412616767175122,0.0009196811771919068,2.299246586093235,6.153215054866168e-05,0.1389009236290301,1.0315122706872222,0.01250675755984035,15.606594110115237,0.19131610908689411,2.1551506456241034,0.3270000081975949,-0.041916992566629785,0.13977385661630223,1.4091067083767814,2.1700143472022955,2.009009009009009,0.8761995461176851,-0.13788734420212317,-0.07206035672869852,Auto Manufacturers,Consumer Cyclical,F
2020Q4,2020,Q4,2021-02-05,2020-12-31,-2788000000.0,35952000000.0,-2442000000.0,-0.7012072434607646,2877000000.0,0.0800233645,267261000000.0,30690000000.0,116744000000.0,97192000000.0,236450000000.0,10808000000.0,18243000000.0,34949040000.0,172704040000.0,7.718812877263582,1.2011688204790518,0.6098832227672575,5.311111111111111,-0.009173634964535392,7.718812877263582,-0.09084392310198762,0.9721028037383178,-3.133880918220947,1.1387761485826,0.0,3.060233160621762,0.0,0.13452018813070368,1.053121656103383,-0.010431750236660044,11.618696808510638,0.08002336448598131,-2.1686787391012747,-2.0482454046311767,-0.10837732664152172,0.06961693701065415,-0.5417330359987257,-2.168972746331237,-2.0387069332199066,-2.1561623790062914,-0.13091441257524347,-0.12126326315589141,Auto Manufacturers,Consumer Cyclical,F
2020Q3,2020,Q3,2020-10-29,2020-09-30,2385000000.0,37501000000.0,2351000000.0,0.6,6278000000.0,0.1674088691,259943000000.0,33125000000.0,111765000000.0,93159000000.0,226782000000.0,10583000000.0,21031000000.0,26480160000.0,160778160000.0,8.331237424547284,1.199723054133256,0.6099837272017327,4.786747169811321,0.010565182877550806,8.331237424547284,0.072,0.7061187701661289,2.775698113207547,0.7994010566037736,0.0,2.9502976471699895,0.0,0.1442662429840388,1.03899784239848,0.009175088384761275,2.6932628152969893,0.1674088690968241,1.1428571428571426,0.2471456554939907,-0.018588058077913812,0.20395708494550052,3.36275191104934,1.135183527305282,1.85212033345415,0.5234019204742523,0.027770778190307332,-0.004402339181003258,Auto Manufacturers,Consumer Cyclical,F
2020Q2,2020,Q2,2020-07-31,2020-06-30,1117000000.0,19371000000.0,-2759000000.0,0.28,1439000000.0,0.0742863043,269366000000.0,30824000000.0,124111000000.0,92780000000.0,238511000000.0,10220000000.0,18645000000.0,24168000000.0,169662000000.0,7.754465408805031,1.3376913127829273,0.6551791985625506,5.725506099143525,-0.013643732740549497,7.754465408805031,0.036237996366467684,1.2476382220845594,5.409131602506714,0.7840643654295355,0.0,1.7545988258317025,0.0,0.071913307544382,1.1743586979952576,0.0041467742773772485,3.0438287153652395,0.0742863042692685,1.56,-0.4075761306574579,-0.48028535564895924,0.17020754669215438,-0.6211163770405477,1.5604616156547917,-0.7708600770218228,-0.4527120408527833,-0.513694165681521,-0.043558214526187494,Auto Manufacturers,Consumer Cyclical,F
2020Q1,2020,Q1,2020-04-29,2020-03-31,-1993000000.0,34320000000.0,-1558000000.0,-0.5,3798000000.0,0.1106643357,264150000000.0,29650000000.0,124276000000.0,94494000000.0,234452000000.0,11312000000.0,17527000000.0,19141290000.0,161863290000.0,7.481705778450669,1.315173450166148,0.63862578080636,5.689477234401349,-0.013567202985340962,7.481705778450669,-0.06721753794266441,0.5577298951048951,-2.4010649774209734,0.6455747048903878,-0.2990466633216257,2.698196605374823,0.0311368773995901,0.12992617830777967,1.1417021186530363,-0.007544955517698277,-8.495912117177097,0.11066433566433566,-0.1872009569377991,-3.156926406926407,0.012389380530973286,0.18851966168276751,-0.2253722210891291,-0.19198564593301434,-2.4091903719912473,-2.2599481562359833,-0.12040613657221344,-0.028470486458739296,Auto Manufacturers,Consumer Cyclical,F
2019Q4,2019,Q4,2020-02-05,2019-12-31,-1672000000.0,39715000000.0,-457000000.0,-0.4211586901763224,4903000000.0,0.1234546141,258537000000.0,33185000000.0,114047000000.0,98132000000.0,225307000000.0,10786000000.0,20320000000.0,36921000000.0,176138000000.0,8.358942065491183,1.1621795133086048,0.6061840278180686,4.722645773692934,-0.001639512820275147,8.358942065491183,-0.05038420973331324,0.9296487473246884,-5.520484449760766,1.1125809853849633,-0.35586124401913877,3.227517151863527,0.01611548982963625,0.15361437627883048,0.9939571189825949,-0.0064671594394612765,58.97923322683706,0.12345461412564522,-4.828715365239295,-32.27103274559194,0.0767936482076685,0.30110362083698683,0.04141886151231946,-4.934117647058824,-0.7509578544061303,-1.13752826917076,0.02848385971309899,0.1387876506089119,Auto Manufacturers,Consumer Cyclical,F
2019Q3,2019,Q3,2019-10-24,2019-09-30,425000000.0,36990000000.0,-261000000.0,0.11,4708000000.0,0.1272776426,258157000000.0,35349000000.0,115754000000.0,99087000000.0,222770000000.0,12451000000.0,22590000000.0,36365200000.0,171220200000.0,8.904030226700252,1.168205718207232,0.6018740533861178,4.395541599479476,0.03026492604209671,8.904030226700252,0.012022970946844324,0.9831089483644229,21.39129411764706,1.0287476307674899,1.4070588235294117,2.592723476026022,0.016444292895405496,0.14328490027386434,1.0004844227799812,0.0016462850126086064,12.424051930304065,0.12727764260610977,1.7500000000000002,-0.5049925338240396,0.030194889506349114,0.31536810167162815,-0.0939183987682833,1.8716216216216217,-1.105625252934035,-0.5554564142247631,0.030166361222228984,0.12389201247957062,Auto Manufacturers,Consumer Cyclical,F
2019Q2,2019,Q2,2019-07-25,2019-06-30,148000000.0,38853000000.0,2471000000.0,0.04,5196000000.0,0.1337348467,262184000000.0,36097000000.0,118351000000.0,98334000000.0,226048000000.0,12437000000.0,22769000000.0,40437600000.0,175724600000.0,9.060491967871487,1.203561331787581,0.600357001190004,4.36058398204837,0.009279611480580601,9.060491967871487,0.004100063717206416,1.0407844954057601,68.30675675675677,1.1202482200736903,4.047297297297297,2.706199244190721,0.01481294636674778,0.14818982088914656,1.0448573230012,0.0005644890611173832,8.901078582434515,0.13373484672998223,-0.8620689655172413,-0.8883558643421895,0.027074940589923695,0.3332214801842566,-0.188125,-0.8708551483420593,-0.30531346640427326,-0.9250805251462704,-0.01872292894510816,0.15594664873810793,Auto Manufacturers,Consumer Cyclical,F
2019Q1,2019,Q1,2019-04-26,2019-03-31,1146000000.0,40342000000.0,3557000000.0,0.29,6400000000.0,0.1586435972,263281000000.0,36398000000.0,121195000000.0,99237000000.0,226712000000.0,12333000000.0,23226000000.0,35677540000.0,173349540000.0,9.161339038509942,1.2212682769531527,0.6020943402676228,4.355184350788505,0.013315917928297795,9.161339038509942,0.0314852464421122,0.8843770760001983,7.783058464223386,0.9802060552777626,0.5209424083769634,2.752128435903673,0.016733216471763467,0.15322791997903382,1.059987706198293,0.00435276377710507,18.669565672422817,0.1586435972435675,10.94,0.15087151722051037,0.11684248317126217,0.35026496268480306,-0.5111145061492629,10.879310344827585,-0.6476473501733532,-0.532979339743924,0.06876127792286672,0.22852612676522446,Auto Manufacturers,Consumer Cyclical,F
2018Q4,2018,Q4,2019-02-21,2018-12-31,-116000000.0,41793000000.0,10095000000.0,-0.029175050301810865,13091000000.0,0.3132342737,256540000000.0,35932000000.0,114649000000.0,95569000000.0,220474000000.0,11220000000.0,22668000000.0,30416400000.0,167911400000.0,9.037223340040242,1.1996463288304784,0.6011265299758323,4.291801180006679,0.3497764090253104,9.037223340040242,-0.0032283201603027943,0.727786949967698,-65.55258620689655,0.846498942446844,-5.146551724137931,2.5581105169340463,0.019627569337594193,0.16291026740469322,1.0411221211899255,-0.0004521712013721057,-40.07430830039526,0.3132342736821956,-1.1167002012072436,-1.0378440435306806,0.11879293636318398,0.3502912635575421,2.49466097170315,-1.117053481331988,10.684027777777779,-1.0436142277393172,0.0364815973428707,0.25231266799175067,Auto Manufacturers,Consumer Cyclical,F
2018Q3,2018,Q3,2018-10-25,2018-09-30,991000000.0,37666000000.0,864000000.0,0.25,3746000000.0,0.0994530877,258966000000.0,36590000000.0,114843000000.0,94750000000.0,222248000000.0,12810000000.0,23384000000.0,37056320000.0,171925320000.0,9.20271629778672,1.2120633245382586,0.5924754600990091,4.193249521727248,0.00412709123547559,9.20271629778672,0.027083902705657283,0.983813518823342,9.348213925327952,1.0127444657010112,0.6024217961654894,2.6479313036690084,0.016110612170879352,0.14544766494443287,1.0385646437994722,0.003826757180479291,11.587342088805503,0.0994530876652684,-0.07407407407407414,-0.2275741714437568,0.0380227495728204,0.772468248686923,0.11355529131985731,-0.07035647279549719,0.47440273037542663,-0.4817939854949498,-0.014269960682720649,0.3298955392650826,Auto Manufacturers,Consumer Cyclical,F
2018Q2,2018,Q2,2018-07-26,2018-06-30,1066000000.0,38920000000.0,586000000.0,0.27,3364000000.0,0.0864337102,258079000000.0,36441000000.0,115025000000.0,94861000000.0,221511000000.0,12565000000.0,22993000000.0,44025390000.0,180040390000.0,9.16293688710083,1.2125636457553683,0.5922333859012163,4.194259213523229,0.0024532932648426487,9.16293688710083,0.02925276474300925,1.131176515930113,10.324903846153846,1.2081279328229193,0.5609756097560976,2.829765220851572,0.013583071041505822,0.15080653598316796,1.0421142513783326,0.004130518174667447,14.373290891283055,0.08643371017471736,-0.3720930232558139,-0.14500714876965912,0.010353171634654986,0.8790255371483168,-0.45794392523364486,-0.3859447004608295,-0.8305868748193119,-0.4349093494489869,0.04367982145356633,0.3827565576569719,Auto Manufacturers,Consumer Cyclical,F
2018Q1,2018,Q1,2018-04-26,2018-03-31,1736000000.0,41959000000.0,3459000000.0,0.43,6206000000.0,0.1479062895,267230000000.0,36400000000.0,123264000000.0,99878000000.0,230696000000.0,12371000000.0,22529000000.0,44031920000.0,184425920000.0,9.159536990437847,1.2341456577023968,0.5925008419713356,4.349835164835165,0.016152108893770153,9.159536990437847,0.047692307692307694,1.0494034652875426,6.341002304147465,1.2096681318681317,0.6411290322580645,2.8900654757093203,0.025277117145925048,0.15701455674886802,1.0726786679749294,0.006496276615649441,25.378628242074928,0.14790628947305703,-0.2910087173100872,0.06376237599018077,0.15667474580303956,1.0422201542192482,-0.020981227322921597,-0.27936903279369035,0.0639803137496155,0.8735874090680333,0.23430259073357343,0.4550545193051343,Auto Manufacturers,Consumer Cyclical,F
2017Q4,2017,Q4,2018-02-08,2017-12-31,2409000000.0,41326000000.0,3251000000.0,0.6064954682779456,6339000000.0,0.1533901176,257808000000.0,34890000000.0,115902000000.0,94600000000.0,222792000000.0,10277000000.0,21218000000.0,49610280000.0,185405280000.0,8.783987915407854,1.2251797040169132,0.5984569912493019,4.422098022355976,0.021951995217488737,8.783987915407854,0.06904557179707653,1.2004616948168223,5.148430884184308,1.4219054170249357,0.24740556247405562,3.4043981706723754,0.012013639108668605,0.1602975858002855,1.075433403805497,0.00934416309811953,47.97899419729207,0.15339011760150995,0.5551165853280657,0.44754300125912677,0.08944969829438632,1.1008421589869914,0.028557520687976633,0.5402813299232737,0.002157829839704069,44.03228851963746,0.11990854015465395,0.36726375091270813,Auto Manufacturers,Consumer Cyclical,F
2017Q3,2017,Q3,2017-10-26,2017-09-30,1564000000.0,36451000000.0,3244000000.0,0.39,6163000000.0,0.1690762942,251273000000.0,33238000000.0,112732000000.0,94352000000.0,217913000000.0,11263000000.0,19405000000.0,47544840000.0,179067840000.0,8.368076535750252,1.1948024419196202,0.5934262734157669,4.4861905048438535,0.015906678429452703,8.368076535750252,0.047054576087610565,1.3043494005651421,7.599878516624042,1.4304362476683314,0.38107416879795397,2.689159193820474,0.012535534876129564,0.14506532735311792,1.0375932677632695,0.0062243058346897594,14.294900781719784,0.16907629420317688,-0.23529411764705882,-0.07922347913012184,0.08793471808565714,0.6939570037339559,-0.052429274292742925,-0.23408423114593535,-0.1344717182497332,0.8207102411491215,0.014672228797458447,0.236193124599469,Auto Manufacturers,Consumer Cyclical,F
2017Q2,2017,Q2,2017-07-26,2017-06-30,2042000000.0,39853000000.0,3748000000.0,0.51,6504000000.0,0.1631997591,247469000000.0,32244000000.0,113539000000.0,94299000000.0,215110000000.0,11092000000.0,18437000000.0,44502630000.0,174288630000.0,8.107618808146844,1.204031856117244,0.5900092536842999,4.5282533184468425,0.01908096630350373,8.107618808146844,0.06332961171070586,1.116669510450907,5.448412095984329,1.3801832899144026,0.292360430950049,3.0065813198701767,0.013414937499199486,0.1610423931886418,1.0515063786466452,0.008251538576548981,10.969344343110674,0.16319975911474668,0.27499999999999997,0.8834814607067559,0.15111315707424233,0.8156002437825906,0.010251630941286114,0.2867044738500315,0.020141535111594992,0.5430985987889555,0.05536413915444564,0.1930093406072066,Auto Manufacturers,Consumer Cyclical,F
2017Q1,2017,Q1,2017-04-27,2017-03-31,1587000000.0,39146000000.0,3674000000.0,0.4,6438000000.0,0.1644612476,244094000000.0,30619000000.0,113228000000.0,91304000000.0,213356000000.0,10535000000.0,16992000000.0,46280640000.0,174434640000.0,7.700955734406438,1.240120914746342,0.598036002523618,4.767529965054378,0.01478486397040331,7.700955734406438,0.05183056272249257,1.1822571910284576,7.290586011342156,1.5115007021783862,0.500945179584121,3.1046986236355005,0.017177809122777905,0.16037264332593182,1.08734557084027,0.0065015936483485874,17.59720152091255,0.16446124763705103,3.030140485312899,0.08735525617890719,0.15403654784307622,0.76362366963433,0.2513119533527697,3.0268199233716473,4.196605374823196,0.5925436338964016,0.08291428243897546,0.13502302050453097,Auto Manufacturers,Consumer Cyclical,F
2016Q4,2016,Q4,2017-02-09,2016-12-31,-783000000.0,38654000000.0,707000000.0,-0.19703069954705588,5145000000.0,0.1331039478,237951000000.0,29170000000.0,108461000000.0,90281000000.0,208668000000.0,8898000000.0,15634000000.0,48204620000.0,175269620000.0,7.340211373930549,1.2013712741329847,0.6008379876529202,4.901268426465546,0.0028716762469472965,7.340211373930549,-0.026842646554679467,1.247079733015988,-15.391002554278415,1.6525409667466575,-0.7611749680715197,3.7659024499887614,0.012363960134941421,0.16244520930779865,1.0655065849957355,-0.003290593441506865,73.03730303030304,0.1331039478449837,-1.8209612481127329,-1.054992042473655,0.06899439135500597,0.8560555776507908,-0.06403492814262325,-1.8181818181818181,-0.7613099257258609,-1.255575853114345,0.03528309864643987,0.09673324625835661,Auto Manufacturers,Consumer Cyclical,F
2016Q3,2016,Q3,2016-10-27,2016-09-30,957000000.0,35943000000.0,2962000000.0,0.24,5497000000.0,0.1529365941,234963000000.0,31484000000.0,103515000000.0,89188000000.0,203368000000.0,10219000000.0,17013000000.0,47966180000.0,171850180000.0,7.922496225465526,1.1606382024487598,0.5840238675876628,4.3585313174946005,0.012164557169968242,7.922496225465526,0.030396391818066318,1.3345068580808503,12.530350052246604,1.5235097192224623,2.90491118077325,2.979352187102456,0.05795750255700995,0.1529730212842022,1.0062340225142397,0.004072981703502254,3.970052971362357,0.15293659405169296,-0.5102040816326531,-0.44505873990519945,0.040011199982383235,4.032678979734035,-0.229788426509738,-0.5142131979695431,-0.338248436103664,-0.2536997559609157,-0.008962232160813096,0.5258943724427178,Auto Manufacturers,Consumer Cyclical,F
2016Q2,2016,Q2,2016-07-28,2016-06-30,1970000000.0,39485000000.0,4476000000.0,0.49,7137000000.0,0.1807521844,239678000000.0,31141000000.0,110767000000.0,89408000000.0,208429000000.0,9829000000.0,16652000000.0,49940610000.0,172791610000.0,7.838157563553989,1.2388936113099498,0.5837582089303148,4.4929193025272145,0.017948301906455206,7.838157563553989,0.06326065315821586,1.2647995441306825,6.337640862944163,1.6036932018881862,1.1086294416243654,3.2910774239495373,0.043731944804038234,0.1647418619981809,1.0948125447387258,0.0082193609759761,5.788202364394993,0.18075218437381285,-0.19672131147540983,-0.2144609559060774,0.06273341196856759,4.608807795053985,0.052810148989526476,-0.1965742251223491,0.5900532859680284,0.5816432451897021,0.026052412387104346,0.6073556336335493,Auto Manufacturers,Consumer Cyclical,F
2016Q1,2016,Q1,2016-04-28,2016-03-31,2452000000.0,37718000000.0,2815000000.0,0.61,6779000000.0,0.1797285116,237288000000.0,29605000000.0,154775000000.0,95714000000.0,207572000000.0,9770000000.0,15278000000.0,53595000000.0,178673000000.0,7.4571788413098234,1.6170570658419876,0.5941935538248879,4.762540111467658,0.01109529965452944,7.4571788413098234,0.08282384732308731,1.4209396044328968,5.464416802610114,1.8103360918763722,0.6476345840130505,3.166734902763562,0.02962962962962963,0.1589545194025825,1.5149821342750276,0.010333434476248272,20.76520728399845,0.17972851158598016,-0.08810169491525426,-0.08698895183101013,0.08193965157233335,10.591517481689754,0.05938427879356149,-0.07645951035781544,0.202991452991453,0.5040169364585726,0.04081163037216436,0.6626605623448957,Auto Manufacturers,Consumer Cyclical,F
2015Q4,2015,Q4,2016-02-11,2015-12-31,2655000000.0,40251000000.0,2340000000.0,0.6689342403628118,6399000000.0,0.1589774167,224925000000.0,28642000000.0,145470000000.0,81262000000.0,196174000000.0,8319000000.0,14414000000.0,55923210000.0,174505210000.0,7.216427311665407,1.7901356107405675,0.5906591085917529,4.638433070316319,0.01231145043840095,7.216427311665407,0.0926960407792752,1.3893620034284861,5.265838983050847,1.9524897004399135,0.224105461393597,4.069239091236928,0.01063958953715282,0.17895298432810938,1.6877630380743767,0.011803934644881628,220.17011811023622,0.15897741671014384,0.393613000755858,11.132354696264471,0.07768213709287558,37.950681301632976,0.05611487044066678,0.39078051335777897,0.059782608695652176,0.5965677050962228,0.0619122407974343,0.7259330135255445,Auto Manufacturers,Consumer Cyclical,F
2015Q3,2015,Q3,2015-10-27,2015-09-30,1909000000.0,38144000000.0,2208000000.0,0.48,6059000000.0,0.1588454279,219431000000.0,27465000000.0,139924000000.0,85927000000.0,191853000000.0,9496000000.0,27489000000.0,53859330000.0,165598330000.0,6.9198790627362055,1.628405507000128,0.5761492223067843,4.603131257964682,0.009580329417238857,6.9198790627362055,0.06950664482068086,1.412000052432886,7.053343373493976,1.961016930638995,0.9350445259298061,3.3787910699241785,0.03314189017947308,0.17383140941799471,1.517893095301826,0.008699773505110945,6.176528669724771,0.15884542785234898,0.02127659574468087,-0.01751705534131374,0.10787536603741384,14.449466018155084,0.0008259002312520648,0.01273209549071618,-0.009865470852017937,0.12473848907821632,0.13932535774658186,0.40079713100556713,Auto Manufacturers,Consumer Cyclical,F
2015Q2,2015,Q2,2015-07-28,2015-06-30,1885000000.0,37263000000.0,2230000000.0,0.47,6054000000.0,0.1624667901,216045000000.0,26334000000.0,136227000000.0,86159000000.0,189597000000.0,9438000000.0,26175000000.0,59649740000.0,170278740000.0,6.626572722697534,1.5811116656414304,0.571760512856118,4.69074200653148,0.009785469692680161,6.626572722697534,0.07158046631730842,1.6007766417089337,7.911106100795756,2.265122655122655,0.6312997347480106,3.306738715829625,0.01994979357831233,0.17247795598139276,1.471570004294386,0.008725034136406767,14.584288508557457,0.16246679011351742,1.043478260869565,-0.37728943403380144,-0.08765233922971731,7.326207646850583,0.33025708635464734,1.04004329004329,1.566168009205984,0.7399817564167085,0.07711616428467621,0.4839384208200924,Auto Manufacturers,Consumer Cyclical,F
2015Q1,2015,Q1,2015-04-28,2015-03-31,924000000.0,33900000000.0,869000000.0,0.23,4551000000.0,0.1342477876,212374000000.0,24947000000.0,134791000000.0,84408000000.0,187311000000.0,9519000000.0,24887000000.0,63962820000.0,174370820000.0,6.294978551602322,1.5968983982560894,0.5781121982916929,4.921473523870605,0.0038729069794305555,6.294978551602322,0.03703852166593177,1.8868088495575221,17.305957792207792,2.563948370545557,0.6417748917748918,3.0832020170185945,0.00927101087788187,0.15962405944230462,1.4841247275139797,0.004350815071524763,104.34391517128874,0.13424778761061948,16.0775,-0.6237063339487381,-0.0881127525217461,4.8689685527199655,0.09557053442465094,16.76923076923077,2.092526690391459,-0.36483171340631504,0.002661115549997942,0.44163576007127714,Auto Manufacturers,Consumer Cyclical,F
2014Q4,2014,Q4,2015-02-13,2014-12-31,52000000.0,35870000000.0,281000000.0,0.013468013468013467,4154000000.0,0.1158070811,208527000000.0,24805000000.0,131835000000.0,77141000000.0,183353000000.0,7866000000.0,24556000000.0,59845500000.0,168259500000.0,6.4245014245014245,1.7090133651365682,0.5714895433205293,4.80431364644225,-0.0017077499027615714,6.4245014245014245,0.002096351542027817,1.6683997769724004,287.71875,2.412638580931264,9.26923076923077,4.032036613272311,0.008054072570201602,0.1720160938391671,1.6070442436577177,0.0002493681873330552,4274.678571428572,0.11580708112628937,-0.9358666025332693,-0.9504602077965509,-0.14589365716336863,3.6774232918734198,0.02567901234567901,-0.9377245508982036,-0.42886178861788615,-0.9962410245186595,0.021034512473660956,0.6245079460410841,Auto Manufacturers,Consumer Cyclical,F
2014Q3,2014,Q3,2014-10-31,2014-09-30,835000000.0,34920000000.0,492000000.0,0.21,4050000000.0,0.1159793814,208835000000.0,26136000000.0,134284000000.0,86844000000.0,182331000000.0,9296000000.0,25051000000.0,57104190000.0,162977190000.0,6.769230769230769,1.5462668693289117,0.5707520291138938,4.560491276400367,0.002762053439098422,6.769230769230769,0.031948270584634224,1.6352860824742268,17.097062874251495,2.1848863636363633,0.578443113772455,3.3207831325301207,0.008458223468365457,0.16721335025259176,1.4392243563170743,0.003998371920415639,16.371614105504587,0.11597938144329897,-0.34375000000000006,-0.2930708728100904,-0.04585853957859647,3.54304588782975,-0.26108374384236455,-0.36308161708619374,-0.7411888479747502,-0.5016326126089619,0.039982399863780986,3.300079726358563,Auto Manufacturers,Consumer Cyclical,F
2014Q2,2014,Q2,2014-07-31,2014-06-30,1311000000.0,37411000000.0,1901000000.0,0.32,5481000000.0,0.1465077116,210945000000.0,26776000000.0,137913000000.0,87505000000.0,183801000000.0,9365000000.0,24699000000.0,67925599999.99999,175059600000.0,6.795939086294417,1.5760585109422318,0.562739102609685,4.433335823125187,0.008112779379932291,6.795939086294417,0.04896175679713176,1.8156584961642295,12.953012967200609,2.536809082760681,0.37681159420289856,3.409503470368393,0.007272663031316617,0.17734954609021308,1.4690360550825667,0.006214890137239565,23.934319943622267,0.14650771163561518,0.3333333333333334,-0.5583564390223094,0.04803516762620306,2.898409494365591,0.3121857792674168,0.32558139534883723,1.4817232375979112,-0.47285925665635065,0.015345510435403444,3.8630198886480485,Auto Manufacturers,Consumer Cyclical,F
2014Q1,2014,Q1,2014-05-01,2014-03-31,989000000.0,35876000000.0,766000000.0,0.24,4177000000.0,0.1164288103,207082000000.0,26773000000.0,135264000000.0,83617000000.0,179944000000.0,8874000000.0,23882000000.0,61557600000.0,165578600000.0,6.784845413076533,1.6176614803209874,0.5650128934431771,4.3702237328652,0.004185139259239069,6.784845413076533,0.03694020094871699,1.7158434608094548,15.56056622851365,2.299241773428454,0.49848331648129424,3.572120802343926,0.008008759275865206,0.17324538105677945,1.5115347357594748,0.00477588588095537,87.43977272727273,0.11642881034674991,-0.6886870681145113,1.4210011397737714,-0.1204739240052272,1.9252588300133386,0.13690800217746327,-0.6745640013162224,0.45904761904761904,-0.629502497753383,0.035361048736673076,9.54643530614658,Auto Manufacturers,Consumer Cyclical,F
2013Q4,2013,Q4,2014-02-18,2013-12-31,3039000000.0,37036000000.0,525000000.0,0.7709284627092846,3674000000.0,0.0992007776,202026000000.0,26383000000.0,131585000000.0,74131000000.0,175279000000.0,7708000000.0,23658000000.0,60825060000.0,161045060000.0,6.692795535261289,1.7750333868422117,0.56768930731688,4.347041655611568,0.011645160390779135,6.692795535261289,0.11518781033241102,1.642322605032941,5.003706811451135,2.305464124625706,0.12997696610727213,4.328230409963674,0.006494033873538307,0.18332293863166127,1.671055294006556,0.015042618276855454,-37.476931608133086,0.09920077762177341,1.4868660087396277,1.2940003290686848,-0.26652058437366477,1.8811091805707632,-0.29128086419753085,1.3891509433962264,-0.6915393654524089,12.982207802611553,-0.001604616388728224,35.26949987297237,Auto Manufacturers,Consumer Cyclical,F
2013Q3,2013,Q3,2013-10-31,2013-09-30,1272000000.0,35976000000.0,1702000000.0,0.31,5184000000.0,0.144096064,201071000000.0,20467000000.0,131650000000.0,83287000000.0,180232000000.0,8799000000.0,21014000000.0,66501540000.00001,162371540000.0,5.192034500253678,1.5806788574447392,0.5501638724629608,5.404895685738017,0.00790437755134536,5.192034500253678,0.0621488249377046,1.8484973315543698,13.070271226415096,3.2492079933551574,0.30974842767295596,3.499488578247528,0.005924674827079192,0.17892187336811374,1.4738554636377825,0.006326123608078739,29.451523472099208,0.14409606404269512,0.03333333333333337,6.700659563673262,-0.3509467873968138,6.949043049813038,0.06535141800246609,0.031630170316301706,0.1835883171070932,-0.34087060239507244,0.052063674492804066,11.09123005520258,Auto Manufacturers,Consumer Cyclical,F
2013Q2,2013,Q2,2013-07-31,2013-06-30,1233000000.0,38095000000.0,1438000000.0,0.3,4866000000.0,0.1277332983,196210000000.0,19179000000.0,128519000000.0,81637000000.0,176661000000.0,8192000000.0,20136000000.0,61905420000.0,156400420000.0,4.8764302059496565,1.5742739199137645,0.5497018500586107,5.623703008498879,0.007679174492074303,4.8764302059496565,0.0642890661661192,1.6250274314214463,12.551788321167884,3.227770999530737,0.31873479318734793,4.0562744140625,0.006348394050149405,0.1941542225166913,1.4706934355745556,0.006284083380051985,13.805847457627118,0.1277332983331146,-0.25000000000000006,1.0809163562359025,-0.4780410390616345,7.48162470036208,-0.04569523435967837,-0.2346368715083799,-0.18940248027057496,-0.5884317414812774,-0.057558415780750494,5.655394477532241,Auto Manufacturers,Consumer Cyclical,F
2013Q1,2013,Q1,2013-05-01,2013-03-31,1611000000.0,35810000000.0,1774000000.0,0.4,5099000000.0,0.1423903937,193010000000.0,17595000000.0,126542000000.0,74675000000.0,175048000000.0,8423000000.0,19296000000.0,50606700000.0,144142700000.0,4.485087942900841,1.694569802477402,0.5562198849800528,6.101506109690253,0.010780252236644073,4.485087942900841,0.09156010230179028,1.4132002234012846,7.853305400372439,2.876197783461211,0.24332712600869025,3.646088092128695,0.0077460099156831,0.1855344282679654,1.5741278875125544,0.00834671778664318,-39.78514150943396,0.14239039374476403,-0.045306633291614516,7.213102217690543,-0.5804371934660046,0.261450694107957,1.687928307854507,0.008135168961201502,2.110832811521603,-0.3372400728410389,-0.02691331672683065,3.7565882973262705,Auto Manufacturers,Consumer Cyclical,F
2012Q4,2012,Q4,2013-02-19,2012-12-31,1598000000.0,36424000000.0,-1597000000.0,0.41898269533298377,1897000000.0,0.0520810455,190554000000.0,15947000000.0,125643000000.0,73428000000.0,174243000000.0,7362000000.0,18077000000.0,49391300000.0,138790300000.0,4.18117461982171,1.7111047556790324,0.5513292819883078,6.587947576346648,-0.01143427147270435,4.18117461982171,0.10020693547375682,1.3560097737755326,7.727049436795994,3.0972157772621807,0.1195244055068836,4.689894050529747,0.0038670778052005113,0.19114791607628284,1.610843275044942,0.008386074288653084,-21.99078361531612,0.05208104546452888,0.021909013007277545,1.2805142058401549,-0.5925911679762316,0.39818241551251915,-0.6629952034109078,-0.02023298589822195,-1.5871323529411765,0.5411564380250496,-0.12201454638933196,2.742512542966618,Auto Manufacturers,Consumer Cyclical,F
2012Q3,2012,Q3,2012-11-02,2012-09-30,1631000000.0,32172000000.0,2720000000.0,0.41,5629000000.0,0.1749658088,184680000000.0,18841000000.0,138929000000.0,51630000000.0,165474000000.0,8208000000.0,16670000000.0,37873020000.0,124938020000.0,4.939958049292081,2.6908580282781327,0.5447476716482564,5.339631654370787,0.01655683657426133,4.939958049292081,0.08656653043893636,1.1772044013427825,5.805183936235438,2.0101385276789983,0.11710606989576947,3.2337962962962963,0.005043167933267535,0.1742040285899935,2.531880689521596,0.008831492311024475,17.96632827324478,0.17496580877781923,0.5769230769230768,3.1179187481025585,-0.6135371966713637,6.993981985182887,0.03436236677692025,0.5682692307692307,0.09544905356423682,0.397856127375309,-0.11011127217504407,2.855829773215319,Auto Manufacturers,Consumer Cyclical,F
2012Q2,2012,Q2,2012-08-03,2012-06-30,1040000000.0,33211000000.0,2483000000.0,0.26,5442000000.0,0.1638613712,181236000000.0,17036000000.0,136320000000.0,77305000000.0,164157000000.0,7289000000.0,15230000000.0,36585850000.0,107191850000.0,4.465530799475753,1.7634046956859195,0.4729027345560485,5.03093449166471,0.01572755248303914,4.465530799475753,0.06104719417703686,1.1016184396736022,8.79467548076923,2.147561047194177,0.18365384615384617,3.8097132665660585,0.005220597580758681,0.18324725771921693,1.6691158398551194,0.005738374274426714,13.485385182454847,0.163861371232423,-0.25714285714285706,-0.3184796854521625,-0.6310615397039149,5.302605472259526,-0.02664997317116795,-0.25501432664756446,-0.08207024029574861,-0.6381702850140538,-0.0391398745744017,2.247422314923833,Auto Manufacturers,Consumer Cyclical,F
2012Q1,2012,Q1,2012-05-04,2012-03-31,1396000000.0,32445000000.0,2705000000.0,0.35,5591000000.0,0.1723223917,182075000000.0,16606000000.0,136335000000.0,50969000000.0,165425000000.0,7031000000.0,14190000000.0,47442425000.0,132688425000.0,4.36655272153563,2.6748611901351804,0.5519154194699987,6.0514271949897624,0.015846311956410893,4.36655272153563,0.08406600024087679,1.4622414855910002,8.496136282234957,2.8569447789955436,0.1361031518624642,3.8193713554259707,0.004004854304981248,0.17819579843471098,2.536914595146069,0.007667170122202389,48.312041751527495,0.17232239173986746,-0.9023136246786632,3.4471908142694363,-0.6271630113453224,3.212700570481667,0.14640147631740824,-0.8974660301138451,0.5256627185561196,1.6165994795168717,-0.1746783485736192,1.5954728835137342,Auto Manufacturers,Consumer Cyclical,F
2011Q4,2011,Q4,2012-02-21,2011-12-31,13615000000.0,34576000000.0,1773000000.0,3.582894736842105,4877000000.0,0.1410515965,178348000000.0,15028000000.0,120208000000.0,73038000000.0,163277000000.0,5901000000.0,12985000000.0,40888000000.0,123228000000.0,3.9547368421052633,1.6458281990196884,0.5578307578442147,6.620175672078786,0.14506501848877745,3.9547368421052633,0.9059755123768964,1.1825543729754744,0.7507895703268455,2.7207878626563744,0.0,5.032875783765464,0.0,0.19386816785161595,1.5650346395027246,0.07633951600242223,-29.352476669059584,0.14105159648310966,7.7387676508344025,2.1981222828612865,-0.5754959916010872,3.1468612334132304,-0.10184162062615101,7.256519102486355,-0.3085023400936037,2.3663683241738886,-0.2896512382628262,1.5206426701610476,Auto Manufacturers,Consumer Cyclical,F
2011Q3,2011,Q3,2011-11-04,2011-09-30,1649000000.0,33047000000.0,2564000000.0,0.41,5430000000.0,0.1643114352,162740000000.0,5982000000.0,129555000000.0,76925000000.0,156714000000.0,7212000000.0,-440000000.0,36746000000.0,110356000000.0,1.5742105263157895,1.684172895677608,0.5534595059604277,15.05683717820127,0.023888559099826706,1.5742105263157895,0.27566031427616183,1.1119314915120888,5.570952092177077,6.142761618187897,0.0,3.829312257348863,0.0,0.20306624062922454,1.590419239519012,0.010132727049281061,13.711194029850747,0.1643114352286138,-0.3050847457627119,1.1555366911713736,-0.5591943905001632,-0.6768421213608505,-0.13452343002868983,-0.31234361968306923,-0.2337118947997609,8.66640350877193,-0.381510269275936,2.80373342859411,Auto Manufacturers,Consumer Cyclical,F
2011Q2,2011,Q2,2011-08-05,2011-06-30,2398000000.0,35527000000.0,3346000000.0,0.59,6274000000.0,0.1765980803,168086000000.0,5309000000.0,133208000000.0,78159000000.0,162736000000.0,7036000000.0,-2089000000.0,52388210000.0,128139210000.0,1.397473019215583,1.7043206796402206,0.5546148995157241,17.559427387455266,0.0312741466835992,1.397473019215583,0.4516858165379544,1.4746026965406591,5.46165658882402,9.867811263891504,0.0,4.1576179647527,0.0,0.21136204086003593,1.6142990570503717,0.014266506431231632,19.874131259484066,0.17659808033326765,-0.03278688524590167,5.508705297676761,-0.5956963185783337,-0.8265671157765045,-0.010097822656989587,-0.05997647981183849,-0.07158712541620421,1.1629210021170848,-0.49605682384086325,2.857484934037587,Auto Manufacturers,Consumer Cyclical,F
2011Q1,2011,Q1,2011-05-10,2011-03-31,2551000000.0,33114000000.0,3604000000.0,0.61,6338000000.0,0.1913994081,167391000000.0,2426000000.0,133222000000.0,78238000000.0,164926000000.0,7414000000.0,-4487000000.0,56225610000.0,131252610000.0,0.643330681516839,1.702778700887037,0.5755685789558579,39.71352019785655,0.03359670757062511,0.643330681516839,1.0515251442704039,1.6979407501358943,5.51015386123089,23.17626133553174,0.0,3.611545724305368,0.0,0.19782425578436116,1.6080165648406146,0.015239767968409293,35.85816964285714,0.1913994081053331,10.063473684210527,2.0569974807743305,-0.6033021921715315,-0.9009729128246524,0.22426115510913658,12.426315789473684,0.6778398510242085,12.529567753911428,-0.5963861310771326,-0.8190604186424303,Auto Manufacturers,Consumer Cyclical,F
2010Q4,2010,Q4,2011-02-28,2010-12-31,190000000.0,32428000000.0,2148000000.0,0.05513639001741149,5177000000.0,0.159645985,164687000000.0,-673000000.0,118945000000.0,48883000000.0,165329000000.0,5917000000.0,-7038000000.0,57858340000.0,147041340000.0,-0.19529889727219965,2.433259006198474,0.6314281030075234,-154.5141158989599,0.013959527381586134,-0.19529889727219965,-0.2823179791976226,1.7842093252744542,76.1293947368421,-85.97078751857354,0.0,4.605543349670441,0.0,0.19690685967927038,2.3122148804287788,0.0011537036924590283,622.132688172043,0.1596459849512767,-0.8717758371688105,-0.31888179531824334,-0.6253981179749465,-1.0279299881643424,-0.0853356890459364,-0.8873740367516301,-0.28542914171656686,1.0369145094317924,-0.5985528470369916,-1.0653078402036744,Auto Manufacturers,Consumer Cyclical,F
2010Q3,2010,Q3,2010-11-08,2010-09-30,1687000000.0,29893000000.0,3006000000.0,0.43,5660000000.0,0.1893419864,177078000000.0,-1773000000.0,142867000000.0,76868000000.0,178818000000.0,6855000000.0,-7228000000.0,42179040000.0,141107040000.0,-0.5145095763203714,1.8586017588593433,0.6602740035464597,-65.94472645234066,0.023352688744599545,-0.5145095763203714,-0.9514946418499718,1.4110005686950122,6.250598695909899,-23.789644670050762,0.0,3.5350838803792852,0.0,0.1688126136504817,1.7694229068012697,0.009526875162357831,14.737610062893081,0.189341986418225,-0.29508196721311475,4.194161632593004,-0.606564265007425,-1.0681623110689675,-0.2181240502831883,-0.35090419392073874,-0.2898653437278526,3.4245761676390627,-0.6025664211372348,-1.832594172514995,Auto Manufacturers,Consumer Cyclical,F
2010Q2,2010,Q2,2010-08-06,2010-06-30,2599000000.0,35067000000.0,4233000000.0,0.61,7239000000.0,0.2064333989,179750000000.0,-3574000000.0,139485000000.0,75207000000.0,183291000000.0,6076000000.0,-8915000000.0,34392960000.0,133769960000.0,-1.0474794841735053,1.8546810802185967,0.6547927677329625,-32.93200895355344,0.03382086406743941,-1.0474794841735053,-0.7271964185786234,0.9807785097099837,3.3082878030011544,-9.623100167879127,0.0,4.579986833443055,0.0,0.1950876216968011,1.7738907282566783,0.014458970792767733,12.217747779751333,0.20643339892206347,0.21999999999999997,0.4935751559100576,-0.5720605341857963,-1.1368000950011057,0.12634199470981797,0.24652278177458034,0.25273749630068065,0.9043083235638921,-0.5644318538881298,-0.009262092921542866,Auto Manufacturers,Consumer Cyclical,F
2010Q1,2010,Q1,2010-05-07,2010-03-31,2085000000.0,31566000000.0,3379000000.0,0.5,6427000000.0,0.2036051448,191968000000.0,-5475000000.0,149111000000.0,79193000000.0,197405000000.0,6292000000.0,-11514000000.0,42298050000.0,148479050000.0,-1.6270430906389302,1.88288106272019,0.6799935405900983,-23.842374429223746,0.026385844705335285,-1.6270430906389302,-0.38082191780821917,1.339987644934423,5.071708633093525,-7.725671232876713,0.0,3.9953909726637,0.0,0.1644336556092682,1.8034295960501558,0.010861185197532923,26.19074303405573,0.20360514477602484,0.8391647855530473,-0.061191409074191155,-0.6183457534450547,-1.1906727993525452,0.12419100927059647,1.353273137697517,0.392253811289658,5.130757800891531,-0.5900489320400154,0.17551455245250977,Auto Manufacturers,Consumer Cyclical,F
2009Q4,2009,Q4,2010-02-25,2009-12-31,886000000.0,35449000000.0,2427000000.0,0.27186253451979137,5717000000.0,0.1612739428,194850000000.0,-7820000000.0,150131000000.0,50773000000.0,201365000000.0,5450000000.0,-13599000000.0,32590000000.0,144236000000.0,-2.3995090518563975,2.956906229689008,0.6830228380805748,-17.018797953964196,0.017382320420186254,-2.3995090518563975,-0.11329923273657289,0.9193489238060312,9.195823927765236,-4.167519181585678,0.0,5.455412844036697,0.0,0.18192968950474725,2.8495657140606228,0.004547087503207595,-42.99472295514512,0.161273942847471,-0.06254298441451246,3.781120919583639,-0.5604587963117442,-1.2735245905793302,0.0001749475157452764,-0.11133400200601805,-0.08068181818181819,1.0909110047621424,-0.492530120056018,-0.3025931100670493,Auto Manufacturers,Consumer Cyclical,F
2009Q3,2009,Q3,2009-11-06,2009-09-30,997000000.0,30892000000.0,2640000000.0,0.29,5716000000.0,0.1850317234,203106000000.0,-8675000000.0,156638000000.0,87893000000.0,210376000000.0,6560000000.0,-14524000000.0,23497390000.0,130362390000.0,-2.661859466093894,1.7821441980590036,0.6531712504800449,-15.292564841498558,0.018856464404958344,-2.661859466093894,-0.11492795389048992,0.7606302602615563,5.892023570712136,-2.7086328530259367,0.0,3.8378048780487806,0.0,0.15209791931306804,1.707507992672909,0.004908766850806968,4.846821369636964,0.18503172342354007,-0.5797101449275363,1.1035016968625924,-0.5554144844117576,-1.3460474066021562,0.5271172855997863,-0.5590446704997789,15.60377358490566,1.109649484568063,-0.5195365732890508,-1.5464331764517016,Auto Manufacturers,Consumer Cyclical,F
2009Q2,2009,Q2,2009-08-05,2009-06-30,2261000000.0,27189000000.0,159000000.0,0.69,3743000000.0,0.1376659679,200190000000.0,-10743000000.0,155484000000.0,86333000000.0,209608000000.0,6603000000.0,-15521000000.0,18216070000.0,127628070000.0,-3.579806731089637,1.800979926563423,0.6664818422498626,-12.419528995625058,0.0012823890788831518,-3.579806731089637,-0.21046262682677092,0.6699794034352128,2.0141607695709864,-1.6956222656613609,0.0,3.5508102377707105,0.0,0.13581597482391727,1.7244970057799451,0.011294270443079076,3.9634617058311576,0.1376659678546471,2.1500000000000004,0.18412346099225851,-0.6124287792111911,-1.4833438628880704,0.20121951219512196,2.5844428871758933,1.156959526159921,6.381539485990234,-0.608307106035579,-1.4442706211845522,Auto Manufacturers,Consumer Cyclical,F
2009Q1,2009,Q1,2009-05-08,2009-03-31,-1427000000.0,24778000000.0,-1013000000.0,-0.6,3116000000.0,0.1257567197,203134000000.0,-17577000000.0,159341000000.0,85026000000.0,219611000000.0,6575000000.0,-17782000000.0,6304110000.0,131154110000.0,-7.332916145181477,1.874026768282643,0.7184567822225723,-8.303066507367582,-0.00689775358768706,-7.332916145181477,0.08118564032542527,0.25442368229881346,-1.1044341275402942,-0.3586567673664448,0.0,3.294600760456274,0.0,0.12197859540992645,1.7966974807705878,-0.007024919511258578,2.255495527728086,0.1257567196706756,0.7711847389558233,-1.5587294910988463,-0.576255951647659,-2.042842910881266,0.2272548247341473,0.7612115127175368,0.4715701617110068,0.0698007926574885,-0.5330150298497082,-2.1287466107574295,Auto Manufacturers,Consumer Cyclical,F
2008Q4,2008,Q4,2009-02-26,2008-12-31,-5976000000.0,29192000000.0,-1917000000.0,-2.6222027204914435,2539000000.0,0.0869758838,218328000000.0,-17311000000.0,173465000000.0,68926000000.0,234444000000.0,8618000000.0,-16145000000.0,5218910000.0,137857910000.0,-7.595875383940324,2.516684560253025,0.7085119636510205,-8.935821154179424,-0.016322467738307263,-7.595875383940324,0.3452140257639651,0.1787787750068512,-0.2183278949129853,-0.3014794061579343,0.0,3.0927129264330473,0.0,0.13370708292110953,2.391651916548182,-0.027371660987138616,-0.9904934522679826,0.08697588380378186,-42.70337867485739,-5.054543734199033,-0.4873549466859446,-2.193721382541819,-0.63965370422935,-45.325581395348834,-1.7754854368932038,-33.3929442738043,-0.49010049670372874,-2.0862975292460773,Auto Manufacturers,Consumer Cyclical,F
2008Q3,2008,Q3,2008-11-07,2008-09-30,-129000000.0,32045000000.0,2472000000.0,-0.06,7046000000.0,0.2198782961,242065000000.0,-1989000000.0,191594000000.0,83289000000.0,242596000000.0,12048000000.0,-10169000000.0,11850800000.0,143749800000.0,-0.8727512066695919,2.300351787150764,0.647730981347985,-78.83006535947712,0.002306572612249469,-0.8727512066695919,0.06485671191553545,0.3698174442190669,-22.96666666666667,-5.958169934640523,0.0,2.074950199203187,0.0,0.13238179827732222,2.155698831778506,-0.0005329147129903125,-18.120489296636087,0.21987829614604462,0.9845360824742267,-3.1456603773584906,-0.30205823750348404,-1.1951169059111137,3.6446934739617665,0.9851159570785739,1.4270905321354526,0.6306803082646825,-0.36227194165954324,-1.115622219629567,Auto Manufacturers,Consumer Cyclical,F
2008Q2,2008,Q2,2008-08-08,2008-06-30,-8667000000.0,41512000000.0,-5788000000.0,-3.88,1517000000.0,0.03654365,265297000000.0,-1683000000.0,178817000000.0,96597000000.0,265521000000.0,12987000000.0,-10040000000.0,10759970000.0,146718970000.0,-0.7523468931604828,1.85116515005642,0.6258080566308704,-98.64824717765894,-0.03348752789287035,-0.7523468931604828,5.149732620320855,0.2592014357294276,-0.31037181262259145,-6.393327391562686,0.0,3.0796180796180797,0.0,0.1564736879798867,1.7167199809517895,-0.03266904638951816,-20.772142857142857,0.036543650028907304,-78.6,-18.021280427602488,-0.16409105902595533,-1.170497217747403,-0.8033700583279326,-87.67,-3.197418375094913,-8.596833995992348,-0.227318662396714,-1.0982559830652423,Auto Manufacturers,Consumer Cyclical,F
2008Q1,2008,Q1,2008-05-07,2008-03-31,100000000.0,43513000000.0,2634000000.0,0.05,7715000000.0,0.1773033346,282913000000.0,7111000000.0,178232000000.0,96822000000.0,274336000000.0,11721000000.0,-1372000000.0,11440000000.0,146894000000.0,3.5555,1.8408213009440004,0.5980813889782371,23.794824919139362,0.010410676002177908,3.5555,0.01406271972999578,0.2629099349619654,28.599999999999998,1.6087751371115173,0.0,3.0541762648238207,0.0,0.15380346608321285,1.719764103199686,0.00035346555301453094,-26.359447004608295,0.17730333463562614,1.0334756314478832,-0.8977678571428571,-0.025193015065545013,-0.03243077837195486,0.362111581920904,1.0355745286374956,7.154798761609907,-0.9242424242574256,-0.11483415795298658,-0.583331786356222,Auto Manufacturers,Consumer Cyclical,F
2007Q4,2007,Q4,2008-02-27,2007-12-31,-2811000000.0,44116000000.0,323000000.0,-1.493623804463337,5664000000.0,0.1283887932,279264000000.0,5628000000.0,212090000000.0,76779000000.0,272215000000.0,10121000000.0,-1485000000.0,12665860000.0,145912860000.0,2.9904357066950054,2.7623438700686385,0.6034791451816203,29.944918265813786,0.0011243119232035737,2.9904357066950054,-0.4994669509594883,0.28710354519902076,-1.1264549982212735,2.250508173418621,0.0,3.7992293251654976,0.0,0.15797238455368398,2.6305239713984294,-0.010065744242007563,6.224009828009828,0.12838879318161212,-6.86117791822809,-19.933712090247692,0.024602696202927866,-0.025299846583488456,-0.27755102040816326,-6.397368421052631,-0.8899863760217984,-27.26767248426388,-0.052767753747915556,-0.6591145585824142,Auto Manufacturers,Consumer Cyclical,F
2007Q3,2007,Q3,2007-11-08,2007-09-30,-380000000.0,41078000000.0,2936000000.0,-0.19,7840000000.0,0.1908564195,276163000000.0,1163000000.0,214030000000.0,107228000000.0,273606000000.0,12886000000.0,1326000000.0,15488860000.0,151264860000.0,0.6179596174282678,1.996027157085836,0.5910024152402747,140.33791917454857,0.03640995690929988,0.6179596174282678,-0.32674118658641443,0.3770597400068163,-10.19003947368421,13.318022355975925,0.0,2.57938848362564,0.0,0.14874548726657807,1.8758533218935354,-0.0013759989571376324,2.402491081123003,0.19085641949461998,-1.6129032258064517,-0.12848229595196342,0.004759807951610872,-0.8870689645983647,-0.012470084393500442,-1.5066666666666666,-0.017073987278205558,-2.3883406710186734,0.023725014331560674,-0.9196639320295471,Auto Manufacturers,Consumer Cyclical,F
2007Q2,2007,Q2,2007-08-07,2007-06-30,750000000.0,44242000000.0,2987000000.0,0.31,7939000000.0,0.1794448714,279218000000.0,-1946000000.0,186250000000.0,106466000000.0,279913000000.0,12614000000.0,1707000000.0,17662500000.0,155698500000.0,-1.0378666666666667,1.7493847801175961,0.6089722009326046,-87.37718396711202,0.015409832000161387,-1.0378666666666667,-0.3854059609455293,0.399224718593192,5.887499999999999,-9.076310380267214,0.0,2.8779927065165687,0.0,0.15844967015020522,1.6309056412375782,0.0026860732474267416,6.073762035763411,0.1794448713891777,3.0666666666666664,0.27228070175438596,0.010560912154713413,-1.120118242366209,-0.03711340206185567,3.6595744680851063,0.3141223053233612,-0.3713304721030043,0.009387125212217462,-1.1401322812968562,Auto Manufacturers,Consumer Cyclical,F
2007Q1,2007,Q1,2007-05-09,2007-03-31,-282000000.0,43019000000.0,2273000000.0,-0.15,8245000000.0,0.1916594993,272210000000.0,-3710000000.0,180256000000.0,104098000000.0,274787000000.0,12525000000.0,956000000.0,14833200000.0,155145200000.0,-1.9734042553191489,1.7315990701070145,0.61415451305977,-45.061725067385446,0.0714199912243578,-1.9734042553191489,0.07601078167115903,0.3448057834910156,-13.15,-3.998167115902965,0.0,2.776367265469062,0.0,0.15803607508908563,1.6112797556149014,-0.0010359648800558393,-47.542307692307695,0.19165949929101095,0.9498399044266667,0.6611874999999999,0.037423322954028844,-1.2723964165733483,3.6087199552822806,0.9498666666666666,1.6554209919261822,-1.14077868852459,-0.06198915770084601,-1.2806455981792177,Auto Manufacturers,Consumer Cyclical,F
