Year,Date,FillingDate,NetIncome,Revenue,OperatingIncome,EPSDiluted,GrossProfit,GrossProfitRatio,TotalAssets,CommonStockEquity,CurrentAssets,CurrentLiability,TotalLiability,Inventory,RetainedEarnings,EnterpriseValue,bookValuePerShare,currentRatio,debtToAssets,debtToEquity,roic,shareholdersEquityPerShare,roe,priceToSalesRatio,peRatio,pbRatio,payoutRatio,inventoryTurnover,dividendYield,assetTurnover,quickRatio,returnOnAssets,priceToFreeCashFlowsRatio,grossProfitMargin,epsdilutedGrowth,fiveYNetIncomeGrowthPerShare,fiveYRevenueGrowthPerShare,fiveYShareholdersEquityGrowthPerShare,grossProfitGrowth,netIncomeGrowth,operatingIncomeGrowth,threeYNetIncomeGrowthPerShare,threeYRevenueGrowthPerShare,threeYShareholdersEquityGrowthPerShare,Industry,Sector,Price,MarketCap,AvgVolume,Symbol
2022,2022-12-31,2022-12-31,-4232460.0,-3990615.0,-4232418.0,0.0,-3990615.0,1.0,14922566.0,14828352.0,112190.0,624.0,94214.0,0.0,-18424260.0,-92205.0,0.0,179.79166666666666,0.0,0.0,-0.285427402856366,0.0,-0.2854302352682213,0.0,0.0,0.0,-0.005874597751662154,0.0,,-0.2674215011010841,179.79166666666666,-0.2836281642178698,0.0,1.0,-1.0,1.0,1.0,-1.0,-1.727390261654268,-1.8053099012099456,-1.805296240596926,-1.0,-1.0,-1.0,Asset Management,Financial Services,1.84,12909054,5219,RCG
2021,2021-12-31,2021-12-31,5255691.0,5486209.0,5255728.0,0.88,5486209.0,1.0,17079709.0,16979293.0,160084.0,1924.0,1924.0,0.0,-14208806.0,15679947.152,2.842971206099549,83.20374220374221,0.0,0.0,0.3095375054779961,2.842971206099549,0.3095353263531055,2.8870101653072275,3.0136362948278355,0.9328268940290978,0.02559625366103144,0.0,0.008493478030166118,0.3212120885666143,83.20374220374221,0.3077154885952682,60.86509528988153,1.0,11.679611650485437,2.5201971827464966,1.4390131780522544,0.8887492187366025,22.23334894359792,11.55357519362411,11.566210100742046,1.235275805232774,1.0987485561034085,0.6446914139489218,Asset Management,Financial Services,1.84,12909054,5219,RCG
2020,2020-12-31,2020-12-31,-498001.0,-258377.0,-497409.0,-0.0824,-258377.0,1.0,11939385.0,11858128.0,33163.0,10731.0,10731.0,0.0,-19548823.0,10300111.9228,1.9620565068821807,3.0903923213120863,0.0,0.0,-0.041946671515099176,1.9620565068821807,-0.041996595078076404,-39.991775284951835,-20.74886380308473,0.8713816314683059,0.0,0.0,0.0,-0.02164072940105374,3.0903923213120863,-0.04171077488497104,8.75235045028257,1.0,-1.2354285714285715,0.8924968731642082,0.9388855916312354,0.5631080360473046,-1.1350519844843654,-1.2941910382973343,-1.2935756262272673,0.47058832032103515,0.5396057742031679,0.5280254853363741,Asset Management,Financial Services,1.84,12909054,5219,RCG
2019,2019-12-31,2019-12-31,1692781.0,1913167.0,1694313.0,0.35,1913167.0,1.0,13661534.0,12356129.0,6590.0,0.0,1247184.0,0.0,-19208819.0,9226543.36,2.539500786546459,0.0,0.09129165143533662,0.1009364664289277,0.12455149712426672,2.539500786546459,0.13699929808113853,4.170854588229882,4.713865148533684,0.6457962165982566,0.0,0.0,0.0,0.14004042298617417,0.0,0.12390855960977736,-4.079059247395872,1.0,-0.10256410256410266,3.4885308678628917,6.492029398905722,0.2561126679312112,-0.10857478069266034,-0.12310813169895045,-0.12476147182345557,0.39171722576503126,0.04401740573854168,0.6871363720743429,Asset Management,Financial Services,1.84,12909054,5219,RCG
2018,2018-12-31,2018-12-31,1930433.0,2146189.0,1935830.0,0.39,2146189.0,1.0,10029227.0,8476005.0,19702.0,0.0,1553222.0,0.0,-20997289.0,8784430.34,1.728574237080465,0.0,0.14872532050575782,0.17597913167819038,0.19421215026076977,1.728574237080465,0.22775269717278365,3.4042502035002506,3.7847282656274523,0.8619820705627238,0.0,0.0,0.0,0.21399346131062744,0.0,0.19248073655128156,-4.626664171642466,1.0,3.4375,3.676679027551574,7.755129844850395,-0.20029671248708533,5.534004149114616,3.4330776444016475,3.521340804242893,1.5136260822296685,1.6256899508886793,0.3771001351935389,Asset Management,Financial Services,1.84,12909054,5219,RCG
2017,2017-12-31,2017-12-31,-793412.0,-473354.0,-767778.0,-0.16,-473354.0,1.0,8127638.0,6545572.0,208106.0,1489122.0,1582066.0,0.0,0.0,7592899.0689,1.28404697808444,0.13975080617974886,0.0,0.0,-0.11729731183157102,1.28404697808444,-0.12121354711246014,-16.47569275616135,-9.829489683670023,1.1914673108629774,0.0,0.0,0.0,-0.05824004464765778,0.13975080617974886,-0.09761901305151632,4.040577116296372,1.0,-1.6400000000000001,-1.4283751617377758,-1.1973888449742742,-0.4446443809544625,-1.257772874256258,-1.6509464999643109,-1.6299153552625858,-0.11329026593028844,-0.2969804039778903,-0.3648721497014792,Asset Management,Financial Services,1.84,12909054,5219,RCG
2016,2016-12-31,2016-12-31,1218859.0,1836322.0,1218859.0,0.25,1836322.0,1.0,9352616.0,7338984.0,5643.0,78502.0,2013632.0,0.0,0.0,5943364.9799999995,1.5052137032788462,0.07188351889123844,0.0,0.0,0.16876300588746343,1.5052137032788462,0.16608007320904364,3.2392820975841925,4.880273255561144,0.8105161395637325,0.0,0.0,0.0,0.19634314078542303,0.07188351889123844,0.13032278883255766,-1.4297390501760023,1.0,1.3246753246753247,1.4075282737474295,1.760531841629301,-0.23274432100924278,1.5384004862346399,1.3261453534965675,1.3261453534965675,2.6996536154238746,6.812727514450136,-0.30363167453273293,Asset Management,Financial Services,1.84,12909054,5219,RCG
2015,2015-12-31,2015-12-31,-3737165.0,-3410699.0,-3737165.0,-0.77,-3410699.0,1.0,6168299.0,6120125.0,2230325.0,48174.0,48174.0,0.0,0.0,2157813.1000000006,1.2552277012430397,46.29727653921202,0.0,0.0,-0.6106354036886501,1.2552277012430397,-0.6106354036886501,-1.286580287501184,-1.174189017610943,0.7170013847756378,0.0,0.0,0.0,-0.5529399596225799,46.29727653921202,-0.6058663822878885,2.544948772048666,1.0,-4.5,0.34182580592922013,0.31247485604714503,-0.5110541597798413,-8.770564829164744,-4.4825276901635736,-4.4825276901635736,-3.109583419417697,-2.4869927876011086,-0.4571088371650732,Asset Management,Financial Services,1.84,12909054,5219,RCG
2014,2014-12-31,2014-12-31,-681650.0,-349079.0,-681650.0,-0.14,-349079.0,1.0,9911842.0,9857290.0,506071.0,54552.0,54552.0,0.0,0.0,5832350.7,2.0217141753127597,9.276855110720048,0.0,0.0,-0.06915186628373518,2.0217141753127597,-0.06915186628373518,-18.157556598936058,-9.29864549255483,0.6430186897210085,0.0,0.0,0.0,-0.03521837817834465,9.276855110720048,-0.0687712737955266,-6.434338382264416,1.0,0.06666666666666654,-2.417117443376394,-1.6386321825195063,-0.5045689438519281,-0.10498110245193312,0.04946438681284356,0.07166048363812667,0.7720887749937152,0.8554253040893074,0.030532527657616024,Asset Management,Financial Services,1.84,12909054,5219,RCG
2013,2013-12-31,2013-12-31,-717122.0,-315914.0,-734268.0,-0.15,-315914.0,1.0,10597138.0,10538940.0,1491189.0,58198.0,58198.0,0.0,0.0,5578614.05,2.1615194836279197,25.622684628337744,0.0,0.0,-0.06804498365110723,2.1615194836279197,-0.06804498365110723,-22.3788057825864,-9.858542967584317,0.6708243950530128,0.0,0.0,0.0,-0.02981125658644815,25.622684628337744,-0.06767129011625592,3.980264726878834,1.0,-1.4054054054054055,0.9874884743783034,-1.4982392764084016,-0.47606647299018906,-1.1377318372281509,-1.4048064992847942,-1.4144852042146905,0.8737034103657649,0.9363183856661869,-0.1580284923380094,Asset Management,Financial Services,1.84,12909054,5219,RCG
2012,2012-12-31,2012-12-31,1771518.0,2293689.0,1771518.0,0.37,2293689.0,1.0,13146595.0,11273208.0,1516090.0,73149.0,1873387.0,0.0,0.0,5408312.779999999,2.3121166583157446,20.726052304201016,0.0,0.0,0.15782118098060463,2.3121166583157446,0.1571440888875642,3.0185028484681227,3.908233943996053,0.6141558622887113,0.0,0.0,0.0,0.17447019551450393,20.726052304201016,0.13475108954067574,-39.44366332628796,1.0,1.6065573770491803,1.1593388571190395,1.5278629270320243,-0.7271947011616873,1.9563086151991134,1.596272551848931,1.6017642059408792,2.6829004020468896,3.196252458873161,-0.433404379335812,Asset Management,Financial Services,1.84,12909054,5219,RCG
2011,2011-12-31,2011-12-31,-2970987.0,-2398482.0,-2943874.0,-0.61,-2398482.0,1.0,9838706.0,9501690.0,174083.0,337016.0,337016.0,0.0,1693498.0,8640779.120000001,1.9618150044308487,0.5165422413179196,0.0,0.0,-0.3098263572059286,1.9618150044308487,-0.31267984958465284,-3.6751725132813173,-2.9669719591502757,0.927712345908991,0.0,0.0,0.0,-0.24378022882277406,0.5165422413179196,-0.30196928335901085,22.210887998588962,1.0,0.4741379310344827,0.3211282155278776,-3.3249033948076723,-0.8192211793437689,0.5147991909010966,0.47490341962911864,0.482955143209465,0.9478189339801134,-4.808031422529808,-0.5244731021868704,Asset Management,Financial Services,1.84,12909054,5219,RCG
2010,2010-12-31,2010-12-31,-5657982.0,-4943277.0,-5693653.0,-1.16,-4943277.0,1.0,13494867.0,12472677.0,702725.0,1022190.0,1022190.0,0.0,5041677.0,9079010.92,2.567212149054884,0.6874700398164725,0.0,0.0,-0.45363012286776927,2.567212149054884,-0.45363012286776927,-1.926367047608297,-1.683032204768414,0.7634741058395083,0.0,0.0,0.0,-0.36630794508756553,0.6874700398164725,-0.4192691932421416,-19.82521437523682,1.0,-12.752786220871327,0.8801222948511422,-8.074521450582408,-0.789223356765789,-22.539414285714287,-13.85905,-8.33385737704918,0.48928624963508843,-6.467311230145505,-0.6970961326776512,Asset Management,Financial Services,1.84,12909054,5219,RCG
2009,2009-12-31,2009-12-31,440000.0,500000.0,-610000.0,0.0987,-210000.0,-0.42,18600000.0,18200000.0,500000.0,400000.0,400000.0,0.0,-15800000.0,11296000.0,4.0807174887892375,1.25,0.0,0.0,0.05672020287404904,4.0807174887892375,0.024175824175824177,23.192,26.35454545454546,0.6371428571428572,0.0,0.0,0.0,0.026881720430107527,1.25,0.023655913978494623,-4.4945736434108525,-0.42,1.008392857142857,-0.9934451201762214,-0.26110884631064,-0.7620493153319949,0.36363636363636365,1.0083921419034905,0.2077922077922078,1.109181141439206,-0.47368421052631576,-0.6239669421487604,Asset Management,Financial Services,1.84,12909054,5219,RCG
2008,2008-12-31,2009-03-30,-52430000.0,580000.0,-770000.0,-11.76,-330000.0,-0.5689655172,18600000.0,18400000.0,2700000.0,200000.0,200000.0,0.0,-25600000.0,10423200.0,4.125560538116592,13.5,0.0,0.0,-0.1219611740822196,4.125560538116592,-2.8494565217391306,22.453793103448277,-0.24839214190349035,0.7077826086956521,-0.03414075910738127,0.0,0.13744701763007555,0.03118279569892473,13.5,-2.8188172043010753,19.73212121212121,-0.5689655172413793,-4.157894736842106,-1.5786024372943173,-0.715731121977601,-0.7414093899019139,-0.03125,-4.1553588987217305,-0.02666666666666667,-0.2100958581121522,-0.09578195067264592,-0.6612777786970695,Asset Management,Financial Services,1.84,12909054,5219,RCG
TTM,,,,,,,,,,,,,,,,12816849.0,0.0,179.79166666666666,0.0,0.0,-0.285427402856366,0.0,-0.26612847320196137,-3.2348532744952845,0.0,0.0,-0.005874597751662154,0.0,0.005434782608695652,-0.2674215011010841,179.79166666666666,-0.2836281642178698,-6.009155439987599,1.0,,,,,,,,,,,Asset Management,Financial Services,1.84,12909054,5219,RCG
