Quarters,Year,Quarter,FillingDate,Date,NetIncome,Revenue,OperatingIncome,EPSDiluted,GrossProfit,GrossProfitRatio,TotalAssets,CommonStockEquity,CurrentAssets,CurrentLiability,TotalLiability,Inventory,RetainedEarnings,MarketCap,EnterpriseValue,bookValuePerShare,currentRatio,debtToAssets,debtToEquity,roic,shareholdersEquityPerShare,roe,priceToSalesRatio,peRatio,pbRatio,payoutRatio,inventoryTurnover,dividendYield,assetTurnover,quickRatio,returnOnAssets,priceToFreeCashFlowsRatio,grossProfitMargin,epsdilutedGrowth,fiveYNetIncomeGrowthPerShare,fiveYRevenueGrowthPerShare,fiveYShareholdersEquityGrowthPerShare,grossProfitGrowth,netIncomeGrowth,operatingIncomeGrowth,threeYNetIncomeGrowthPerShare,threeYRevenueGrowthPerShare,threeYShareholdersEquityGrowthPerShare,Industry,Sector,Symbol
2023Q1,2023,Q1,2023-05-10,2023-03-31,-55688000.0,73236000.0,-61901000.0,-0.33,10114000.0,0.1381014801,1250315000.0,1092145000.0,365679000.0,112066000.0,158170000.0,29769000.0,-812030000.0,1671751575.0,1535799575.0,6.52640542599758,3.26306819195831,0.017851501421641745,0.020436846755696358,-0.049991943911740444,6.52640542599758,-0.05098956640372844,22.826909921350154,-7.50499019088493,1.530704782789831,0.0,2.120393698142363,0.0,0.05857403934208579,2.7990380668534613,-0.04453917612761584,-89.75847382550336,0.1381014801463761,0.7053571428571428,0.7498621270272439,4.811133952161728,0.8805384723405756,2.248955991005461,0.6425192099063417,-4.36034960099886,-1.2241712141856773,4.243243436481998,4.612951163219978,Software—Application,Technology,RIOT
2022Q4,2022,Q4,2023-03-02,2022-12-31,-155779000.0,60147000.0,18421000.0,-1.12,3113000.0,0.0517565298,1319964000.0,1151442000.0,443381000.0,121543000.0,168522000.0,24297000.0,-756342000.0,472680924.39000005,264603924.39000005,8.257977376678287,3.647935298618596,0.01685727792576161,0.019324464454136638,0.015120440602165223,8.257977376678287,-0.13529035765587846,7.858761440969626,-0.7585761309130242,0.4105121442417421,0.0,2.347367987817426,0.0,0.045567151831413584,3.1793110257275203,-0.1180176126015558,-17.52617443047831,0.051756529835237,-3.6666666666666674,-0.5465262723488153,25.892460957290428,1.0767385288368372,-0.1376731301939058,-3.2598649129043724,1.7378139143669644,-8.400015386486546,9.271325262548336,7.995573483791193,Software—Application,Technology,RIOT
2022Q3,2022,Q3,2022-11-07,2022-09-30,-36569000.0,46290000.0,-24967000.0,-0.24,3610000.0,0.0779866062,1453622000.0,1299371000.0,476895000.0,107058000.0,154251000.0,0.0,-591612000.0,1078804812.23,846039812.23,8.443224026014132,4.454548002017598,0.015278387366179104,0.017092116108486335,-0.017191763931359124,8.443224026014132,-0.02814361718092831,23.305353472240224,-7.375132025964615,0.8302515695902094,0.0,0.0,0.0,0.03184459233555904,3.8745259578919837,-0.025157159151416256,-26.27834292816603,0.07798660617844026,0.9145907473309609,0.7579187875392733,66.20698337737153,1.9488252500398413,-0.8532102630829911,0.9001757958584243,-1.0684372395947546,-2.027953376216625,3.042171528314902,6.008600388001178,Software—Application,Technology,RIOT
2022Q2,2022,Q2,2022-08-15,2022-06-30,-366334000.0,72947000.0,364816000.0,-2.81,24593000.0,0.3371351803,1436225000.0,1288565000.0,496431000.0,100567000.0,147660000.0,0.0,-568543000.0,546399053.38,297402053.38,9.881216514928948,4.936321059592113,0.014960051523960382,0.01667436256611036,0.269422037790896,9.881216514928948,-0.28429609682088214,7.490356743663208,-0.3728831158041569,0.42403685757412324,0.0,0.0,0.0,0.05079078835140734,4.2653653783050105,-0.25506727706313426,-5.5345561243859205,0.3371351803364086,-10.366666666666667,-9.929788149080563,117.1004247975506,3.579417815598229,-0.2800433267952809,-11.281905189592747,39.51710350955131,-34.15025430388687,2.6267724789703712,5.0550339734252825,Software—Application,Technology,RIOT
2022Q1,2022,Q1,2022-05-10,2022-03-31,35629000.0,79787000.0,9004000.0,0.3,34159000.0,0.4281273892,1549755000.0,1387684000.0,439704000.0,116177000.0,162071000.0,0.0,-202209000.0,2477786485.9900002,2386058485.9900002,11.856255753312944,3.7847766769670415,0.014100938535445926,0.015747821550151187,0.006235782863680318,11.856255753312944,0.025675153709345932,31.055015052452156,17.386023225392236,1.7855552748248162,0.0,0.0,0.0,0.05148362160470526,2.92213605102559,0.022990085529648235,-13.351293678280456,0.42812738917367493,2.5,1.3215698440467665,128.68908195143905,3.780906025158242,-0.37900630828803605,2.8318251928020564,1.382871964961517,1.3251257899901836,5.8870111722778695,24.62473314492104,Software—Application,Technology,RIOT
2021Q4,2021,Q4,2022-03-16,2021-12-31,-19450000.0,90890000.0,-23517000.0,-0.2,55007000.0,0.6052040929,1530939000.0,1357320000.0,573539000.0,109878000.0,173619000.0,0.0,-237838000.0,2145109923.8799999,1846233923.8799999,14.129325151402133,5.219780119769198,0.008778272681014724,0.009901128694780891,-0.014413684757698763,14.129325151402133,-0.014329708543305926,23.601165407415557,-27.5721069907455,1.5804010284089234,0.0,0.0,0.0,0.05936879261681883,4.622608711480005,-0.012704621150810058,-8.084473420141178,0.6052040928595005,-0.25000000000000006,0.5927504919711273,136.40907717868006,3.35534869952702,0.40349041920751155,-0.267679071889461,-4.583333333333333,0.7436110902751328,7.1116308512007995,34.27781797033412,Software—Application,Technology,RIOT
2021Q3,2021,Q3,2021-11-15,2021-09-30,-15343000.0,64808000.0,-4212000.0,-0.16,39193000.0,0.6047555857301568,954407000.0,770315000.0,179024000.0,25574000.0,184092000.0,0.0,-218388000.0,2468845725.2,2419344725.2,8.018765732474535,7.000234613279112,0.008779273412705482,0.010877368349311646,-0.005351473116216666,8.018765732474535,-0.019917825824500367,38.0947680101222,-40.22755858046014,3.2049820206019612,0.0,0.0,0.0,0.06790394454357522,6.939547978415578,-0.016075950826010287,-19.958655153680738,0.6047555857301568,-1.7272727272727273,0.6264134832835724,102.3906202500954,0.8832947706367394,0.8411706675435712,-1.793452965816828,0.1822947000582411,0.6360143521170228,3.0471343468285537,5.878145035102241,Software—Application,Technology,RIOT
2021Q2,2021,Q2,2021-08-23,2021-06-30,19337000.0,34348000.0,-5151000.0,0.22,21287000.0,0.6197449633166414,906369000.0,714163000.0,221323000.0,37475000.0,192206000.0,0.0,-203045000.0,3340626002.46,3201743002.46,8.0531374030464,5.905883922615077,0.009157418225910197,0.01162199665902602,-0.0059089862780025435,8.0531374030464,0.02707645173440797,97.25823927040877,43.18955890856907,4.6776800288729605,0.0,0.0,0.0,0.03789626520765825,5.877598398932622,0.021334577859569336,-61.10416861699987,0.6197449633166414,1.4444444444444446,2.011362755613452,61.1172372618649,0.9490972237709101,0.35906275936921406,1.5679946879150066,-1.7003399048266485,1.1226706786515117,0.8738358070040979,4.307571561274486,Software—Application,Technology,RIOT
2021Q1,2021,Q1,2021-05-17,2021-03-31,7530000.0,23197000.0,7355000.0,0.09,15663000.0,0.6752166228391603,375905000.0,367817000.0,276208000.0,7433000.0,8088000.0,0.0,-222382000.0,4430114318.0,4189102318.0,4.422823020703819,37.15969325978743,0.0,0.0,0.019996356883993944,4.422823020703819,0.02047213695941188,190.97789878001467,147.08214867197876,12.044343567589317,0.0,0.0,0.0,0.0617097404929437,37.075070630969996,0.02003165693459784,-68.5245834184068,0.6752166228391603,0.030600588235294136,-0.37259867603733166,43.73262905389886,0.028125438689248144,3.911571025399812,0.9258312020460358,9.85078219013237,1.068059197564736,2.7037537934721887,0.2744057875497014,Software—Application,Technology,RIOT
2020Q4,2020,Q4,2021-03-31,2020-12-31,3910000.0,5291000.0,-831000.0,0.08732772038691317,3189000.0,0.6027216027216027,280147000.0,277071000.0,236265000.0,2397000.0,3076000.0,0.0,-229912000.0,760708051.3,537326051.3,6.1882298760415395,98.56695869837297,0.0,0.0,-0.0029992312439771755,6.1882298760415395,0.014111906334477444,143.77396546966546,48.63862220588235,2.7455347232297855,0.0,0.0,0.0,0.01888651315202376,98.04255319148936,0.013956958311172349,-29.313246167777734,0.6027216027216027,3.1831930096728294,1.1145788935197034,13.02432284795407,0.49287929240746964,1.7491379310344828,3.277227722772277,0.6056003796867584,1.1208840194231093,6.3671257303783815,0.5562328186038249,Software—Application,Technology,RIOT
2020Q3,2020,Q3,2020-11-09,2020-09-30,-1717000.0,2462000.0,-2107000.0,-0.04,1160000.0,0.471161657189277,62631000.0,60675000.0,40589000.0,1260000.0,1963000.0,0.0,-233822000.0,120889449.00000001,90803449.00000001,1.3551430778710887,32.21349206349206,0.0,0.0,-0.03472599917593737,1.3551430778710887,-0.02829831067161104,49.102132006498785,-17.60184172976121,1.992409542645241,0.0,0.0,0.0,0.0393096070635947,31.01031746031746,-0.02741453912599192,-8.51994143350483,0.471161657189277,0.870967741935484,0.9061631053497105,1.6211818056179763,-0.7222712420289459,1.3061630218687872,0.837865911237016,0.8239766081871345,0.9609322392320001,11.286140946004828,-0.5267115839718589,Software—Application,Technology,RIOT
2020Q2,2020,Q2,2020-08-10,2020-06-30,-10590000.0,1942000.0,-11970000.0,-0.31,503000.0,0.2590113285272915,29868000.0,27816000.0,17210000.0,1331000.0,2059000.0,0.0,-232105000.0,76654015.92,67514015.92,0.8055875384852244,12.930127723516152,0.0,0.0,-0.430327868852459,0.8055875384852244,-0.38071613459879206,39.47168687950567,-1.8095848895184137,2.7557526574633306,0.0,0.0,0.0,0.0650194187759475,12.294515401953419,-0.35456006428284453,-7.987289352922788,0.2590113285272915,-1.0666666666666667,0.41566974889822156,3.4745618857847878,-0.8458673127584951,-0.48621041879468846,-1.4760346036941783,-1.7155172413793103,-0.19328574727459608,10.87427838825181,-0.626653062384628,Software—Application,Technology,RIOT
2020Q1,2020,Q1,2020-05-08,2020-03-31,-4277000.0,2386000.0,-4408000.0,-0.15,979000.0,0.41031014249790443,37074000.0,33238000.0,20044000.0,3071000.0,3843000.0,0.0,-221515000.0,23812067.195,10212067.195,1.162740461517499,6.526864213611201,0.00960241678804553,0.01071063240868885,-0.1298379970544919,1.162740461517499,-0.12867801913472532,9.979910810980721,-1.3918673833878885,0.7164109511703473,0.0,0.0,0.0,0.0643577709445973,6.264408987300554,-0.11536386686087285,-8.865252120253164,0.41031014249790443,-0.26205792962900165,0.7349090983390244,8.117479486420551,-0.7946316735801942,3.7117686326758426,-0.25885347498893313,-0.22418770507851826,0.8419473230089745,14.879347154153946,-0.5311375704247127,Software—Application,Technology,RIOT
2019Q4,2019,Q4,2020-03-25,2019-12-31,-3397536.0,1200525.0,-3600755.0,-0.1188534983050219,-361019.0,-0.30071760271547865,30380000.0,26242000.0,12628000.0,3369000.0,4145000.0,0.0,-217238000.0,32016224.800000004,24944224.800000004,0.9180045487436732,3.748293262095577,0.012113232389730085,0.014023321393186496,-0.1281433939483168,0.9180045487436732,-0.12946940019815562,26.66851985589638,-2.3558414686408033,1.2200375276274675,0.0,0.0,0.0,0.03951695194206715,3.3478777085188485,-0.1118346280447663,-3.600557398719009,-0.30071760271547865,-0.4856687288127737,0.8057785659453645,0.5778550247307217,-0.8498583741908602,-2.3725392540774815,-0.8523874144762201,-0.9006069582466143,0.760936231736722,5.099289660179942,-0.7170261229968313,Software—Application,Technology,RIOT
2019Q3,2019,Q3,2019-11-12,2019-09-30,-1834139.0,1739165.0,-1894529.0,-0.08,263030.0,0.15123924412002313,32985302.0,28155952.0,20324236.0,3804430.0,4794179.0,0.0,-213840661.0,41601903.68,27377670.68,1.2046947405460653,5.3422552130016845,0.028453521510883848,0.03333391106789783,-0.06308147611258105,1.2046947405460653,-0.06514214117142976,23.920619193693526,-5.670494940677887,1.4775527277500686,0.0,0.0,0.0,0.05272545329431878,4.815438580812368,-0.055604735709256205,-8.750613394136096,0.15123924412002313,0.0,0.8800029802043219,3.7668595928511523,-0.8201202470149986,-0.7007850368629467,-0.4348042743600976,-0.3832101520011156,0.8164388452305765,10.404097863003601,-0.7170642738824776,Software—Application,Technology,RIOT
2019Q2,2019,Q2,2019-08-08,2019-06-30,-1278320.0,2467050.0,-1369661.0,-0.08,879067.0,0.3563231389716463,30967408.0,26102408.0,18366085.0,3802514.0,4829848.0,0.0,-212006522.0,43346699.32,28186356.32,1.6319010856580256,4.829984846867099,0.03068668194638699,0.03640610475477971,-0.04891125523703154,1.6319010856580256,-0.048973259478589104,17.570255698100972,-8.477278639151386,1.6606398658698462,0.0,0.0,0.0,0.07966601531519849,4.742768336947609,-0.04127952846424861,-8.669034713978068,0.3563231389716463,0.9148936170212766,0.8813361331240753,23.550635799021173,-0.7778223712584621,22.399946443351674,0.9055126374777746,0.574250051677699,0.6293167710472293,23.736264927558288,-0.6050317141836471,Software—Application,Technology,RIOT
2019Q1,2019,Q1,2019-05-10,2019-03-31,-13529005.0,1430260.0,-3217055.0,-0.94,-41078.0,-0.028720652189112468,15446596.0,-7251658.0,2894727.0,21455439.0,24215969.0,0.0,-210728202.0,51151683.12,60764040.12,-0.5018577640891516,0.13491809699162996,0.688072375298739,-1.4656477180804721,-0.7423339808934761,-0.5018577640891516,1.8656430019176304,35.76390524799687,-0.9452225629305333,-7.053791439143986,0.0,0.0,0.0,0.09259386339877083,0.09792561224219183,-0.8758567259738003,-15.917079294941708,-0.028720652189112468,-0.19033255766487245,0.14082508878852434,2.5744339581499407,-1.1132646049999753,0.7957751030371729,-0.18563128291672373,0.6562748847867429,-7.487716769261892,14.873882596303844,-1.1166614018802985,Software—Application,Technology,RIOT
2018Q4,2018,Q4,2019-04-02,2018-12-31,-11410803.0,1685403.0,-9359383.0,-0.7896952779684017,-201141.0,-0.11934297019763226,13860328.0,5787305.0,2310549.0,6658605.0,9369316.0,0.0,-197199197.0,21818938.28,23289631.28,0.4005158471899761,0.34700196212269685,0.12236961491820396,0.29306957210653317,-1.609136269856492,0.4005158471899761,-1.9716954610133732,12.945828552577634,-0.47803248991328656,3.770137962315793,0.0,0.0,0.0,0.12159907038274996,0.13997151054913154,-0.8232707768531885,-7.1463976669249805,-0.11934297019763226,-0.7167288651486992,0.3175131157374955,12.712492110263051,-0.9163424951554785,-1.6007831588002317,-0.8316019144912373,-0.4493171655681481,-0.036124735266921656,12.84254262411407,-0.9033775689448973,Software—Application,Technology,RIOT
2018Q3,2018,Q3,2018-11-19,2018-09-30,-6229958.0,2366683.0,-6457788.0,-0.46,334798.0,0.14146296736825337,25703410.0,16552215.0,6862912.0,8041087.0,9171890.0,0.0,-185796070.0,48982282.35,49071280.35,1.1658326033474429,0.8534806301685331,0.06598669203813813,0.1024686424143234,-0.3538844006164301,1.1658326033474429,-0.3763821337506793,20.696596185462948,-1.965594404890049,2.959258464803653,0.0,0.0,0.0,0.09207661551521763,0.41317722342762864,-0.24237865715093834,-6.913656623229905,0.14146296736825337,0.7458563535911602,0.6169485042953156,4.747784353174847,-0.8029827909198195,-0.745440831747398,0.7406012927552742,0.7295425269807776,-0.0737252408670105,6.946097671811652,-0.7610693319272913,Software—Application,Technology,RIOT
2018Q2,2018,Q2,2018-08-14,2018-06-30,-24016920.0,2792794.0,-23877277.0,-1.81,1315207.0,0.4709287545017642,28394409.0,20500784.0,9445721.0,6572187.0,7727165.0,0.0,-179630492.0,85662447.17999999,84783968.17999999,1.5172922889640006,1.437226451408032,0.027313651782644957,0.03783050443339143,-1.1009774590618113,1.5172922889640006,-1.1715122699697729,30.672669441426756,-0.8916885177200073,4.178496158000591,0.0,0.0,0.0,0.09835718010542145,0.9956125715838579,-0.8458327130527703,-16.645007112690628,0.4709287545017642,-0.3407407407407407,-0.04266229811346248,16.94298933543156,-0.8496032611040343,1.2811949845891808,-0.46891650517929806,-0.22831950175984037,-2.3865729944219187,15.444509163382131,-0.7096971754694977,Software—Application,Technology,RIOT
2018Q1,2018,Q1,2018-05-17,2018-03-31,-16350092.0,925554.0,-19438979.0,-1.35,576543.0,0.6229166531612418,49583552.0,42651677.0,13612276.0,4697345.0,6348497.0,0.0,-155613572.0,81358376.7,76930450.7,3.470498222710975,2.897865922132609,0.01673151612857425,0.019450770950928845,-0.3778325228575106,3.470498222710975,-0.3833399563632633,87.90235545413883,-1.2440048762416749,1.9075070998966817,0.0,0.0,0.0,0.018666552973050417,2.025868442705401,-0.329748300404134,-3.306057679179223,0.6229166531612418,-0.8687471228855499,0.4092473952171489,4.023267170353326,-0.4842585461928166,0.0,-0.8415888801546881,-0.8573193308560131,-1.3571302722362453,7.226477804155658,-0.3870253634152586,Software—Application,Technology,RIOT
2017Q4,2017,Q4,2018-04-17,2017-12-31,-8878253.0,197133.0,-10466148.0,-0.7224091389719185,0.0,0.0,52335540.0,48869304.0,42390985.0,1040524.0,2708141.0,0.0,-139263480.0,349029894.0,307513503.0,3.976416511761597,40.74003578965983,0.0025904767582411495,0.0027742158963426204,-0.2135735956734756,3.976416511761597,-0.18167340791266437,1770.530017805238,-9.828225609249928,7.142108960667825,0.0,0.0,0.0,0.0037667137856989726,40.22216594715739,-0.16964099348167613,-263.81341296943805,0.0,0.2628478173755934,0.6410318108974404,0.18226601015857294,-0.5371954787825817,0.0,-0.674487129845251,-16.72418336294096,-0.18050659800707017,-0.3973529532349498,-0.34964849489335476,Software—Application,Technology,RIOT
2017Q3,2017,Q3,2017-11-13,2017-09-30,-5302073.0,24175.0,-590501.0,-0.98,0.0,0.0,17349745.0,15465994.0,13446313.0,890959.0,1883751.0,0.0,-120822896.0,24842442.19835481,11918432.19835481,2.8632500436911466,15.091954848651845,0.012433151034784661,0.013947503147873975,-0.03765540560446676,2.8632500436911466,-0.3428213537390484,1027.6087775948215,-1.1713551566696088,1.6062622420747616,0.0,0.0,0.0,0.001393392237176973,14.747841370927281,-0.3055994771104705,-42.16422096081321,0.0,-2.769230769230769,0.9358562017334882,-0.9329457673441416,-0.9474692256941484,0.0,-3.0419196643316555,0.4460715706212993,-0.5009235022118994,-0.713296696899725,-0.5724720186293836,Software—Application,Technology,RIOT
2017Q2,2017,Q2,2017-08-11,2017-06-30,-1311771.0,24174.0,-1066024.0,-0.26,0.0,0.0,12906664.0,11012568.0,11986390.0,849540.0,1894096.0,0.0,-115520823.0,18559857.824192494,6626284.824192494,2.1577451354781267,14.109270899545637,0.0,0.0,-0.09680067355770243,2.1577451354781267,-0.11911581385921975,767.7611410686065,-3.5371756625570496,1.6853342312340316,0.0,0.0,0.0,0.0018729859241706456,14.047099606846057,-0.10163517079239066,-20.323823431262017,0.0,0.7263157894736841,0.9728943033855825,-0.9576459751415721,-0.9520765672969849,0.0,0.6987049862004844,-0.03681686880574224,0.6183764003035859,-0.246069009406633,-0.7062305418861764,Software—Application,Technology,RIOT
2017Q1,2017,Q1,2017-05-15,2017-03-31,-4353776.0,24175.0,-1028170.0,-0.95,0.0,0.0,13321896.0,11405600.0,12337542.0,871251.0,1916296.0,0.0,-114209052.0,16397090.7825887,4471630.7825887,2.4799181767896217,14.16072061897203,0.0042154660267577524,0.004923721680577962,-0.0897043891521702,2.4799181767896217,-0.381722662551729,678.2664232715077,-0.9415442355433938,1.4376350900074262,0.0,0.0,0.0,0.0018146816339055642,13.752199997474895,-0.326813540655174,-9.785008368017815,0.0,-0.9108447213498468,0.9019821466122927,-0.8549936271976243,-0.7640766065593306,-1.0,-0.9040883150575476,0.5551835905458397,0.13132426152885165,-0.8101831994341225,-0.44030565465868193,Software—Application,Technology,RIOT
2016Q4,2016,Q4,2017-03-31,2016-12-31,-2286541.0,31668.0,-2311448.0,-0.4971623227076803,30177.0,0.9529177718832891,17040815.0,14920359.0,13743490.0,1055140.0,2120456.0,415847.0,-109855276.0,15741207.15152431,10350970.15152431,3.244131785116664,13.025276266656558,0.008192741955123626,0.009357080483117062,-0.15348290866449268,3.244131785116664,-0.1532497307873088,497.06982289769826,-1.7210720419537973,1.0550153083799332,0.0,0.0035854533037391156,0.0,0.0018583618213096028,12.35963758363819,-0.1341802607445712,-9.121276528203275,0.9529177718832891,-0.15619144815739605,0.9359260895544991,-0.9740650406637991,-0.8298226486881694,0.23015775956952428,-0.33721165520032376,-0.32430695049048874,0.5703320330464845,-0.19051436533688118,-0.32238393952753497,Software—Application,Technology,RIOT
2016Q3,2016,Q3,2016-11-14,2016-09-30,-1709932.0,26098.0,-1745402.0,-0.43,24531.0,0.9399570848340869,19322797.0,17029810.0,15619888.0,1178481.0,2267971.0,412106.0,-107568735.0,10801628.358860875,8576443.358860875,4.257838898880073,13.254255265888887,0.01149600650464837,0.013043891857865707,-0.10117131720510354,4.257838898880073,-0.10040816662076676,413.8872081715409,-1.5792482330965316,0.6342776788972323,0.0,0.0038024197657884136,0.0,0.0013506326232170219,12.630593959512288,-0.08849298577219436,-8.341083728659793,0.9399570848340869,-0.9545454545454545,0.9766583383761097,-0.9728157187813303,-0.8027773163246981,0.014767932489451477,-1.0456790788096306,-1.0021910051781138,0.6267926153704195,-0.7750080672924853,-0.28045627291452546,Software—Application,Technology,RIOT
2016Q2,2016,Q2,2016-08-10,2016-06-30,-835875.0,24174.0,-871746.0,-0.22,24174.0,1.0,17589516.0,16018544.0,16258263.0,457307.0,1570972.0,0.0,-105858803.0,12128988.206857126,7639179.206857126,4.1317268860842296,35.552184856125095,0.0,0.0,-0.054421051001888814,4.1317268860842296,-0.052181708899385615,501.73691597820493,-3.627632183896254,0.7571841864564672,0.0,0.0,0.0,0.0013743413974551658,35.30936766767183,-0.04752120524521539,-18.75479455656925,1.0,-2.571428571428571,0.9870635419377684,-0.9857321361352909,-0.8908251065977137,-4.136504653567735e-05,-2.4939384569740364,0.36762959572358234,0.8735329227777013,-0.4587296959186285,-0.5904558045963979,Software—Application,Technology,RIOT
2016Q1,2016,Q1,2016-05-11,2016-03-31,559511.0,24175.0,-1378537.0,0.14,24175.0,1.0,18474453.0,16678031.0,16841991.0,658582.0,1796422.0,0.0,-105022928.0,9329988.521621136,5546075.521621136,4.301832105567248,25.573111624672404,0.0030935692656231823,0.003426783413461697,-0.0823735838442878,4.301832105567248,0.03354778510724677,385.93540937419385,4.1688137148425755,0.5594178666307273,0.0,0.0,0.0,0.0013085637772333504,25.205933353781305,0.030285659878536052,-4.875264415030848,1.0,1.183687894538953,1.0086020761872254,-0.9909380954216201,-0.9184753199387301,-0.15819346751166516,1.1893519619963362,0.5329399766899767,1.064083620332288,-0.584085594088308,-0.3607162425150049,Software—Application,Technology,RIOT
2015Q4,2015,Q4,2016-03-23,2015-12-31,-2954873.0,32668.0,-2951520.0,-0.7621623643266889,28718.0,0.8790865678951879,20862197.0,16070636.0,16412052.0,1790767.0,4791561.0,0.0,-105582439.0,8417722.977374448,8545468.977374448,4.145164252403945,9.16481708675668,0.10257927293084233,0.13316392705304259,-0.1620764535507078,4.145164252403945,-0.18386783198872778,257.674879924527,-0.7121899128468845,0.5237952609575904,0.0,0.0,0.0,0.0015658945220390738,9.024219231200933,-0.1416376712385565,-4.997443002087649,0.8790865678951879,-0.9054059108167223,0.9573973781612101,-0.9840731769994806,-0.9383637618895049,-0.5696452922929374,-0.8665295082257164,-0.8555631625899878,0.6212782632929678,-0.3789431091953469,-0.5175553789380346,Software—Application,Technology,RIOT
2015Q3,2015,Q3,2015-11-10,2015-09-30,-1583084.0,81264.0,-1590633.0,-0.4,66731.0,0.8211631226619414,23083872.0,18901498.0,19394973.0,1116631.0,4182374.0,0.0,-102627566.0,8479813.74119506,7513174.74119506,4.879376150208854,17.369187314341087,0.09806279466460392,0.11976135436461173,-0.07515334039178619,4.879376150208854,-0.08375441988777821,104.34895822498352,-1.3391288366876077,0.44863183548706353,0.0,0.0,0.0,0.0035203799431915064,16.95475945052573,-0.06857965596066379,-6.0383986080010965,0.8211631226619414,0.28571428571428575,0.9776061719511109,-0.956407671976101,-0.9405347544301811,0.6438231309274541,0.22139644458215602,0.20245875870741434,0.9732945705975661,-0.6856998809962948,-0.9104802572640334,Software—Application,Technology,RIOT
2015Q2,2015,Q2,2015-08-11,2015-06-30,-2033235.0,48691.0,-1994421.0,-0.56,40595.0,0.8337269721303732,24326705.0,20246498.0,20586054.0,950423.0,4080207.0,0.0,-101044482.0,12374451.322401099,9581667.322401099,5.226584658340374,21.65988617699698,0.08529918046854269,0.1024892304832174,-0.08934959074967298,5.226584658340374,-0.10042403382550405,254.14247648232936,-1.5215225149086429,0.6111897140138062,0.0,0.0,0.0,0.0020015452154329982,21.49645894512233,-0.08358036980347318,-7.878373731223872,0.8337269721303732,0.0,0.9749656731603114,-0.9730071052048624,-0.9474915187914943,0.29053280773143436,0.07004202851023132,0.0984188592297855,0.944646299966592,-0.8876038604741068,-0.8839177648823277,Software—Application,Technology,RIOT
2015Q1,2015,Q1,2015-05-12,2015-03-31,-2186373.0,35463.0,-2212137.0,-0.56,31456.0,0.8870089952908665,26142679.0,21932152.0,22363951.0,1017122.0,4210527.0,0.0,-99011247.0,12791536.623603294,10766769.623603294,5.661732175489764,21.987481344420825,0.08328404292459851,0.09927288484960345,-0.09175405298012146,5.661732175489764,-0.0996880287898789,360.70091711370424,-1.462643453747747,0.5832321709061333,0.0,0.0,0.0,0.001356517440312831,21.73154744465266,-0.08363232398638257,-5.558275196559973,0.8870089952908665,0.08489018311040909,0.9772204137996459,-0.9909534637921928,-0.9088834673504711,-0.5857455158427055,0.07768872622532363,0.060290204514405726,0.9415597290447423,-0.7474514160713976,-0.46137937932978734,Software—Application,Technology,RIOT
2014Q4,2014,Q4,2015-03-30,2014-12-31,-2370537.0,103106.0,-2354064.0,-0.611948412818267,75934.0,0.7364653851376254,28723853.0,23685123.0,24895783.0,1781968.0,5038730.0,0.0,-96824874.0,48890131.34080219,47661203.34080219,6.114257413934239,13.970948412092698,0.08045518823675918,0.0975710786893528,-0.09055448535253703,6.114257413934239,-0.10008548403991822,474.17348496500875,-5.156018587856063,2.064170464337559,0.0,0.0,0.0,0.003589560216729977,13.770561536458567,-0.08252851732669708,-23.912837642981263,0.7364653851376254,0.04383060497145791,0.9815657102129355,-0.9852818027018625,-0.9254420766975815,0.5793261231281198,0.06427931684969612,0.07485529778317147,0.9211325436194839,-0.8997469179125163,-0.6792645302772021,Software—Application,Technology,RIOT
2014Q3,2014,Q3,2014-11-10,2014-09-30,-2533381.0,60471.0,-2544536.0,-0.64,48080.0,0.795091862214946,31050944.0,25943386.0,27251992.0,1788481.0,5107558.0,0.0,-94454337.0,45851761.596403845,43923923.596403845,6.697222564267778,15.237507135943854,0.07869029682318193,0.09418230912495384,-0.08963801970733293,6.697222564267778,-0.0976503606738149,758.2438126772146,-4.524759757454943,1.7673776891113537,0.0,0.0,0.0,0.0019474770235648874,14.93761409822078,-0.08158788988830742,-19.767558650013342,0.795091862214946,0.0,0.9771223688410697,-0.9697782799887781,-0.9028894477038302,0.9889137089434931,0.022433947040326543,0.021592714554433973,0.9642939268890678,-0.9349651070448889,-0.6897853022003495,Software—Application,Technology,RIOT
2014Q2,2014,Q2,2014-08-11,2014-06-30,-2591519.0,24174.0,-2600692.0,-0.64,24174.0,1.0,33210644.0,28262694.0,29369590.0,1566560.0,4947950.0,0.0,-91920956.0,61184431.27123743,59656110.27123743,7.345028817264214,18.747823256051475,0.06697991162110557,0.07870608513116266,-0.08530455792179915,7.345028817264214,-0.0916939835954775,2531.0015417902473,-5.902371473182082,2.164847812145489,0.0,0.0,0.0,0.0007278991638945635,18.57631306812379,-0.07803278370633222,-27.88211580276378,1.0,0.4285714285714286,0.9764425697017719,-0.990440388336663,-0.9218309998694318,-0.43776165224672065,0.12081831995600562,0.1043659496153931,0.9595889787517698,-0.9856242557872228,-0.8059182612330118,Software—Application,Technology,RIOT
2014Q1,2014,Q1,2014-05-12,2014-03-31,-2947649.0,74903.0,-2903744.0,-1.12,42996.0,0.5740224023069836,17124030.0,11984905.0,13282196.0,1695419.0,5139125.0,0.0,-89329437.0,50724750.996627584,49070009.996627584,4.430843722884666,7.8341672471524735,0.1360871827484535,0.19444134100353735,-0.20284247599730246,4.430843722884666,-0.2459467972420307,677.2058662086644,-4.302136295453392,4.232386572661826,0.0,0.0,0.0,0.004374145572041161,7.584145866007164,-0.1721352391931105,-17.595995689047513,0.5740224023069836,0.032050296235162916,0.9472470747801032,-0.9628344635929468,-0.9625560884601182,0.8657409416359297,0.05819200537290676,0.055847756985521725,0.9350448515173256,-0.9597565345841323,-0.9160304009907363,Software—Application,Technology,RIOT
2013Q4,2013,Q4,2014-03-28,2013-12-31,-3129777.0,23008.0,-3075504.0,-1.1570849142716444,23045.0,1.0016081363004172,18639869.0,12949797.0,14760727.0,2249023.0,5690072.0,0.0,-86381788.0,41274131.98961226,38085827.98961226,4.7875662552252765,6.563172986670212,0.13253199365295967,0.19076584752641296,-0.19944675080232546,4.7875662552252765,-0.24168541020372752,1793.903511370491,-3.2968908000164436,3.187241621595478,0.0,0.0,0.0,0.0012343434387870429,6.358908290399876,-0.16790767145412877,-14.492830503041631,1.0016081363004172,-0.033111530599682394,0.9376719298652694,-0.9905445212928304,-0.9647496824244075,-0.5924556997842465,-0.018777770182514184,-0.0008790020056606298,0.9353223757228794,-0.9839221255714414,-0.928811608971658,Software—Application,Technology,RIOT
2013Q3,2013,Q3,2013-11-07,2013-09-30,-3072090.0,77776.0,-3072803.0,-1.12,56546.0,0.7270366179798395,21781887.0,15869306.0,17847009.0,2400881.0,5912581.0,0.0,-83252011.0,37097414.500974506,35351129.500974506,5.917415076532638,7.433525026854725,0.11978094459860159,0.16440889097481642,-0.1662919671284699,5.917415076532638,-0.1935869155210694,476.97766021619145,-3.0189068761799382,2.3376834816200853,0.0,0.0,0.0,0.003570673192823009,7.2240044383707485,-0.14103874471481742,-14.258326809396126,0.7270366179798395,0.33333333333333326,0.9457210802573685,-0.983473666978691,-0.9616124862838263,1.6611134641630194,0.023064479353460624,0.01940258545833662,0.9372282351450066,-0.939735231015022,-0.9278841126750393,Software—Application,Technology,RIOT
2013Q2,2013,Q2,2013-08-07,2013-06-30,-3144619.0,21249.0,-3133603.0,-1.68,21249.0,1.0,24100827.0,18609146.0,20114239.0,2034446.0,5491681.0,0.0,-80179921.0,16966854.448759813,9597834.448759813,10.088598330669662,9.886838480844416,0.09824256238178052,0.12723458669194168,-0.14938370461603118,10.088598330669662,-0.16898244551362002,798.477784778569,-1.3488799794792161,0.9117481505470382,0.0,0.0,0.0,0.0008816709899622946,9.827282218353302,-0.13047763879637822,-8.838201469569912,1.0,0.2500000000000001,0.9195402709532138,-0.9850112264514453,-0.9413238580887232,0.1390511927097293,-0.12220890317464793,-0.11070534471495669,0.9186883659625756,-0.9752613738153252,-0.8986456719837501,Software—Application,Technology,RIOT
2013Q1,2013,Q1,2013-05-07,2013-03-31,-2802169.0,18655.0,-2821273.0,-2.24,18655.0,1.0,13594152.0,8373053.0,9554399.0,3219604.0,5221099.0,0.0,-77035302.0,18720718.864342414,18921039.864342414,6.72914344404913,2.9675696141513055,0.1980380239973777,0.32152656862437157,-0.2549678216739092,6.72914344404913,-0.334665145437393,1003.5228552314346,-1.6701989480597363,2.2358294954471702,0.0,0.0,0.0,0.0013722812574112752,2.8785024493695497,-0.20613047433926,-7.452589641354876,1.0,-0.11306557490960828,0.8207338631769086,-0.9948016545572562,-0.965965879447954,0.1315661773626107,-0.11903328064636448,-0.15685824260672634,0.9091083953127781,-0.9851847160833412,-0.8917051885680151,Software—Application,Technology,RIOT
2012Q4,2012,Q4,2013-03-26,2012-12-31,-2504098.0,16882.0,-2438737.0,-2.0124600477217256,16486.0,0.9765430636180548,16614791.0,10691000.0,12528358.0,4078953.0,5923791.0,0.0,-74233133.0,22713289.23828792,14788739.238287918,8.59200014144533,3.071464172301078,0.1837774546787859,0.28560695912449724,,8.59200014144533,-0.2342248620334861,1345.414597695055,-2.2676118544769333,2.124524295041429,0.0,0.0,0.0,0.0010160825977287345,2.9764692066812244,-0.15071498642384368,-11.699474314996296,0.9765430636180548,0.8689804656431168,0.8755529313537794,-0.9859503460335045,-0.9577743966545443,0.5364398881640261,-0.017890017710755757,-0.015451601996645609,0.9393767988812329,-0.9924975614123946,-0.8952282110170346,Software—Application,Technology,RIOT
2012Q3,2012,Q3,2012-11-07,2012-09-30,-2460087.0,10730.0,-2401628.0,-15.36,10730.0,1.0,14823696.0,8762408.0,10694271.0,4298225.0,6061288.0,0.0,-71729035.0,2968887.7217461197,-3462906.2782538803,54.50614580741478,2.4880668182796386,0.22969683134354618,0.38858679029782683,,54.50614580741478,-0.28075467382938574,276.69037481324506,-0.30170556181002134,0.33882098639393643,0.0,0.0,0.0,0.0007238410717543048,2.379855405428985,-0.16595638496634038,-5.065142554003422,1.0,-0.6134453781512605,0.16718290371525976,-0.9630459544838658,-0.41458102080038123,-0.6059348488743619,-0.06508384640995013,-0.06877012320351387,0.4646781885490478,-0.8707812078462132,-0.2096541705013018,Software—Application,Technology,RIOT
2012Q2,2012,Q2,2012-08-07,2012-06-30,-2309759.0,27241.0,-2247095.0,-9.52,27229.0,0.9995594875371683,15521909.0,10967557.0,11331170.0,1977815.0,4554352.0,0.0,-69268948.0,3265363.499129376,-4412400.500870625,45.0248451284746,5.729135434810637,0.21081111865814958,0.29835185720940405,,45.0248451284746,-0.21059922460398428,119.86944308686817,-0.3534311912118728,0.29772933928033163,0.0,0.0,0.0,0.0017550032022478677,5.6552928357809,-0.14880637426749507,-2.4008383979105665,0.9995594875371683,0.008331370655837765,0.013168611150355225,-0.9285433961304054,-0.598039005521226,2.839937949513468,-0.19165947383002688,-0.19896094444462228,0.6683327686466716,-0.8298322883098219,-0.5208259610290458,Software—Application,Technology,RIOT
2012Q1,2012,Q1,2012-05-10,2012-03-31,-1938271.0,7275.0,-1874202.0,-9.599981,7091.0,0.9747079037800688,6366610.0,2109603.0,2090985.0,1654095.0,4257007.0,0.0,-66959189.0,6267935.3947773725,8520396.394777372,10.511539956351461,1.2641263047164764,0.5605688113454413,1.691751007180024,,10.511539956351461,-0.9187847192102021,861.5718755707728,-0.8084441487771025,2.9711445209252036,0.0,0.0,0.0,0.0011426803275212398,1.1397338121450098,-0.3044431809078929,-3.5660174574951555,0.9747079037800688,-0.23723841244136193,0.023965844455039978,-0.990533308446524,-0.8826643098548985,-0.8659444948578342,-0.24469553211642506,0.23361601430865425,0.5324812298158917,-0.9513494264026863,-0.9111697011021387,Software—Application,Technology,RIOT
2011Q4,2011,Q4,2012-03-16,2011-12-31,-1557225.0,53283.0,-2445513.0,-7.759200574008192,52896.0,0.9927368954450763,8727845.0,3825878.0,4321044.0,2071926.0,4901967.0,0.0,-65020918.0,8328626.483481752,9264748.483481752,19.0632405552732,2.0855204288184037,0.44732989644064486,1.020478436583707,,19.0632405552732,-0.4070242177089808,156.3092634326474,-1.337094267604513,2.1769189930995583,0.0,0.0,0.0,0.006104943431053141,1.9335845006047514,-0.17842033170845725,-4.209834178715325,0.9927368954450763,0.5746043920915528,0.23935983220252374,-0.941706970263875,-0.6219294751290764,0.3302150132025651,0.4916760515105518,0.18786341300122308,0.5820393200177103,-0.704874255513756,-0.8596394811539427,Software—Application,Technology,RIOT
2011Q3,2011,Q3,2011-11-14,2011-09-30,-3063450.0,40147.0,-3011209.0,-18.239964,39765.0,0.9904849677435424,9965366.0,3610910.0,5327946.0,3312339.0,6354456.0,1312.0,-63463693.0,21467072.347833358,21967558.347833358,21.58899179107601,1.6085147081865714,0.291143546559153,0.8034960716273737,,21.58899179107601,-0.8483872486436937,534.7117430401613,-1.7518706317904125,5.94505882113743,0.0,0.29115853658536583,0.0,0.00402865283623301,1.4479662256791952,-0.30740968269504604,-10.149608876059238,0.9904849677435424,-0.08571434013616451,-0.6854264018634223,-0.9543192971573331,-0.4726215470396247,-0.4346664012852045,-0.09907752757873951,-0.09647949277779315,0.13214003338421856,-0.8632190574721289,-0.859947678542114,Software—Application,Technology,RIOT
2011Q2,2011,Q2,2011-08-09,2011-06-30,-2787292.0,73088.0,-2746252.0,-16.799966,70339.0,0.9623878064798599,12025856.0,6329316.0,7274609.0,2608056.0,5696540.0,1693.0,-60400243.0,23254048.434787698,19743765.434787698,37.84502789354413,2.7892840491155098,0.21602071403482628,0.4104446673226617,,37.84502789354413,-0.440378075608802,318.16506724479666,-2.0857205160768677,3.674022348510913,0.0,1.6237448316597756,0.0,0.0060775715258855586,2.7147699282530744,-0.23177493560541554,-10.327426082842047,0.9623878064798599,0.0,-0.6209243140431338,-0.7151777198310866,-0.24843942898844895,-0.3121149294893109,0.006608373838224214,0.00972229333906435,0.21342405180032936,-0.4313810326926321,-0.7798901141135606,Software—Application,Technology,RIOT
2011Q1,2011,Q1,2011-05-13,2011-03-31,-2805834.0,115081.0,-2773214.0,-16.799966,102254.0,0.8885393766129943,14606773.0,8824951.0,9750876.0,2650254.0,5781822.0,4442.0,-57612951.0,30409140.26086593,24935432.26086593,52.76723689481772,3.6792231989839466,0.18259378714244412,0.30222332112665556,,52.76723689481772,-0.3179432950959161,264.2411889092546,-2.709456462932762,3.4458140629750726,0.0,2.8876632147681223,0.0,0.007878605356569859,3.5652363886631244,-0.19209129901587435,-13.186461340966144,0.8885393766129943,0.06093159161064752,-0.7274398027676968,-0.8044085856962436,0.8206229305899322,6.185294117647059,0.06221592836590315,0.1333310832306724,-0.3354942226235503,-0.7614114408464588,-0.7331181127867352,Software—Application,Technology,RIOT
2010Q4,2010,Q4,2011-04-15,2010-12-31,-2991983.0,88481.0,-3199854.0,-17.890034261523653,-19720.0,-0.22287270713486512,17159105.0,11247437.0,12306621.0,2731350.0,5911668.0,17130.0,-54807117.0,21586912.039307255,15499375.039307255,67.25206436143814,4.505691690922071,0.16437588090987262,0.2507720647824033,,67.25206436143814,-0.26601464849280776,243.9722882800517,-1.803729503084347,1.9192738789563575,0.0,6.31646234676007,0.0,0.00515650437479111,4.361741995716404,-0.17436707800319423,-9.84704203874663,-0.22287270713486512,0.06822553807535384,-0.7353055191289827,-0.8905466740344262,0.8610852790147102,0.7178180985633336,0.019680870234760242,-0.057001052094361467,-0.10628895433104416,-0.45214218748909635,-0.6694880182565452,Software—Application,Technology,RIOT
2010Q3,2010,Q3,2010-11-05,2010-09-30,-3052050.0,80483.0,-3027295.0,-19.199962,-69884.0,-0.868307592907819,19437867.0,13722999.0,14492642.0,2489066.0,5714868.0,139910.0,-51815134.0,18245484.15651956,12002450.156519558,82.0542504021095,5.822522183019655,0.13787114604704312,0.19528683198184305,,82.0542504021095,-0.2224040095025876,226.6998516024447,-1.494526970111856,1.3295551618505226,0.0,1.0747409048674148,0.0,0.004140526324210367,5.714995504337772,-0.15701568489999443,-7.541145230262132,-0.868307592907819,0.11111110082302482,-0.99106780625674,-0.5961634116957331,0.8015339546677693,-3.0578327444051827,0.10817444663598509,0.10622619455680726,0.006836253211499958,-0.7335618116788418,-0.11870276648953182,Software—Application,Technology,RIOT
2010Q2,2010,Q2,2010-08-05,2010-06-30,-3422250.0,76008.0,-3387093.0,-21.599957,33960.0,0.4467950742027155,21891601.0,16247275.0,16846022.0,2372629.0,5644326.0,275784.0,-48763084.0,34218056.66087028,24403132.660870276,99.53791345794507,7.1001500866760034,0.12372370572622807,0.1667054936904804,,99.53791345794507,-0.21063532192321482,450.1901992010088,-2.499675408055393,2.1060797371171645,0.0,0.15246714820294144,0.0,0.00347201650532549,6.920637402644914,-0.15632707722016312,-10.230273961149742,0.4467950742027155,0.09999999166665002,-2.148710707511228,-0.9110310231013736,0.6657645334000372,-0.6330790673552736,0.11602568142673675,0.11686821438628328,-1.1819947079756863,-0.7024607223668269,-0.11137154236218824,Software—Application,Technology,RIOT
2010Q1,2010,Q1,2010-05-07,2010-03-31,-3871436.0,158120.0,-3835320.0,-23.999952,92554.0,0.5853402479129775,16182306.0,9709072.0,11238735.0,3226246.0,6473234.0,295362.0,-45340834.0,76207497.18260327,68172963.18260327,62.13726544300233,3.4835331837683796,0.16903493235142136,0.28173392884510484,,62.13726544300233,-0.39874418482013524,481.95988605238597,-4.921138899274278,7.849102075111119,0.0,0.22198522491044886,0.0,0.009771166111924964,3.350251344751764,-0.23923883283383715,-23.437239642375303,0.5853402479129775,0.27702717945437544,-1.8188627594680689,-0.6712403977141606,4.364927312718464,-0.4159304321486268,0.253623259654523,0.25602006075878847,-1.503983172036159,-0.7357221049691938,-0.3063890776461729,Software—Application,Technology,RIOT
2009Q4,2009,Q4,2010-03-09,2009-12-31,-5186973.0,282568.0,-5155139.0,-33.196202288610706,158464.0,0.5607995243622774,19378111.0,12813728.0,14427431.0,3274820.0,6564383.0,339546.0,-41469398.0,58158353.113047555,47554411.113047555,82.00680951283823,4.405564580648708,0.14257504253123537,0.2156152370332818,,82.00680951283823,-0.4047981196416843,205.8207338164532,-2.8030969658530878,4.538753523802562,0.0,0.3654998144581294,0.0,0.0145818134698475,4.252098130584276,-0.2676717560344246,-15.435466619738145,0.5607995243622774,-0.15264823410445427,-1.8175532419083786,-0.7095417263532402,3.172373304944113,8.519644359005166,-0.35416350663078866,-0.35345840649600513,-2.254248248670309,-0.6029367063856794,0.6263949156814421,Software—Application,Technology,RIOT
2009Q3,2009,Q3,2009-11-05,2009-09-30,-3830389.0,69212.0,-3808864.0,-28.799942,16646.0,0.24050742645783968,15708147.0,9240887.0,10282740.0,3037408.0,6467260.0,696132.0,-36282425.0,58472651.269571625,53659043.269571625,68.96493126557905,3.3853667337414004,0.18015893281365397,0.3062436538830093,,68.96493126557905,-0.41450447343420604,844.8340066689537,-3.8163650786885897,6.327601589498024,0.0,0.07551154091465412,0.0,0.0044061212312311564,3.123092123284063,-0.24384728510625728,-19.655564628839166,0.24050742645783968,0.0,-1.5739093070929526,-0.8544867524612478,1.1457450111085266,1.1986751805215732,-0.013479227770214939,0.0054741347459638535,-1.6305152797491316,-0.9016985261466277,0.6846835234980171,Software—Application,Technology,RIOT
2009Q2,2009,Q2,2009-08-06,2009-06-30,-3779445.0,86878.0,-3829829.0,-28.799942,-83785.0,-0.9643983517115956,18448734.0,12421686.0,13098912.0,2551567.0,6027048.0,649962.0,-32452036.0,75504029.16522314,68872416.16522314,93.96344848975393,5.133673542572074,0.15703511146076474,0.23322912847740637,,93.96344848975393,-0.3042618369197225,869.0811156474957,-4.994386025277728,6.078404265348773,0.0,0.2625738120074712,0.0,0.004709157820802229,4.8091898037558884,-0.20486202467876657,-25.54955830900834,-0.9643983517115956,-0.33333330246907444,-1.4509493740782948,-0.856782540862066,18.01205266283669,-3.6310523988503207,-0.3891147246465875,-0.3895519891617362,-1.7805752184055843,-0.5716842493182456,0.8660105945706187,Software—Application,Technology,RIOT
2009Q1,2009,Q1,2009-05-07,2009-03-31,-2720758.0,98134.0,-2756161.0,-21.599957,-18092.0,-0.18436016059673507,21836827.0,15585261.0,16484442.0,2728981.0,6251566.0,701199.0,-28672591.0,46768583.06086785,36310863.06086785,118.33282209753467,6.040511824743375,0.13777802974763687,0.1930436070335941,,118.33282209753467,-0.1745725015448891,476.57879084586233,-4.29738542171592,3.0008212926859454,0.0,0.16575323125104285,0.0,0.004493967919423458,5.564615876768655,-0.12459493313749291,-20.678536099604788,-0.18436016059673507,-0.163513254902835,-0.8158275781764378,-0.7602771062460706,34.66239034477802,-1.5361227997392284,-0.11275487563725299,-0.0749717816889488,-1.1270120740401468,-0.7882103400590217,3.082826049460039,Software—Application,Technology,RIOT
2008Q4,2008,Q4,2009-03-16,2008-12-31,-2445065.0,118483.0,-2563938.0,-18.56442709954672,33746.0,0.28481723116396446,24186678.0,17887952.0,18870511.0,2745711.0,6298726.0,572286.0,-25951833.0,173832624.99130836,165126575.99130836,135.81625881691937,6.872722948627878,0.1287260697810588,0.17405323985663645,,135.81625881691937,-0.13668781087963564,1467.1524606172054,-17.773824519113845,9.717860657905854,0.0,0.14806757460430625,0.0,0.004898688443282703,6.3815554513931,-0.10109139419642499,23.735567270031574,0.28481723116396446,0.14053407145455338,-0.13608378748177916,-0.5571878682617444,38.18210189738318,-0.6062494165966583,0.10643191119082963,0.11554216954749091,-0.8007205762929267,-0.813888129288658,2.7584815029106307,Software—Application,Technology,RIOT
2008Q3,2008,Q3,2008-11-12,2008-09-30,-2736294.0,227525.0,-2898881.0,-21.599957,85704.0,0.3766794857707944,26291737.0,19986096.0,21104013.0,2771852.0,6305641.0,591602.0,-23506768.0,173064414.0521677,174552140.0521677,154.14947475588875,7.613686805789054,0.12100121038028032,0.15917726003117366,,154.14947475588875,-0.13690987974840108,760.6391124147575,-15.811935235410347,8.659240606678148,0.0,0.23972366557246258,0.0,0.00865385957572906,7.311718302420187,-0.10407429528144146,-2868.724540050519,0.3766794857707944,0.0,-1.322414440725682,-0.6152976917137074,21.739628381590958,3.1210186353849583,0.005227086326541296,-0.02869170522496768,-1.3026036762948312,0.4726266662095024,2.384413500897649,Software—Application,Technology,RIOT
2008Q2,2008,Q2,2008-08-13,2008-06-30,-2750672.0,99775.0,-2818027.0,-21.599957,-40407.0,-0.40498120771736407,29090582.0,22321030.0,23959953.0,3119797.0,6769552.0,562511.0,-20770474.0,177175185.28695595,178378795.28695595,171.9369747575508,7.679971805857881,0.11957320070117539,0.15583752183478988,,171.9369747575508,-0.12323230603605657,1775.7472842591426,-16.10290006287154,7.937590034463282,0.0,0.24920757105194388,0.0,0.0034298041888608487,7.450417447032612,-0.09455541315742669,108.22072624748021,-0.40498120771736407,-0.8000000166667,-0.44316974443354396,-0.788569821973961,26.655021493639122,-1.251407701449077,-0.6810439238080338,-0.4909209708352622,-2.1820491539313576,-0.8531587488196904,1.8773610434604173,Software—Application,Technology,RIOT
2008Q1,2008,Q1,2008-05-15,2008-03-31,-1636288.0,375659.0,-1890125.0,-11.999976,160723.0,0.42784280424533955,30274442.0,25753306.0,25019862.0,1531976.0,4521136.0,488962.0,-18019802.0,161047074.46957204,163145903.46957204,197.71756504648644,16.331758460968057,0.11754347115629744,0.13817888080077953,,197.71756504648644,-0.06353700763700008,428.70548681003794,-24.605551478341834,6.253452448768016,0.0,0.43957608157689143,0.0,0.01240845330856965,15.927614401269993,-0.05404849410601854,-10.00503425875247,0.42784280424533955,0.2579421197873666,-4.12753004163495,-0.5453433750430132,23.777198111207465,1.7007275965787838,0.2231638726535821,0.14935830304154052,-0.4292211799819429,-0.06303517112519211,16.07092124765432,Software—Application,Technology,RIOT
2007Q4,2007,Q4,2008-03-21,2007-12-31,-2106349.0,125783.0,-2221999.0,-16.17121294711062,59511.0,0.47312434907737927,31661972.0,26503678.0,26695149.0,2105469.0,5158294.0,607324.0,-16383514.0,242963752.48695198,229065543.48695198,203.47844579395485,12.678956090068294,0.10986517201139588,0.1312477460675458,,203.47844579395485,-0.07947383755567812,1931.610412273137,-28.837072166928653,9.167171155903418,0.0,0.10912132568447813,0.0,0.003972683697654713,12.316203183233759,-0.0665261468868711,-251.68227828916702,0.47312434907737927,0.15774765871356297,0.21582271298321787,-0.807088587350915,18.509321360655566,3.7396648559064545,0.01665526779566065,7.29020084503328e-05,-0.3725441563643738,-0.8448968661083505,9.352652912674346,Software—Application,Technology,RIOT
2007Q3,2007,Q3,2007-09-30,2007-09-30,-2142025.0,210553.0,-2222161.0,-19.199962,-21722.0,-0.10316642365580163,15874666.0,10853764.0,11036544.0,1876376.0,5020902.0,520145.0,-14277165.0,251860661.21738726,254452649.21738726,93.10621579425944,5.881840313455299,0.23646513255774956,0.3458528304098007,,93.10621579425944,-0.19735319470738447,1196.1865241406547,-29.395158928745843,23.204914094077157,0.0,0.44655817127916253,0.0,0.013263460157208976,5.535641577167902,-0.13493354757826087,-25.183394163617965,-0.10316642365580163,-1.0,-5.626002372646763,-0.7583435356716338,0.0,-1.7281442746044515,-0.9764243560548742,-0.9377885870603121,-0.6544686689673466,-0.491177601079613,1.8968664852920543,Software—Application,Technology,RIOT
2007Q2,2007,Q2,2007-08-10,2007-06-30,-1083788.0,176523.0,-1146751.0,-9.599981,29832.0,0.16899780765112762,16576753.0,12634167.0,11815490.0,904109.0,3942586.0,546849.0,-12135140.0,112193711.99999854,104527809.99999854,112.01297077806937,13.068656544730779,0.21087706380133672,0.2766828236479698,,112.01297077806937,-0.08578230761078273,635.575602046184,-25.879994980567815,8.880182761554325,0.0,0.26824772469182534,0.0,0.010648828513038711,12.403860596454631,-0.06537999329543005,-99.30334357696046,0.16899780765112762,0.0,-1.3502550801964708,-0.6200058661617364,0.0,-0.8199018370833661,-0.24808029812382826,-0.34157287071191333,0.17625280035394558,-0.6589400282714272,21.279912970681288,Software—Application,Technology,RIOT
2007Q1,2007,Q1,2007-05-14,2007-03-31,-868364.0,336037.0,-854781.0,-9.599981,165643.0,0.49293083797319937,12102530.0,7861817.0,7377557.0,665801.0,4240713.0,418264.0,-11051352.0,70397178.26087147,67251306.26087147,89.58518881469496,11.080723819880115,0.2926175766554596,0.45045731794571153,,89.58518881469496,-0.11045334685353271,209.49234239346106,-20.267185840520643,8.954314029552133,0.0,0.4073838532601419,0.0,0.027765847306307028,10.328294790785835,-0.07175061743288387,-85.8165187095695,0.49293083797319937,0.05890676635511933,-1.2369863087934179,0.29555745731982225,0.0,2.9263060585948613,0.0299874107610625,0.0013493999551368327,0.13022154871061728,0.2319674956827067,25.99861218544245,Software—Application,Technology,RIOT
