Quarters,Year,Quarter,FillingDate,Date,NetIncome,Revenue,OperatingIncome,EPSDiluted,GrossProfit,GrossProfitRatio,TotalAssets,CommonStockEquity,CurrentAssets,CurrentLiability,TotalLiability,Inventory,RetainedEarnings,MarketCap,EnterpriseValue,bookValuePerShare,currentRatio,debtToAssets,debtToEquity,roic,shareholdersEquityPerShare,roe,priceToSalesRatio,peRatio,pbRatio,payoutRatio,inventoryTurnover,dividendYield,assetTurnover,quickRatio,returnOnAssets,priceToFreeCashFlowsRatio,grossProfitMargin,epsdilutedGrowth,fiveYNetIncomeGrowthPerShare,fiveYRevenueGrowthPerShare,fiveYShareholdersEquityGrowthPerShare,grossProfitGrowth,netIncomeGrowth,operatingIncomeGrowth,threeYNetIncomeGrowthPerShare,threeYRevenueGrowthPerShare,threeYShareholdersEquityGrowthPerShare,Industry,Sector,Symbol
2023Q1,2023,Q1,2023-05-22,2023-03-31,-1143000.0,6316000.0,-1312000.0,-0.16,-341000.0,-0.053989867,17831000.0,10882000.0,10876000.0,5322000.0,6949000.0,4390000.0,-54859000.0,12196660.2,12644660.2,1.516759481419348,2.0435926343479895,0.1144074925691212,0.1874655394229002,-0.08836219392336682,1.516759481419348,-0.10503583900018379,1.9310734958834703,-2.6676859580052494,1.1208105311523617,0.0,1.5164009111617311,0.0,0.3542145701306713,0.32356257046223225,-0.0641018451012282,-13.315131222707423,-0.05398986700443319,0.7460317460317459,0.12678501161594583,-0.6699456408364174,-0.797973116980166,-0.7397959183673469,0.7471238938053097,0.7388535031847133,0.7186498428032411,-0.18081029172046403,-0.4669086339260719,Advertising Agencies,Communication Services,CNET
2022Q4,2022,Q4,2023-04-17,2022-12-31,-4520000.0,4422000.0,-5024000.0,-0.63,-196000.0,-0.0443238354,19658000.0,12297000.0,12313000.0,5700000.0,7361000.0,4567000.0,-53525000.0,16413466.999999998,14131466.999999998,1.7231642772364912,2.1601754385964913,0.10728456607996745,0.17150524518175164,-0.3064792691090907,1.7231642772364912,-0.3675693258518338,3.7117745364088646,-0.9078245022123893,1.334753761079938,0.0,1.0111670680972191,0.0,0.22494658663139688,1.0764912280701755,-0.22993183436768747,13.453661475409834,-0.04432383536861149,-0.575,0.7449443769006938,-0.8998060020475096,-0.7202800257238698,-2.843137254901961,-0.5915492957746479,-1.7438558164937192,-4.36958121905976,-0.8855669788120145,-0.4852941354996692,Advertising Agencies,Communication Services,CNET
2022Q3,2022,Q3,2022-11-18,2022-09-30,-2840000.0,7216000.0,-1831000.0,-0.4,-51000.0,-0.0070676275,25000000.0,16759000.0,14384000.0,6561000.0,8241000.0,0.0,-49005000.0,33025950.815,33039950.815,2.3388344345537355,2.192348727328151,0.08672,0.1293633271674921,-0.08736841242197221,2.3388344345537355,-0.16946118503490662,4.576767019817074,-2.907213980193662,1.9706397049346618,0.0,0.0,0.0,0.28864,1.033531473860692,-0.1136,-14.580993737306844,-0.007067627494456763,-0.6666666666666669,0.541394533443542,-0.8201680669135627,-0.7113529042455955,0.37037037037037035,-0.6569428238039673,0.32510136380390714,-2.3745100535978425,-0.7854814542756744,-0.08737166447731501,Advertising Agencies,Communication Services,CNET
2022Q2,2022,Q2,2022-08-19,2022-06-30,-1714000.0,6945000.0,-2713000.0,-0.24,-81000.0,-0.011663067,27157000.0,19490000.0,15612000.0,5789000.0,7667000.0,0.0,-46165000.0,12065571.99,9985571.99,2.74284717106064,2.6968388322680945,0.08741760871966713,0.12180605438686506,-0.11240409803127573,2.74284717106064,-0.0879425346331452,1.7373033822894168,-1.7598558911901983,0.6190647506413546,0.0,0.0,0.0,0.25573516956954007,1.6063223354638108,-0.0631144824538793,-9.621668253588517,-0.011663066954643628,-1.3999999999999997,0.2663152499466509,-0.7766126229473755,-0.6892285910985512,-1.6044776119402986,-1.3905160390516038,-0.7491940683430045,-1.0891382060454031,-0.7923867775545905,0.4120793258757717,Advertising Agencies,Communication Services,CNET
2022Q1,2022,Q1,2022-05-16,2022-03-31,-717000.0,7652000.0,-1551000.0,-0.1,134000.0,0.0175117616,30413000.0,21043000.0,18299000.0,7379000.0,9370000.0,6613000.0,-44451000.0,25809113.5,23297113.5,2.975962347563778,2.4798753218593306,0.07602012297372834,0.1098702656465333,-0.06058543909075888,2.975962347563778,-0.034073088437960364,3.372858533716675,-8.998993549511855,1.2264940122606092,0.0,1.1368516558294268,0.0,0.2516029329563016,1.583276866784117,-0.02357544471114326,-28.99900393258427,0.017511761630946157,0.411764705882353,0.7764437469945762,-0.642976883963927,-0.6684228106403555,-0.8646464646464647,0.3499546690843155,0.19302809573361082,0.7075514056566347,-0.5854099842466184,0.46153371668978843,Advertising Agencies,Communication Services,CNET
2021Q4,2021,Q4,2022-04-15,2021-12-31,-1103000.0,12481000.0,-1922000.0,-0.17,990000.0,0.0793205673,32631000.0,21766000.0,19918000.0,8821000.0,10865000.0,7559000.0,-43734000.0,33093770.0,28318770.0,3.2885343676468413,2.25802063258134,0.07348840060065581,0.11017182762106037,-0.10625929940416147,3.2885343676468413,-0.05067536524855279,2.6515319285313677,-7.500854487760653,1.5204341633740697,0.0,1.5201746262733167,0.0,0.3824890441604609,1.2132411291236822,-0.03380221261990132,-14.604488084730804,0.0793205672622386,-1.8499999999999999,0.8374608398171962,-0.5419668905507893,-0.6641411659296116,22.023255813953487,-1.802181818181818,-0.22109275730622618,0.5349726530073922,-0.35833173057573603,0.3303314412742329,Advertising Agencies,Communication Services,CNET
2021Q3,2021,Q3,2021-11-15,2021-09-30,1375000.0,11900000.0,-1574000.0,0.2,43000.0,0.0036134454,34915000.0,22932000.0,21827000.0,9990000.0,12048000.0,0.0,-42566000.0,44518597.199999996,38188597.199999996,3.2451965939304124,2.1848848848848847,0.06876700558499213,0.1047008547008547,-0.06304156495695434,3.2451965939304124,0.05995988138845282,3.7410585882352936,8.0942904,1.9413307692307693,0.0,0.0,0.0,0.3408277244737219,1.3157157157157158,0.03938135471860232,-32.879318463810925,0.0036134453781512606,1.3636363636363635,1.300305243121422,-0.6785636099228961,-0.6964709065456978,1.1972477064220184,1.3771256171146462,0.8098804203406208,1.2097435489486807,-0.68546008767469,0.17637914567132396,Advertising Agencies,Communication Services,CNET
2021Q2,2021,Q2,2021-08-16,2021-06-30,-3646000.0,14551000.0,-8279000.0,-0.55,-218000.0,-0.014981788193251322,36948000.0,21455000.0,24060000.0,13444000.0,15558000.0,0.0,-43941000.0,65850970.0,56550970.0,3.258114497022595,1.7896459387087176,0.0663635379452203,0.11428571428571428,-0.31380964218680035,3.258114497022595,-0.16993707760428806,4.525528829633702,-4.515288672517828,3.0692598461896994,0.0,0.0,0.0,0.39382375230053046,1.191312109491223,-0.09867922485655516,-35.672248104008666,-0.014981788193251322,-5.583333333333334,0.017339007828965927,-0.4049502301390159,-0.7077701041610234,0.6959553695955369,-6.322627737226277,-3.5614325068870523,0.8151353579213925,-0.6886362335443059,-0.11679073407343099,Advertising Agencies,Communication Services,CNET
2021Q1,2021,Q1,2021-05-19,2021-03-31,685000.0,8396000.0,-1815000.0,0.12,-717000.0,-0.08539780848022868,38627000.0,18424000.0,26540000.0,18181000.0,20267000.0,0.0,-40295000.0,75253675.2,62021675.2,3.2316933273180526,1.4597656894560256,0.06609366505294224,0.13856925749023014,-0.07966124207024357,3.2316933273180526,0.03717976552323057,8.963038970938543,27.464844963503648,4.084545983499782,0.0,0.0,0.0,0.21736091335076502,1.0635828612287552,0.0177337095813809,-15.465202466091245,-0.08539780848022868,1.857142857142857,1.1931776105961358,-0.3397397601351851,-0.7245449830609025,-10.43421052631579,2.1322314049586777,-0.8131868131868132,1.658572728160006,-0.4478539097078973,-0.5695501245964825,Advertising Agencies,Communication Services,CNET
2020Q4,2020,Q4,2021-04-13,2020-12-31,-605000.0,11304000.0,-1001000.0,-0.14,76000.0,0.006723283793347488,20667000.0,12545000.0,12884000.0,8022000.0,8188000.0,0.0,-40980000.0,29162841.75,25252841.75,2.90365221352271,1.606083271004737,0.018725504427347946,0.03084894380231168,-0.12211407463587971,2.90365221352271,-0.04822638501394978,2.5798692277070066,-12.050761053719008,2.3246585691510564,0.0,0.0,0.0,0.5469589200174191,1.0233108950386438,-0.029273721391590457,-14.803472969543147,0.006723283793347488,0.5483870967741935,0.9253001168297745,-0.3211681357771432,-0.7725293962184121,1.1185647425897036,0.5461365341335334,0.28703703703703703,0.943610497311804,-0.5769404152649724,-0.5286522978668207,Advertising Agencies,Communication Services,CNET
2020Q3,2020,Q3,2020-11-13,2020-09-30,-1333000.0,12304000.0,-1404000.0,-0.31,-641000.0,-0.05209687906371912,17010000.0,9185000.0,10102000.0,7756000.0,7885000.0,0.0,-40384000.0,43874915.1,43725915.1,2.1143858578087595,1.3024755028365136,0.020634920634920634,0.03821448013064779,-0.1288942406230785,2.1143858578087595,-0.14512792596624932,3.565906623862159,-8.228603732183046,4.776800772999455,0.0,0.0,0.0,0.7233392122281012,0.4878803506962352,-0.07836566725455614,-76.9735352631579,-0.05209687906371912,-0.40909090909090906,0.6825153623950618,-0.28607695371067937,-0.8559902707967446,-3.151006711409396,-0.37706611570247933,-0.3764705882352941,0.6449375520941449,-0.49420990876075116,-0.7390532103752204,Advertising Agencies,Communication Services,CNET
2020Q2,2020,Q2,2020-08-14,2020-06-30,-968000.0,10416000.0,-1020000.0,-0.22,298000.0,0.028609831029185868,17074000.0,10643000.0,9664000.0,6365000.0,6489000.0,0.0,-39051000.0,21691925.0,20937925.0,2.4532170381374634,1.5183032207384133,0.017629143727304675,0.028281499577186883,-0.09078246890879361,2.4532170381374634,-0.09095179930470731,2.082558083717358,-5.602253357438016,2.038140092079301,0.0,0.0,0.0,0.610050368982078,0.7181461115475255,-0.05669438912967084,-61.450212464589235,0.028609831029185868,0.6140350877192983,0.604663242872184,-0.46549255626609504,-0.8461977663211344,-0.6685205784204672,0.580952380952381,0.5518453427065027,0.3213338764790335,-0.4512563730512621,-0.7220444057813808,Advertising Agencies,Communication Services,CNET
2020Q1,2020,Q1,2020-06-29,2020-03-31,-2310000.0,4384000.0,-2276000.0,-0.57,899000.0,0.2050638686131387,18494000.0,11607000.0,10453000.0,6819000.0,6943000.0,0.0,-38083000.0,19377534.75,18116534.75,2.8452148692443964,1.5329227159407537,0.015897047691143074,0.025329542517446367,-0.19514022321337104,2.8452148692443964,-0.19901783406565005,4.420058109032847,-2.0971357954545455,1.669469695011631,0.0,0.0,0.0,0.2370498540067049,0.8052500366622672,-0.12490537471612415,15.93547265625,0.2050638686131387,-4.0,0.33198416595528607,-0.6123806286963669,-0.827204478062404,-0.7632964718272776,-4.586956521739131,-5.160877513711152,-0.24840343329863307,-0.6454583769410929,-0.6829904954138177,Advertising Agencies,Communication Services,CNET
2019Q4,2019,Q4,2020-05-27,2019-12-31,644000.0,18552000.0,547000.0,0.19,3798000.0,0.20472186287192756,18551000.0,11470000.0,11935000.0,7013000.0,7138000.0,0.0,-35773000.0,19956840.275000002,19044840.275000002,3.347862140466021,1.7018394410380722,0.037248665840116435,0.06024411508282476,0.04074384528966948,3.347862140466021,0.05614646904969486,1.0757244650172488,7.747220603649068,1.739916327375763,0.0,0.0,0.0,1.000053905449841,0.7049764722657921,0.034715109697590424,-12.33426469406675,0.20472186287192756,2.5833333333333335,1.0311172098689565,-0.13965206107061012,-0.8341000435621458,3.257847533632287,2.6597938144329896,2.9890909090909092,1.1833364233394283,0.31528120197693615,-0.6580820057143267,Advertising Agencies,Communication Services,CNET
2019Q3,2019,Q3,2019-11-14,2019-09-30,-388000.0,15508000.0,-275000.0,-0.12,892000.0,0.05751870002579314,18960000.0,8466000.0,13770000.0,10425000.0,10549000.0,0.0,-36417000.0,21472672.0,21382672.0,2.562745800802061,1.320863309352518,0.038080168776371305,0.08528230569336168,-0.028219310958041997,2.562745800802061,-0.04583038034490905,1.3846190353366004,-13.835484536082475,2.5363420741790694,0.0,0.0,0.0,0.8179324894514768,0.6577458033573141,-0.020464135021097046,-8.623563052208835,0.05751870002579314,0.0,0.7679140552631535,-0.30276226855000143,-0.8906282703890298,1.4371584699453552,-0.023746701846965697,0.7749590834697218,0.8187324227288406,-0.10395037782597442,-0.7603017607234832,Advertising Agencies,Communication Services,CNET
2019Q2,2019,Q2,2019-08-19,2019-06-30,-379000.0,15453000.0,-1222000.0,-0.12,366000.0,0.023684721413317802,14671000.0,6376000.0,10210000.0,8222000.0,8349000.0,0.0,-36029000.0,23141681.4,22880681.4,1.942417200506442,1.241790318657261,0.07620475768522936,0.17534504391468006,-0.14777048287738445,1.942417200506442,-0.059441656210790464,1.4975526693845853,-15.264961345646437,3.6294983375156837,0.0,0.0,0.0,1.0533024333719583,0.991607881294089,-0.025833276531933746,-420.7578436363636,0.023684721413317802,0.6571428571428571,0.8447118794160705,-0.18662988725801036,-0.9189169455689257,-0.17194570135746606,0.6669595782073814,-0.6558265582655827,0.7950808028780889,0.26773838093053304,-0.8257788740393988,Advertising Agencies,Communication Services,CNET
2019Q1,2019,Q1,2019-05-20,2019-03-31,-1138000.0,8567000.0,-738000.0,-0.35,442000.0,0.051593323216995446,15075000.0,6683000.0,10608000.0,7358000.0,8444000.0,0.0,-35650000.0,32656974.599999998,32194974.599999998,2.0361913745678084,1.441696113074205,0.06772802653399668,0.15277569953613646,-0.09918765438386513,2.0361913745678084,-0.17028280712254976,3.8119498774366756,-7.174203558875219,4.886574083495436,0.0,0.0,0.0,0.5682918739635158,1.1579233487360696,-0.07548922056384742,-14.386332422907488,0.051593323216995446,0.027777777777777804,0.07082866266414187,-0.09847543938141587,-0.9174640986342539,-0.03070175438596491,-0.0008795074758135445,0.4802816901408451,0.4425455376448496,0.1702331541300815,-0.8264441972783702,Advertising Agencies,Communication Services,CNET
2018Q4,2018,Q4,2019-04-15,2018-12-31,-1137000.0,9324000.0,-1420000.0,-0.36,456000.0,0.0489060489060489,16968000.0,7843000.0,12500000.0,8440000.0,9174000.0,0.0,-34512000.0,21259198.989,18519198.989,2.4719662075316964,1.481042654028436,0.05905233380480905,0.12775723575162565,-0.1550802314644324,2.4719662075316964,-0.1449700369756471,2.2800513716216217,-4.674406110158311,2.710595306515364,0.0,0.0,0.0,0.5495049504950495,1.0340047393364928,-0.067008486562942,-12.61673530504451,0.0489060489060489,0.6129032258064516,0.6559660756097759,-0.23750846814862842,-0.902389529276894,0.16030534351145037,0.614967829326109,0.5761194029850746,0.8088336731585072,-0.23753709628673764,-0.8063474533429968,Advertising Agencies,Communication Services,CNET
2018Q3,2018,Q3,2018-11-19,2018-09-30,-2953000.0,17042000.0,-3350000.0,-0.93,393000.0,0.02306067362985565,20345000.0,8781000.0,15868000.0,10633000.0,11586000.0,0.0,-33375000.0,27234603.599999998,22605603.599999998,2.7586315227294147,1.4923351829210947,0.06340624231998034,0.14690809702767338,-0.3461440572773351,2.7586315227294147,-0.3362942717230384,1.5980872902241519,-2.3056725025397897,3.101537820293816,0.0,0.0,0.0,0.8376505283853527,1.2870309414088217,-0.1451462275743426,42.421500934579434,0.02306067362985565,0.69,-2.4325753992132033,0.28085032917483516,-0.8944319116959023,-0.59400826446281,0.6892887205387206,0.5973557692307693,0.04015601904405314,0.3494918714390131,-0.8121110311570391,Advertising Agencies,Communication Services,CNET
2018Q2,2018,Q2,2018-08-17,2018-06-30,-9504000.0,22520000.0,-8320000.0,-3.0,968000.0,0.04298401420959148,21139000.0,11706000.0,14430000.0,7976000.0,9435000.0,0.0,-30556000.0,39983088.6,35785088.6,3.6889496325704063,1.8091775325977935,0.0420076635602441,0.07585853408508457,-0.7122986770229327,3.6889496325704063,-0.8118913377754997,1.7754479840142097,-1.051743702651515,3.415606406970784,0.0,0.0,0.0,1.0653294857845688,1.4858324974924775,-0.44959553432045035,-10.812084532179558,0.04298401420959148,-15.666666666666666,-13.25623400737868,0.4174549938917787,-0.8560873694938986,0.610648918469218,-15.821238938053098,-3.126984126984127,-4.306651427313523,0.5799504550962467,-0.7687246237907601,Advertising Agencies,Communication Services,CNET
2018Q1,2018,Q1,2018-05-21,2018-03-31,-565000.0,8260000.0,-2016000.0,-0.18,601000.0,0.07276029055690073,32406000.0,23250000.0,18588000.0,8036000.0,8976000.0,0.0,-21052000.0,25839832.704,19270832.704,7.50771114589953,2.3130910900945745,0.02882182311917546,0.04017204301075269,-0.08277998757493364,7.50771114589953,-0.024301075268817203,3.1283090440677968,-11.43355429380531,1.1113906539354839,0.0,0.0,0.0,0.25489106955502067,1.6381284221005474,-0.017435042893291366,-7.12233536493936,0.07276029055690073,0.9274193548387096,-11.794221064473962,-0.3283907766301759,-0.7003932551607924,1.1387900355871887,0.9083089905874716,0.6618017111222949,0.7847650779950396,-0.037934840471707997,-0.5440418648040668,Advertising Agencies,Communication Services,CNET
2017Q4,2017,Q4,2018-04-16,2017-12-31,-6162000.0,15346000.0,-5961000.0,-2.48,281000.0,0.018310960510882313,28560000.0,15286000.0,16900000.0,12963000.0,13097000.0,0.0,-20487000.0,13523439.25,11470439.25,6.160319017959873,1.303710560826969,0.031477591036414565,0.058811984822713596,-0.37665081769658715,6.160319017959873,-0.4031139604867199,0.8812354522351101,-0.5486627413988965,0.8846944426272406,0.0,0.0,0.0,0.5373249299719888,0.989508601403996,-0.21575630252100841,10.152732169669669,0.018310960510882313,-1.8837209302325584,-4.53447386813287,0.33032619077887126,-0.7527676092820195,-0.7933823529411764,-1.9525634882606613,-1.9656716417910447,0.5889054917124774,-0.01738411545140377,-0.6947315588745939,Advertising Agencies,Communication Services,CNET
2017Q3,2017,Q3,2017-11-14,2017-09-30,-2087000.0,13523000.0,-2010000.0,-0.86,1360000.0,0.10056940028100274,29140000.0,19567000.0,14529000.0,9330000.0,9462000.0,0.0,-14325000.0,12074300.0,11593300.0,8.102747157185096,1.5572347266881028,0.025840768702814,0.038483160423161446,-0.0990140162098506,8.102747157185096,-0.10665917105330404,0.8928714042741995,-1.4463703881169143,0.6170746665303828,0.0,0.0,0.0,0.464070006863418,0.9629153269024652,-0.07161976664378861,-8.743157132512671,0.10056940028100274,-1.606060606060606,-2.257332604761529,-0.03378924468557414,-0.6644559788042173,-0.2,-1.6451204055766793,-3.7630331753554502,-0.7077344491636727,-0.168276614682835,-0.6541945475418015,Advertising Agencies,Communication Services,CNET
2017Q2,2017,Q2,2017-08-14,2017-06-30,-789000.0,10500000.0,-422000.0,-0.33,1700000.0,0.1619047619047619,30253000.0,21181000.0,15141000.0,8874000.0,9003000.0,0.0,-12238000.0,14879132.0,13801132.0,8.825931512671573,1.7062204192021637,0.024394274947939047,0.03484254756621501,-0.0226308948332922,8.825931512671573,-0.03725036589396157,1.4170601904761906,-4.714553865652725,0.7024754260894197,0.0,0.0,0.0,0.34707301755197834,0.8041469461347758,-0.026080058176048658,20.32668306010929,0.1619047619047619,0.26666666666666666,-1.6519999732759085,-0.40841463193679317,-0.6315509363721437,0.33647798742138363,0.27414903403863844,0.5977121067683508,0.5578232399770027,-0.2440647615134948,-0.6315758092235292,Advertising Agencies,Communication Services,CNET
2017Q1,2017,Q1,2017-05-15,2017-03-31,-1087000.0,7264000.0,-1049000.0,-0.45,1272000.0,0.1751101321585903,32816000.0,21509000.0,17515000.0,11145000.0,11272000.0,0.0,-11449000.0,13540225.0,13218225.0,8.975172126017108,1.5715567519066846,0.022092881521209168,0.03370682040076247,-0.0479744192079601,8.975172126017108,-0.0505369845181087,1.8640177588105726,-3.1141271849126038,0.6295143893253987,0.0,0.0,0.0,0.2213554363725012,0.5716464782413638,-0.033124085811799125,-6.746499750871948,0.1751101321585903,0.5631067961165049,-1.1992417471289527,-0.6398402959454808,-0.6169734192852195,-0.2157829839704069,0.5332760841562902,0.5607202680067002,-0.2155099571355933,0.04688762436086876,-0.6361963170132888,Advertising Agencies,Communication Services,CNET
2016Q4,2016,Q4,2017-03-31,2016-12-31,-2329000.0,9352000.0,-2388000.0,-1.03,1622000.0,0.1734388366124893,30042000.0,22242000.0,14475000.0,7620000.0,7746000.0,0.0,-10362000.0,11357905.0,9043905.0,9.791418399784115,1.8996062992125984,0.023999733706144732,0.03241614962683212,-0.10167658823265169,9.791418399784115,-0.10471180649222192,1.2144894140290847,-1.219182589094032,0.5106512453916014,0.0,0.0,0.0,0.3112975168097996,0.8738845144356956,-0.07752479861527195,8.73685,0.1734388366124893,-0.5846153846153846,0.6147035633583137,-0.014343364417760752,-0.6516803739029658,-0.20019723865877712,-0.5822010869565217,-0.750733137829912,0.015712995227059053,0.0681905119961166,-0.6133664950039353,Advertising Agencies,Communication Services,CNET
2016Q3,2016,Q3,2016-11-14,2016-09-30,-1472000.0,11902000.0,-1364000.0,-0.65,2028000.0,0.17039153083515376,32428000.0,24289000.0,17264000.0,7491000.0,7651000.0,0.0,-8033000.0,20446146.0,19649146.0,10.691550378247323,2.304632225337071,0.01384605896139139,0.01848573428300877,-0.05525208047743669,10.691550378247323,-0.060603565399975294,1.717874810956142,-3.4725112092391304,0.8417862406850839,0.0,0.0,0.0,0.36702849389416553,0.7279401949005473,-0.04539287035894906,-9.671781456953642,0.17039153083515376,-0.16071428571428564,-1.8693138447401743,0.21675482860793024,-0.6279825653811252,-0.18782539046856228,-0.15,-0.3805668016194332,-2.0005601142503546,0.25336944626542574,-0.5908527379830021,Advertising Agencies,Communication Services,CNET
2016Q2,2016,Q2,2016-08-15,2016-06-30,-1280000.0,8436000.0,-988000.0,-0.56,2497000.0,0.2959933617828355,32776000.0,25328000.0,16986000.0,6789000.0,6979000.0,0.0,-6561000.0,15618233.125,12742233.125,11.149148473220782,2.5019885108263367,0.0,0.0,-0.046299466882353986,11.149148473220782,-0.05053695514845231,1.8513789858937886,-3.0504361572265624,0.616639021043904,0.0,0.0,0.0,0.2573834513058335,1.0132567388422449,-0.03905296558457408,-19.57172070802005,0.2959933617828355,0.09677419354838701,-1.2639006917147741,-0.42656360907168195,-0.6285995533472433,0.5567331670822943,0.09284195605953224,0.29829545454545453,-3.3057232667798426,-0.25830720717246175,-0.5650514524465621,Advertising Agencies,Communication Services,CNET
2016Q1,2016,Q1,2016-05-16,2016-03-31,-1411000.0,5060000.0,-1408000.0,-0.62,1604000.0,0.31699604743083004,34851000.0,26615000.0,18801000.0,7524000.0,7878000.0,0.0,-5281000.0,19849751.25,16105751.25,11.732199918626184,2.498803827751196,0.0,0.0,-0.05183913178517045,11.732199918626184,-0.05301521698290438,3.9228757411067194,-3.5169651399716515,0.7458106800676311,0.0,0.0,0.0,0.145189521104129,1.0011961722488039,-0.040486643137930045,-18.58590941011236,0.31699604743083004,0.6684491978609626,-1.3051409916084094,-0.5619185441230546,-0.5820396204746112,-0.4571912013536379,0.6484803188839063,0.5623251476530929,-37.79919009690361,-0.4383632626982222,-0.5318085420291894,Advertising Agencies,Communication Services,CNET
2015Q4,2015,Q4,2016-04-14,2015-12-31,-4014000.0,8253000.0,-3217000.0,-1.87,2955000.0,0.3580516175936023,35460000.0,27333000.0,21038000.0,7370000.0,7752000.0,0.0,-3870000.0,22215499.875,16712499.875,12.764955845946275,2.8545454545454545,0.0,0.0,-0.08901171793920028,12.764955845946275,-0.1468554494567007,2.6918090239912758,-1.3836260510089686,0.8127721024036878,0.0,0.0,0.0,0.23274111675126904,1.357259158751696,-0.1131979695431472,5.036386278621627,0.3580516175936023,-0.9278350515463919,-1.5345642267878215,-0.5030804067609193,-0.5211477308056015,1.0020325203252032,-0.928880345987506,-0.21030850263355907,-3.6681062302903142,-0.1709180498217245,-0.487703389710504,Advertising Agencies,Communication Services,CNET
2015Q3,2015,Q3,2015-11-16,2015-09-30,-2081000.0,8542000.0,-2658000.0,-0.97,1476000.0,0.17279325684851324,41275000.0,31612000.0,22399000.0,8485000.0,9846000.0,0.0,144000.0,22370470.03,20429470.03,14.68224313389628,2.6398350029463757,0.0,0.0,-0.07150304831805322,14.68224313389628,-0.06582943186131848,2.618879656988996,-2.6874663659298417,0.7076575360622548,0.0,0.0,0.0,0.20695336159903088,1.4076605774896878,-0.05041792852816475,-5.973423238985314,0.17279325684851324,-0.732142857142857,-1.3378460367830152,-0.3956238159011799,-0.3524062761242082,-0.35177865612648224,-0.7212572373862697,-0.9718100890207715,-2.406151793190039,-0.31547268486864466,-0.3919915300635872,Advertising Agencies,Communication Services,CNET
2015Q2,2015,Q2,2015-08-14,2015-06-30,-1209000.0,9622000.0,-1348000.0,-0.56,2277000.0,0.2366451881105799,45376000.0,34168000.0,26216000.0,10513000.0,11543000.0,0.0,2225000.0,34541878.5,30714878.5,15.950464303787069,2.493674498240274,0.018027150916784203,0.02394052915008195,-0.03569493005267315,15.950464303787069,-0.035383985015218916,3.589885522760341,-7.142654776674938,1.0109423583469914,0.0,0.0,0.0,0.21205042313117067,1.4648530390944545,-0.02664404090267983,9.91443125717566,0.2366451881105799,0.3411764705882352,-1.1805623822056999,-0.4971582840222279,-0.19238580925316803,1.524390243902439,0.3238255033557047,0.3559483994266603,-2.119274356408689,-0.39265822332977873,-0.33412879663497763,Advertising Agencies,Communication Services,CNET
2015Q1,2015,Q1,2015-05-15,2015-03-31,-1788000.0,5848000.0,-2093000.0,-0.85,902000.0,0.1542407660738714,46706000.0,34732000.0,27218000.0,11220000.0,12284000.0,0.0,3434000.0,42447996.6634,41219996.6634,16.465790532881567,2.4258467023172905,0.020468462296064745,0.027525048946216744,-0.052178516614191935,16.465790532881567,-0.0514799032592422,7.258549361046512,-5.935122575978747,1.2221581441725209,0.0,0.0,0.0,0.12520875262278935,1.1642602495543672,-0.03828201944075708,-15.993970106782216,0.1542407660738714,0.8592715231788081,-1.2900913355785386,-0.6479570367703498,-0.04820284911158089,-0.3962516733601071,0.8349335302806499,0.8136242208370437,-3.1099938172808264,-0.6705747558321059,-0.2973020062430602,Advertising Agencies,Communication Services,CNET
2014Q4,2014,Q4,2015-04-15,2014-12-31,-10832000.0,11286000.0,-11230000.0,-6.04,1494000.0,0.13237639553429026,47430000.0,36186000.0,27681000.0,10414000.0,11521000.0,0.0,5222000.0,25776689.375,21556689.375,20.18000614557198,2.6580564624543883,0.01722538477756694,0.022577792516442822,-0.2872781896044849,20.18000614557198,-0.29934228707234845,2.2839526293638137,-0.5949198987952363,0.7123387325208644,0.0,0.0,0.0,0.2379506641366224,1.5255425388899557,-0.2283786632932743,6.923633998119796,0.13237639553429026,-10.843137254901961,-10.103386569114244,-0.28355464047038953,1.1497969180553151,-0.2786093674553356,-10.942668136714444,-6.665529010238908,-1.2700901178734814,0.5068504098451144,-0.28211706330346764,Advertising Agencies,Communication Services,CNET
2014Q3,2014,Q3,2014-11-19,2014-09-30,-907000.0,12067000.0,-1465000.0,-0.51,2071000.0,0.1716250932294688,52474000.0,41995000.0,29852000.0,9301000.0,10704000.0,0.0,16059000.0,75050217.5,73964217.5,23.431519369014488,3.209547360498871,0.015474330144452491,0.01933563519466603,-0.02962361426379712,23.431519369014488,-0.0215978092630075,6.219459476257562,-20.686388506063945,1.787122693177759,0.0,0.0,0.0,0.22996150474520716,0.6861627781958929,-0.01728475054312612,-312.70923958333333,0.1716250932294688,0.3108108108108108,-1.9855422091585249,0.04559968247748407,1.8033053923598426,0.22110849056603774,0.318557475582269,-0.14992150706436422,-1.6789657801251188,0.5637029599433613,-0.18468945882550106,Advertising Agencies,Communication Services,CNET
2014Q2,2014,Q2,2014-08-19,2014-06-30,-1331000.0,10361000.0,-1274000.0,-0.74,1696000.0,0.16369076343982242,55280000.0,42884000.0,32647000.0,11152000.0,12611000.0,0.0,16966000.0,18348760.75,16437760.75,23.955895768056163,2.927456958393113,0.014688856729377713,0.018934800858128906,-0.03081808582901863,23.955895768056163,-0.031037216677548735,1.7709449618762667,-3.446423882419234,0.427869619205298,0.0,0.0,0.0,0.18742764109985527,0.9780308464849354,-0.02407742402315485,44.862495721271394,0.16369076343982242,-1.0,-1.633552236718561,-0.3139315904162215,3.569215246647449,0.2461425422483468,-0.9925149700598802,-0.9157894736842105,-1.3482450406557691,-0.1062281359817846,-0.2019811728587825,Advertising Agencies,Communication Services,CNET
2014Q1,2014,Q1,2014-07-17,2014-03-31,-668000.0,5183000.0,-665000.0,-0.37,1361000.0,0.26258923403434303,56300000.0,44163000.0,33350000.0,10792000.0,12305000.0,0.0,18297000.0,38935175.25,38086175.25,24.670371812439704,3.0902520385470718,0.014404973357015986,0.0183637886918914,-0.015876556634155648,24.670371812439704,-0.015125784027353215,7.512092465753424,-14.571547623502994,0.8816243291895931,0.0,0.0,0.0,0.09206039076376554,1.2050593031875463,-0.011865008880994671,-17.585896680216802,0.26258923403434303,0.6442307692307693,-1.2334065463077188,-0.7635740105508579,3.2243787350067987,-0.6033226464587583,0.6402800215401184,-0.03582554517133956,-1.1830687200353214,-0.43134389647131277,-0.12111641147629038,Advertising Agencies,Communication Services,CNET
2013Q4,2013,Q4,2014-06-16,2013-12-31,-1857000.0,6871000.0,-642000.0,-1.04,3431000.0,0.4993450734973075,56834000.0,45148000.0,34255000.0,10227000.0,11809000.0,0.0,18965000.0,18718959.0,3227959.0,25.324805722369497,3.3494670969003617,0.014392793046415877,0.01811818906706831,-0.01726827233160489,25.324805722369497,-0.041131390094799325,2.7243427448697424,-2.520053715670436,0.4146132497563569,0.0,0.0,0.0,0.12089594256958863,2.8144128287865455,-0.032674103529577364,7.996137975224263,0.4993450734973075,-2.5999999999999996,-1.286973963993905,-0.8563827603796154,1.3122856615373264,-0.16622114216281894,-2.6022433132010354,-1.4665697674418605,-1.2970366363637433,-0.5030990638635232,-0.04998960956727461,Advertising Agencies,Communication Services,CNET
2013Q3,2013,Q3,2013-11-19,2013-09-30,1159000.0,7481000.0,1376000.0,0.65,4115000.0,0.5500601523860447,60798000.0,46768000.0,37076000.0,12474000.0,14182000.0,0.0,21128000.0,13208214.78,5642214.779999999,26.13130129611657,2.9722623055956388,0.0133721503996842,0.017383681149503935,0.024725209988235144,26.13130129611657,0.024781902155319877,1.765568076460366,2.8490540940465916,0.28241991917550463,0.0,0.0,0.0,0.12304681075035363,1.753968253968254,0.019063127076548572,10.862018733552631,0.5500601523860447,1.7083333333333335,0.2611326009948486,-0.3508648008436246,2.1263025106964855,0.14242087729039424,1.6705069124423964,0.7351828499369483,-0.773638801089214,-0.3632349313927081,0.1525804716449792,Advertising Agencies,Communication Services,CNET
2013Q2,2013,Q2,2013-08-14,2013-06-30,434000.0,8892000.0,793000.0,0.24,3602000.0,0.40508322087269455,57689000.0,45525000.0,35496000.0,9837000.0,11590000.0,0.0,19969000.0,12656401.4419,5838401.4419,25.633258315113686,3.6084172003659654,0.0,0.0,0.009935594973422264,25.633258315113686,0.009533223503569468,1.4233469907669816,7.290553825979263,0.2780099163514552,0.0,0.0,0.0,0.15413683717866491,2.107654772796584,0.007523097990951481,-28.895893702968035,0.40508322087269455,11.0,5.409614576197308,189.83266324668,177.45691238000862,0.39504260263361735,13.466666666666667,14.912280701754385,-0.9218208772226324,-0.439513069957045,0.2978796589294195,Advertising Agencies,Communication Services,CNET
2013Q1,2013,Q1,2013-05-20,2013-03-31,30000.0,7049000.0,-57000.0,0.02,2582000.0,0.3662930912186126,56660000.0,44477000.0,35385000.0,9818000.0,11600000.0,0.0,19535000.0,17083633.875,9916633.875,25.058551835769777,3.6040945202688937,0.0,0.0,0.0029574490531839273,25.058551835769777,0.0006745059244103694,2.423554245283019,142.363615625,0.3841004086381726,0.0,0.0,0.0,0.12440875397105541,2.0763903035241396,0.0005294740557712672,-38.65075537330317,0.3662930912186126,-0.9714285714285714,1.1278681803308528,147.58103696230637,407.578180374841,-0.4573350147120639,-0.9759422614274258,-1.0335294117647058,-0.994215628379795,-0.49570634560233534,0.44849761054876575,Advertising Agencies,Communication Services,CNET
2012Q4,2012,Q4,2013-04-15,2012-12-31,1247000.0,8251000.0,1700000.0,0.7,4758000.0,0.5766573748636529,56918000.0,44224000.0,35421000.0,10245000.0,12073000.0,0.0,19505000.0,18414006.5,9416006.5,24.917119476415955,3.457393850658858,0.0,0.0,0.030445199319166477,24.917119476415955,0.028197358900144718,2.2317302751181676,3.6916612870890133,0.4163803929992764,0.0,0.0,0.0,0.14496292912611125,2.0145436798438263,0.02190871077690713,7.571548725328947,0.5766573748636529,0.01449275362318842,7.780917606956255,133.64811676043252,1118.1889297190517,0.15373423860329777,0.022131147540983605,-0.08993576017130621,0.05881451242931447,-0.47081355267255387,1.654446498717694,Advertising Agencies,Communication Services,CNET
2012Q3,2012,Q3,2012-11-19,2012-09-30,1220000.0,10287000.0,1868000.0,0.69,4124000.0,0.40089433265286284,58452000.0,42861000.0,36746000.0,13061000.0,14938000.0,0.0,18437000.0,10822592.9925,2309592.9924999997,24.148089804459122,2.8134139805527907,0.0,0.0,0.03897643792004519,24.148089804459122,0.028464104897225916,1.052065032808399,2.2177444656762293,0.25250444442500175,0.0,0.0,0.0,0.17599055635393143,1.8771916392312993,0.020871826455895436,8.756143197815534,0.40089433265286284,0.3799999999999999,9.308410838510042,263.87763567836316,297.460292756685,0.09593409513685888,0.36312849162011174,1.311881188118812,0.3385832637372002,-0.09993787296051879,1.889034607527338,Advertising Agencies,Communication Services,CNET
2012Q2,2012,Q2,2012-08-20,2012-06-30,895000.0,13127000.0,808000.0,0.5,3763000.0,0.286661080216348,59831000.0,42517000.0,38023000.0,9265000.0,11200000.0,0.0,17217000.0,15519571.727400001,6947571.727400001,23.9542785799722,4.103939557474366,0.0,0.0,0.02356516217042595,23.9542785799722,0.02105040336806454,1.1822634057591226,4.33507590150838,0.36502038543170967,0.0,0.0,0.0,0.21940131370025573,2.607987048030221,0.014958800621751266,22.427126773699424,0.286661080216348,3.380952380952381,8.562218568356176,385.41902001985727,298.41356591427865,0.5698790154359616,3.4453551912568305,5.029850746268656,-0.5703342226687669,-0.12333314038057881,3.568906793124296,Advertising Agencies,Communication Services,CNET
2012Q1,2012,Q1,2012-05-21,2012-03-31,-366000.0,14935000.0,134000.0,-0.21,2397000.0,0.16049548041513223,59154000.0,41583000.0,36962000.0,9623000.0,11611000.0,0.0,16322000.0,21958619.722799998,12994619.722799998,23.432243551526366,3.8410059233087397,0.0,0.0,-0.0022884212368000163,23.432243551526366,-0.008801673760911911,1.4702791913491797,-14.999057187704917,0.5280672323497583,-0.01366120218579235,0.0,0.0002277010150509787,0.2524765865368361,2.3764938168970176,-0.006187240085201339,62.02999921694914,0.16049548041513223,0.9201520912547528,-6.249497368824183,2559.30028353041,201.1496885969032,-0.2109940750493746,0.9072948328267477,1.0299107142857142,-1.1290026353255775,-0.31277308470324316,3.012370471151775,Advertising Agencies,Communication Services,CNET
2011Q4,2011,Q4,2012-04-16,2011-12-31,-3948000.0,6197000.0,-4480000.0,-2.63,3038000.0,0.49023721155397776,57282000.0,41706000.0,34742000.0,7698000.0,9728000.0,0.0,16688000.0,20400160.0,9705160.0,28.110441290656542,4.513120290984672,0.0,0.0,-0.05196919319161895,28.110441290656542,-0.094662638469285,3.2919412619009196,-1.2918034447821682,0.48914208986716545,-0.07168186423505572,0.0,0.013872440216155166,0.10818407178520303,2.501039230969083,-0.06892217450508013,-2.136366111634726,0.49023721155397776,-4.506666666666667,-24.681977975510343,119.9774716717669,1261.3653423568217,0.012666666666666666,-4.553555355535553,-4.771043771043771,-1.7331101889480018,-0.8443569827631242,1.3466359367489553,Advertising Agencies,Communication Services,CNET
2011Q3,2011,Q3,2011-11-18,2011-09-30,1111000.0,6418000.0,1188000.0,0.75,3000000.0,0.46743533811156124,49668000.0,42838000.0,41898000.0,5250000.0,5821000.0,0.0,21166000.0,20681631.0,-598369.0,28.73937988739863,7.980571428571428,0.0,0.0,0.02507821412467038,28.73937988739863,0.025934917596526448,3.2224417263945155,4.653832358235824,0.4827870348755777,0.0819081908190819,0.0,0.004400039822778001,0.12921800757026658,7.317523809523809,0.022368527019408876,4.873145852968897,0.46743533811156124,-0.5989304812834225,10.009483943336665,195.7813736521636,354.20671839039915,-0.4684620836286322,-0.6289245156980628,-0.6494541162584834,0.45153443370431817,-0.331331007702795,2.4383284046855684,Advertising Agencies,Communication Services,CNET
2011Q2,2011,Q2,2011-08-15,2011-06-30,2994000.0,9081000.0,3389000.0,1.87,5644000.0,0.6215174540248871,49203000.0,42096000.0,34089000.0,6272000.0,6855000.0,0.0,20114000.0,25592011.5,9145011.5,30.019211268328792,5.435108418367347,0.0,0.0,0.07279891004292253,30.019211268328792,0.07112314709236033,2.818193095474067,2.136941508016032,0.6079440208095781,0.03740814963259853,0.0,0.0043763656483195934,0.18456191695628316,4.826211734693878,0.06084994817389183,-20.688772433306386,0.6215174540248871,0.10650887573964507,33.019603512433115,337.3488065455388,374.221447883606,0.1301561874249099,0.06472261735419631,0.11553653719552337,39.527185585624046,245.8263493654699,207.64939538214023,Advertising Agencies,Communication Services,CNET
2011Q1,2011,Q1,2011-05-16,2011-03-31,2812000.0,7024000.0,3038000.0,1.69,4994000.0,0.710990888382688,46465000.0,38724000.0,31403000.0,6041000.0,6646000.0,2000.0,17273000.0,62769297.5,45139297.5,28.07012457005752,5.198311537824863,0.0,0.0,0.06797445899464054,28.07012457005752,0.0726164652411941,8.93640340261959,5.580485197368421,1.6209404374548084,0.060810810810810814,1015.0,0.002724261809684902,0.15116754546432798,4.628372785962589,0.060518669966641556,16.72509925393019,0.710990888382688,-0.400709219858156,72.64868129957257,1547.94591744775,241.16063341249213,-0.3094579646017699,-0.4025918844274485,-0.3486277873070326,16.420561657539462,189.4864214290432,456.44132978578864,Advertising Agencies,Communication Services,CNET
2010Q4,2010,Q4,2011-03-31,2010-12-31,4707000.0,10411000.0,4664000.0,2.82,7232000.0,0.6946498895399097,41996000.0,35781000.0,32773000.0,6153000.0,6285000.0,2000.0,14630000.0,76005132.75,60415132.75,26.657398674170462,5.326344872419957,0.0,0.0,0.12900816441981494,26.657398674170462,0.13155026410664877,7.300464196522909,4.0368139340344165,2.1241757566865096,0.06522200977267899,1589.5,0.004039200891995021,0.2479045623392704,4.535186088087112,0.11208210305743405,-285.73358176691727,0.6946498895399097,0.21551724137931036,34.8447797431578,223.65268979213184,1196.2164343104992,0.24991358451434498,0.21408305390766055,0.2133194588969823,34.8447797431578,223.65268979213184,1196.2164343104992,Advertising Agencies,Communication Services,CNET
2010Q3,2010,Q3,2010-11-15,2010-09-30,3877000.0,8896000.0,3844000.0,2.32,5786000.0,0.6504046762589928,35771000.0,30725000.0,34163000.0,4898000.0,5029000.0,2000.0,11320000.0,70131393.0,47890393.0,22.671997260912814,6.9748877092690895,0.0,0.0,0.12429786561692298,22.671997260912814,0.12618388934092759,7.883474932553957,4.522271924168171,2.2825514401952804,0.0827959762703121,1555.0,0.004577122829999969,0.24869307539627072,6.077174356880359,0.1083838863884152,14.8646445527766,0.6504046762589928,-0.08661417322834654,35.58050569536175,299.0051649282142,279.2164061283754,-0.05209698558322411,-0.07975314502729647,-0.08388941849380362,35.58050569536175,299.0051649282142,279.2164061283754,Advertising Agencies,Communication Services,CNET
2010Q2,2010,Q2,2010-08-16,2010-06-30,4213000.0,12040000.0,4196000.0,2.54,6104000.0,0.5069767441860465,32761000.0,26620000.0,31402000.0,5946000.0,6074000.0,2000.0,7636000.0,60147404.625,42299404.625,19.75010405530029,5.281197443659603,0.0,0.0,0.15518697830701467,19.75010405530029,0.15826446280991735,4.995631613372093,3.5691552708877285,2.2594817665289257,0.00023736055067647758,2968.0,1.6625821284138242e-05,0.36751014926284303,4.3144971409350825,0.12859802814321908,10.292163693531828,0.5069767441860465,0.12888888888888891,47.87685894327721,465.7242328963818,245.86400229642726,0.7435018566123964,0.11014492753623188,0.9552656104380243,47.87685894327721,465.7242328963818,245.86400229642726,Advertising Agencies,Communication Services,CNET
2010Q1,2010,Q1,2010-05-17,2010-03-31,3795000.0,10228000.0,2146000.0,2.25,3501000.0,0.34229565897536174,26816000.0,22468000.0,25474000.0,4220000.0,4348000.0,2000.0,3616000.0,73054800.0,60659800.0,17.299684620312423,6.036492890995261,0.0,0.0,0.0904151123742276,17.299684620312423,0.16890688979882498,7.142628079780994,4.812569169960474,3.251504361758946,0.07509881422924901,3363.5,0.0039011810312258744,0.3814140811455847,4.533175355450237,0.14151998806682578,324.688,0.34229565897536174,2.4090909090909087,103.71037328584498,2394.8085635557386,148.24417506717964,-0.31406739811912227,3.8221092757306225,-0.31916243654822335,103.71037328584498,2394.8085635557386,148.24417506717964,Advertising Agencies,Communication Services,CNET
2009Q4,2009,Q4,2010-03-31,2009-12-31,787000.0,10419000.0,3152000.0,0.66,5104000.0,0.48987426816393126,25764000.0,11133000.0,24361000.0,4939000.0,14631000.0,2000.0,50000.0,80055675.0,66138675.0,9.386936029207174,4.932374974691233,0.0,0.0,15.915515006865046,9.386936029207174,0.07069073924368993,7.683623668298301,25.430646442185516,7.190844785772029,0.0,2657.5,0.0,0.4044014904517932,4.093541202672606,0.030546498990839933,-114.5288626609442,0.48987426816393126,0.2941176470588236,7.404254501006325,253.44362273532667,421.874532697774,0.2457896021479131,0.21450617283950618,0.15627292736610418,7.404254501006325,253.44362273532667,421.874532697774,Advertising Agencies,Communication Services,CNET
2009Q3,2009,Q3,2009-11-16,2009-09-30,648000.0,8126000.0,2726000.0,0.51,4097000.0,0.50418410041841,22471000.0,10548000.0,21588000.0,5367000.0,11923000.0,3000.0,304000.0,68618205.0,54718205.0,8.358532549780339,4.022358859698155,0.0,0.0,0.12460385177961968,8.358532549780339,0.06143344709897611,8.444278242677825,26.47307291666667,6.505328498293515,0.0,1343.0,0.0,0.3616216456766499,3.2608533631451464,0.028837167905300165,38.63637668918919,0.50418410041841,-0.5641025641025641,7.206868906543573,293.2881693618293,102.30796729781326,0.08673740053050398,-0.503448275862069,0.4561965811965812,7.206868906543573,293.2881693618293,102.30796729781326,Advertising Agencies,Communication Services,CNET
2009Q2,2009,Q2,2009-08-14,2009-06-30,1305000.0,9381000.0,1872000.0,1.17,3770000.0,0.40187613260846394,10481000.0,5830000.0,9779000.0,4523000.0,4651000.0,2000.0,5258000.0,48649212.5,45147212.5,5.242890622330218,2.162060579261552,0.0,0.0,0.22336492007007355,5.242890622330218,0.22384219554030874,5.185930337917067,9.319772509578543,8.344633361921098,0.0,2805.5,0.0,0.8950481824253411,1.416758788414769,0.12451101994084533,42.266909209383144,0.40187613260846394,-0.2687500000000001,18.60023480419385,439.7820550985692,64.53286802980162,0.07102272727272728,0.020328381548084442,0.12839059674502712,18.60023480419385,439.7820550985692,64.53286802980162,Advertising Agencies,Communication Services,CNET
2009Q1,2009,Q1,2009-05-14,2009-03-31,1279000.0,9797000.0,1659000.0,1.6,3520000.0,0.3592936613248954,11321000.0,4672000.0,10643000.0,6521000.0,6649000.0,2000.0,3953000.0,35000000.0,32315000.0,5.84,1.6321116393191228,0.0,0.0,0.2727720443045786,5.84,0.2737585616438356,3.5725222006736757,6.841282251759187,7.491438356164384,0.0,3138.5,0.0,0.8653829167034714,0.9440269897255023,0.11297588552248035,23.989033584647018,0.3592936613248954,-0.559228650137741,57.19650599019055,3724.55298190675,49.38161108260646,-0.8360423454179751,-0.5595429715937933,-0.571989374810375,57.19650599019055,3724.55298190675,49.38161108260646,Advertising Agencies,Communication Services,CNET
2008Q4,2008,Q4,2009-03-31,2008-12-31,2903802.0,21468958.0,3876072.0,3.63,21468958.0,1.0,24692000.0,-64876000.0,8234000.0,89568000.0,89568000.0,0.0,-333476000.0,35000000.0,61766000.0,-81.095,0.0919301536262951,1.417463145958205,-0.5394907207596029,-0.2594773061989557,-81.095,-0.044759263826376475,1.6302607699917249,3.0132908510979743,-0.5394907207596029,0.0,0.0,0.0,0.8694701927749878,0.0919301536262951,0.11760092337599222,90.70200762415162,1.0,0.0,36.03153872730028,776.2752920077947,-3634.9915656108597,0.0,0.0,0.0,36.03153872730028,776.2752920077947,-3634.9915656108597,Advertising Agencies,Communication Services,CNET
2008Q2,2008,Q2,2008-08-04,2008-07-31,-25463.0,12055.0,-24713.0,-0.06,12055.0,1.0,25461.0,-66747.0,2634.0,92208.0,92208.0,0.0,-310347.0,20102250.0,20134616.0,-0.14526638809088535,0.028565851119208747,1.374651427673697,-0.5243681363956433,0.7784357577093899,-0.14526638809088535,0.3814853102012076,1667.5445873081708,-197.3672583748969,-301.1708391388377,0.0,0.0,0.0,0.47346922744589764,0.028565851119208747,-1.0000785515101527,-644.2202922702218,1.0,0.5384615384615385,0.16890883604067777,0.3707969486051662,-2.8157393937191975,-0.007328722002635046,0.5760123884374584,0.5874910280592232,0.16890883604067777,0.3707969486051662,-2.8157393937191975,Advertising Agencies,Communication Services,CNET
2008Q1,2008,Q1,2008-05-19,2008-03-31,-60056.0,12144.0,-59909.0,-0.13,12144.0,1.0,57327.0,-28002.0,21760.0,85329.0,85329.0,0.0,-266601.0,19877200.0,19875440.0,-0.06163280039442175,0.2550129498763609,0.34887574790238457,-0.7142346975216056,7.486753311672082,-0.06163280039442175,2.1447039497178775,1636.7918313570487,-82.74443852404423,-709.849296478823,0.0,0.0,0.0,0.2118373541263279,0.2550129498763609,-1.0476040958012804,-716.2180665153317,1.0,-0.3,-3.646308149518141,7.131529301812923,-1.5317054416787108,-0.21117245859045145,-0.29988528386831453,-0.2936235451620565,-3.646308149518141,7.131529301812923,-1.5317054416787108,Advertising Agencies,Communication Services,CNET
2007Q4,2007,Q4,2008-04-11,2007-12-31,-46201.0,15395.0,-46311.0,-0.1,15395.0,1.0,59450.0,-9945.0,17513.0,69395.0,69395.0,0.0,-206545.0,19507950.0,19490437.0,-0.02230340707250121,0.25236688522227824,0.0,0.0,9.31342383107089,-0.02230340707250121,4.645651080945199,1267.1614160441702,-105.5602151468583,-1961.5837104072398,0.0,0.0,0.0,0.25895710681244744,0.25236688522227824,-0.7771404541631624,-698.3336316448899,1.0,-0.25000000000000006,0.0,0.0,0.0,0.5701172870984191,-0.24625053949072076,-0.24394960917564265,0.0,0.0,0.0,Advertising Agencies,Communication Services,CNET
2007Q3,2007,Q3,2007-11-20,2007-09-30,-37072.0,9805.0,-37229.0,-0.08,9805.0,1.0,96855.0,36256.0,55817.0,60599.0,60599.0,0.0,-160344.0,19604768.75,19559269.75,0.08090888600764547,0.921087806729484,0.0,0.0,-2.05367387466902,0.08090888600764547,-1.0225066195939982,1999.4664711881694,-132.2073852907855,540.7317064761694,0.0,0.0,0.0,0.10123380310773837,0.75082097064308,-0.38275773062825874,-786.6766482083383,1.0,-0.14285714285714277,0.0,0.0,0.0,0.16008045433033602,-0.2589825443184134,-0.2464093207003917,0.0,0.0,0.0,Advertising Agencies,Communication Services,CNET
2007Q2,2007,Q2,2007-08-14,2007-06-30,-29446.0,8452.0,-29869.0,-0.07,8452.0,1.0,92017.0,35330.0,46473.0,56687.0,56687.0,0.0,-123271.0,19320131.25,19287761.25,0.0800039854801711,0.8198175948630197,0.0,0.0,-1.6908576280781207,0.0800039854801711,-0.8334559864138126,2285.8650319451017,-164.03018449025336,546.8477568638551,0.0,0.0,0.0,0.09185259245574187,0.5710303949759205,-0.3200060858319658,-307.7973402475744,1.0,-1.3333333333333337,0.0,0.0,0.0,4.8816979819067505,-1.3676127683524966,-1.333515625,0.0,0.0,0.0,Advertising Agencies,Communication Services,CNET
2007Q1,2007,Q1,2007-05-21,2007-03-31,-12437.0,1437.0,-12800.0,-0.03,1437.0,1.0,134164.0,50674.0,84114.0,83490.0,83490.0,0.0,-93826.0,19125925.0,19044887.0,0.11591530867134531,1.0074739489759252,0.0,0.0,-0.5051900382839326,0.11591530867134531,-0.2454315822709871,13309.620737647878,-384.4561590415695,377.4307337095947,0.0,0.0,0.0,0.010710771891118333,0.9706312133189604,-0.09269997913001997,-882.0700548817046,1.0,0.0,0.0,0.0,0.0,0.0,0.0,0.0,0.0,0.0,0.0,Advertising Agencies,Communication Services,CNET
