Quarters,Year,Quarter,FillingDate,Date,NetIncome,Revenue,OperatingIncome,EPSDiluted,GrossProfit,GrossProfitRatio,TotalAssets,CommonStockEquity,CurrentAssets,CurrentLiability,TotalLiability,Inventory,RetainedEarnings,MarketCap,EnterpriseValue,bookValuePerShare,currentRatio,debtToAssets,debtToEquity,roic,shareholdersEquityPerShare,roe,priceToSalesRatio,peRatio,pbRatio,payoutRatio,inventoryTurnover,dividendYield,assetTurnover,quickRatio,returnOnAssets,priceToFreeCashFlowsRatio,grossProfitMargin,epsdilutedGrowth,fiveYNetIncomeGrowthPerShare,fiveYRevenueGrowthPerShare,fiveYShareholdersEquityGrowthPerShare,grossProfitGrowth,netIncomeGrowth,operatingIncomeGrowth,threeYNetIncomeGrowthPerShare,threeYRevenueGrowthPerShare,threeYShareholdersEquityGrowthPerShare,Industry,Sector,Symbol
2023Q1,2023,Q1,2023-05-09,2023-03-31,53721000.0,163359000.0,233330000.0,1.66,163359000.0,1.0,21751614000.0,1421020000.0,17636670000.0,249168000.0,20330594000.0,0.0,974399000.0,589291639.56,900415639.56,44.65919526645592,70.78224330572144,0.10839696769168486,1.659237026924322,0.04857787086841696,44.65919526645592,0.03780453477079844,3.607341129414357,2.7423709515831796,0.41469623197421573,0.06422069581727816,0.0,0.005854486587618949,0.007510201311957816,20.45771527643999,0.002469747762166063,38.435405658752934,1.0,1.1558441558441557,1.1976061733980687,0.8917542276141837,0.5269405138724071,0.25865057901671173,0.8710947023788792,0.36965314017034817,16.096229420784553,0.5664226236612796,0.4532979716160323,Banks—Regional,Financial Services,CUBI
2022Q4,2022,Q4,2023-02-28,2022-12-31,28711000.0,129789000.0,170357000.0,0.77,129789000.0,1.0,20896112000.0,1402961000.0,18902115000.0,230666000.0,19493151000.0,0.0,924134000.0,918597428.06,1868323428.06,43.28328550186514,81.94582209775173,0.0672628477489018,1.0018325527224206,0.04858275524739754,43.28328550186514,0.02046457456764657,7.0776215862669405,7.998654070391138,0.6547562106573169,0.10281773536275295,0.0,0.0032135948891500537,0.006211155453224983,15.462530238526702,0.001373987658565383,-2.854471359062801,1.0,-0.5837837837837838,0.26394683203563296,0.411159904502024,0.44956825902217845,-0.11071142263972537,-0.5507729377894605,0.06854461860765607,0.0074388476271294544,0.21498993264339158,0.2871088153272984,Banks—Regional,Financial Services,CUBI
2022Q3,2022,Q3,2022-11-08,2022-09-30,63912000.0,145947000.0,159429000.0,1.85,145947000.0,1.0,20367621000.0,1386931000.0,18294102000.0,287855000.0,18980690000.0,0.0,898511000.0,956797396.72,1357729396.72,42.73289833371611,63.55318476316201,0.03954300799293153,0.5807044474454749,0.056811008434258715,42.73289833371611,0.04608160031032546,6.555786667214811,3.7426359553761426,0.6898666168107859,0.038490424333458506,0.0,0.002571077229550512,0.007165638048744131,12.005280436330791,0.0031379217042579494,18.87732853349117,1.0,0.10119047619047629,6.806625047587829,0.6237503142592334,0.4424935766798384,-0.15675591351876034,0.08971867007672635,0.4622757456800088,1.2717014822778527,0.42387396255286947,0.30921109565385213,Banks—Regional,Financial Services,CUBI
2022Q2,2022,Q2,2022-08-08,2022-06-30,58650000.0,173078000.0,109028000.0,1.68,173078000.0,1.0,20251996000.0,1353390000.0,18811540000.0,378625000.0,18898606000.0,0.0,837147000.0,1108957682.3999999,1939041682.3999999,41.37211160366997,49.6838296467481,0.05309412464825689,0.7944953043838066,0.0339532515975258,41.37211160366997,0.043335623877817926,6.407271186401506,4.72701484398977,0.8193925493760114,0.035652173913043476,0.0,0.0018855543662177167,0.008546219345490687,9.214359854737538,0.00289601084258559,47.764899961235294,1.0,-0.2500000000000001,1.315859597887374,1.1564571591879844,0.3926410093913912,-0.0571244906408664,-0.23594012584515575,-0.05996568462619522,5.008616856723689,1.1668040771840464,0.30009314614846866,Banks—Regional,Financial Services,CUBI
2022Q1,2022,Q1,2022-05-09,2022-03-31,76761000.0,183564000.0,115983000.0,2.24,183564000.0,1.0,19163708000.0,1377406000.0,18244705000.0,265770000.0,17786302000.0,0.0,780628000.0,1718379700.6200001,1848751700.6200001,41.79399280268949,68.64847424464763,0.02113223599524685,0.29401062577047,0.051980852364825844,41.79399280268949,0.055728666783795046,9.361202090932863,5.596525907101262,1.2475477096948904,0.02374903922564844,0.0,0.0010608831094444681,0.00957873079677482,17.07913609511984,0.004005540055191824,15.108494237708378,1.0,-0.24832214765100663,1.7506815537828744,1.5153893771033637,0.4444281558448489,-0.10933633514153461,-0.24931054041895673,-0.1344875191224208,3.683467753849989,1.1972321771191565,0.3262693034228518,Banks—Regional,Financial Services,CUBI
2021Q4,2021,Q4,2022-02-28,2021-12-31,102254000.0,206098000.0,134005000.0,2.98,206098000.0,1.0,19575028000.0,1366217000.0,18359454000.0,251128000.0,18208811000.0,0.0,705732000.0,2132759005.2,2719486005.2,41.87515095341256,73.10795291644102,0.0564371606518264,0.8086263016782839,0.04811751082071573,41.87515095341256,0.0748446257073364,10.348276088074606,5.21436570989888,1.5610689994342042,0.019940540223365347,0.0,0.0009560386311948978,0.010528618400954523,17.630136822656176,0.005223696231749962,594.248817275007,1.0,-0.08307692307692308,3.4555131255791194,3.022470429429995,0.41780890129639564,-0.13789612823344377,-0.11881904827562434,0.0,4.547585562750969,1.4644656793011241,0.38370988795630184,Banks—Regional,Financial Services,CUBI
2021Q3,2021,Q3,2021-11-08,2021-09-30,116042000.0,239064000.0,0.0,3.25,239064000.0,1.0,19108922000.0,1284299000.0,17228487000.0,0.0,17824623000.0,0.0,607085000.0,1395992676.0600002,748692676.0600002,39.57796049183952,0.0,0.021181414629250148,0.3151555829288974,0.0,39.57796049183952,0.0903543489483368,5.839409848659774,3.007515977103118,1.086968592251493,0.01764878233742955,0.0,0.0014670564073303036,0.012510595835809053,0.0,0.00607266071838066,-60.766668526531156,1.0,0.8895348837209303,3.6187871263865823,1.2040222558885252,0.37139076275151706,0.5100336666308735,0.8917526613521136,0.0,17.785408215383434,2.5584948122465576,0.3128012794646793,Banks—Regional,Financial Services,CUBI
2021Q2,2021,Q2,2021-08-09,2021-06-30,61341000.0,158317000.0,0.0,1.72,158317000.0,1.0,19635108000.0,1250729000.0,18094072000.0,0.0,18384379000.0,0.0,496844000.0,1258582578.75,1133856578.75,38.74670167326913,0.0,0.015572819869389055,0.24447662123449604,0.0,38.74670167326913,0.04904419742406229,7.949762683413657,5.129450851591921,1.0062792009699943,0.05453122707487651,0.0,0.002657751709325414,0.008062955396018194,0.0,0.0031240469876712674,14.780596572559336,1.0,0.7029702970297029,1.6485554609869948,0.8598123683529145,0.541794684514356,0.04527267925524891,0.6762125973493647,0.0,1.5348769871472379,0.8696822736416163,0.30634503429153503,Banks—Regional,Financial Services,CUBI
2021Q1,2021,Q1,2021-05-10,2021-03-31,36595000.0,151460000.0,0.0,1.01,151460000.0,1.0,18817660000.0,1188721000.0,17360902000.0,1201741000.0,17628939000.0,0.0,438802000.0,1014547161.72,1654785161.72,37.28274411203682,14.446458929170262,0.061410504813032014,0.9721389628011956,0.0,37.28274411203682,0.030785188450443795,6.698449502971082,6.930913797786583,0.8534779495945642,0.09293619346905314,0.0,0.003352234502567783,0.008048822223379527,1.697914941738694,0.00194471576168344,5.8832745422915,1.0,-0.3878787878787878,0.7473509665544565,1.0413466237133358,0.6764080567993724,0.03316552749696449,-0.349375955623511,0.0,0.49397992570562005,0.7503980944749129,0.27473260799588806,Banks—Regional,Financial Services,CUBI
2020Q4,2020,Q4,2021-03-02,2020-12-31,56246000.0,146598000.0,0.0,1.65,146598000.0,1.0,18439248000.0,1117086000.0,17203039000.0,1041786000.0,17322162000.0,0.0,438581000.0,575186966.46,1037263966.46,35.30786451054314,16.51302570777492,0.06266150333245694,1.034325915820268,0.0,35.30786451054314,0.0503506444445638,3.9235662591576967,2.5565683180137255,0.5148994495141824,0.06071542865270419,0.0,0.0059371999004387875,0.007950324221464997,1.9044707838270047,0.0030503413154375925,12.408572430858179,1.0,0.11486486486486482,1.687420349450609,0.9996238301029592,0.7138622877123267,0.044249426580998105,0.11345145006433732,0.0,1.5367773457306906,0.632963994275105,0.18246937807282473,Banks—Regional,Financial Services,CUBI
2020Q3,2020,Q3,2020-11-06,2020-09-30,50515000.0,140386000.0,0.0,1.48,140386000.0,1.0,18778727000.0,1051491000.0,17618715000.0,1091891000.0,17727236000.0,0.0,385750000.0,352996044.79999995,1176839044.8,33.362127914697815,16.135965036803125,0.0615195588071545,1.0986865317915226,0.0,33.362127914697815,0.048041305156202,2.514467573689684,1.7469862654657031,0.3357100011317262,0.06794021577749183,0.0,0.009722488539339012,0.007475799610910792,1.4020767640726044,0.002690011948094245,12.858195636178193,1.0,1.4262295081967213,1.8170993918273868,1.1443459945559962,0.6664870260836475,0.24887465527977937,1.223567215423893,0.0,5.353923168737639,0.6083796328502394,0.12617344242603232,Banks—Regional,Financial Services,CUBI
2020Q2,2020,Q2,2020-08-10,2020-06-30,22718000.0,112410000.0,0.0,0.61,112410000.0,1.0,17903118000.0,1007847000.0,17198781000.0,1204341000.0,16895271000.0,0.0,338665000.0,378360643.82,466118643.81999993,32.017920304002935,14.280657222497615,0.0645188173367343,1.1460945957074833,0.0,32.017920304002935,0.022541119832673016,3.3658984415977224,4.163665857689938,0.37541476416559255,0.15908090500924377,0.0,0.00955173340311608,0.006278794565281869,1.493449944824597,0.0012689409744157415,5.254717013221487,1.0,5.261460703225807,0.68306226452239,0.8174748185448468,0.6482182275298579,0.09257909316226855,6.328387096774193,0.0,-0.06775922933755002,0.45551840693862555,0.07776632911394338,Banks—Regional,Financial Services,CUBI
2020Q1,2020,Q1,2020-05-11,2020-03-31,3100000.0,102885000.0,0.0,0.09742135723789459,102885000.0,1.0,12018799000.0,964636000.0,11282382000.0,0.0,11054163000.0,0.0,319529000.0,343105280.43,1651790280.43,30.729551777187144,0.0,0.13020577180798182,1.6222875779050336,0.0,30.729551777187144,0.0032136474276307334,3.334842595422073,27.66978067983871,0.3556836780194809,1.1661290322580644,0.0,0.010536124642178244,0.008560339514788457,0.0,0.0002579292656445956,-8.237426304379142,1.0,-0.8701048570161406,-0.8100885689007147,0.697846757918431,0.8004055132694279,-0.0028204233542684343,-0.8873792051151639,0.0,-0.8833721547562693,0.4801667308987666,0.06203372367439605,Banks—Regional,Financial Services,CUBI
2019Q4,2019,Q4,2020-03-02,2019-12-31,27526000.0,103176000.0,0.0,0.75,103176000.0,1.0,11520717000.0,1052795000.0,10900257000.0,0.0,10467922000.0,0.0,381519000.0,745415217.53,1687655217.53,33.628303206717334,0.0,0.1002320428494164,1.0968374659834061,0.0,33.628303206717334,0.026145640889251944,7.2246958355625335,6.770101154635617,0.7080345342920512,0.13133037855118795,0.0,0.004849646096545528,0.008955692601424026,0.0,0.002389261015612136,28.696304955728362,1.0,0.013513513513513526,0.7943541919103416,0.7589313913428657,1.0408567935742585,0.04631423095254997,0.016995492499815266,0.0,0.24992791480400214,1.0985639584702012,0.13858712234904713,Banks—Regional,Financial Services,CUBI
2019Q3,2019,Q3,2019-11-07,2019-09-30,27066000.0,98609000.0,0.0,0.74,98609000.0,1.0,11723790000.0,1019150000.0,11085480000.0,0.0,10704640000.0,0.0,357608000.0,647581134.9799999,1738741134.98,32.64018955810503,0.0,0.10861487624735687,1.2494510130991512,0.0,32.64018955810503,0.02655742530540156,6.56716055309353,5.981500175312199,0.6354129764804003,0.1335624030148526,0.0,0.005582312091459623,0.008411017256365049,0.0,0.002308639100495659,59.22095427343392,1.0,3.1111111111111116,0.9872218826338479,0.8792942671743221,1.0494097220579957,0.29625880744557787,1.9115748709122202,0.0,0.11960316120473129,-0.055187466864145926,0.13099447010851442,Banks—Regional,Financial Services,CUBI
2019Q2,2019,Q2,2019-08-08,2019-06-30,9296000.0,76072000.0,0.0,0.18,76072000.0,1.0,11182427000.0,991405000.0,10448126000.0,0.0,10191022000.0,0.0,334157000.0,646763101.9200001,2021149101.92,31.822421129005274,0.0,0.13147244332558575,1.4829267554632062,0.0,31.822421129005274,0.009376591806577534,8.501986301398675,17.393586002581756,0.6523702239952391,0.38876936316695354,0.0,0.0055878264997977975,0.006802816597863773,0.0,0.0008313043313405936,127.91991731012659,1.0,-0.5263157894736842,-0.22059387376886663,0.5051028316034929,1.055863466014377,-0.03341719397219893,-0.39792746113989635,0.0,-0.5841229740538177,-0.07407244424870524,0.2662662272212466,Banks—Regional,Financial Services,CUBI
2019Q1,2019,Q1,2019-05-09,2019-03-31,15440000.0,78702000.0,0.0,0.38,78702000.0,1.0,10143894000.0,978373000.0,9439037000.0,0.0,9165521000.0,0.0,328476000.0,581824359.3399999,1722959359.34,31.512448259811976,0.0,0.12409406091980062,1.2866227911031887,0.0,31.512448259811976,0.01578130222318073,7.392751891184467,9.420731206930052,0.5946856253596532,0.2341321243523316,0.0,0.006213215280468357,0.007758558991251289,0.0,0.0015220979241305163,-41.725785953815254,1.0,-0.13636363636363635,0.6334606628902567,0.8477949934137123,1.1003881699089288,-0.028861934082748238,-0.13559511812786923,0.0,-0.24289617456935192,0.08931710392912182,0.41694833388528935,Banks—Regional,Financial Services,CUBI
2018Q4,2018,Q4,2019-03-01,2018-12-31,17862000.0,81041000.0,0.0,0.44,81041000.0,1.0,9833425000.0,956816000.0,9140851000.0,0.0,8876609000.0,0.0,316651000.0,575424668.0,1994207668.0,30.26295563679241,0.0,0.15060042660619266,1.547756308422936,0.0,30.26295563679241,0.018668166084179195,7.100414210091189,8.053754730713246,0.601395323656795,0.20238495129324824,0.0,0.0062823166976220075,0.008241380800687452,0.0,0.0018164576431914617,-37.906763372859025,1.0,5.285714285714286,0.6706337703203152,1.1808958809336074,1.0857627319917877,0.23596516646586038,1.9626803781721678,0.0,-0.145971992008352,0.10617316733374045,0.4689797612971475,Banks—Regional,Financial Services,CUBI
2018Q3,2018,Q3,2018-11-13,2018-09-30,6029000.0,65569000.0,0.0,0.07,65569000.0,1.0,10617104000.0,954812000.0,9920128000.0,0.0,9662292000.0,0.0,302404000.0,731919629.42,1133617629.42,30.147716269729884,0.0,0.1005671603103822,1.1182641190098155,0.0,30.147716269729884,0.006314332036044792,11.162586426817551,30.3499597536905,0.7665588926615919,0.5996019240338365,0.0,0.00493906687933026,0.006175789556172756,0.0,0.0005678572989395225,4.795605049173453,1.0,-0.8870967741935485,-0.3745909856647191,0.8181257594893939,1.1057945499705513,-0.20811342858178042,-0.7452140472467566,0.0,-0.6654080686288619,-0.003314847448767485,0.5059224686750865,Banks—Regional,Financial Services,CUBI
2018Q2,2018,Q2,2018-08-09,2018-06-30,23663000.0,82801000.0,0.0,0.62,82801000.0,1.0,11092846000.0,936227000.0,9903472000.0,0.0,10156619000.0,0.0,299990000.0,895811663.3399999,3329699663.34,29.660388837687492,0.0,0.24210324383841622,2.8685500418167815,0.0,29.660388837687492,0.02527485321401754,10.818850778855326,9.464265555297299,0.9568316907544857,0.15272788741917762,0.0,0.004034330147617567,0.0074643603634270235,0.0,0.002133176643757607,-32.1956463247556,1.0,-0.03125000000000003,1.4722823924376378,1.0870057840954126,1.1187223780372237,-0.029091719237353722,-0.01984094109850054,0.0,0.7482239196566066,0.335045917421397,0.5268572428730717,Banks—Regional,Financial Services,CUBI
2018Q1,2018,Q1,2018-05-09,2018-03-31,24142000.0,85282000.0,0.0,0.64,85282000.0,1.0,10769266000.0,919088000.0,9558572000.0,0.0,9850178000.0,0.0,279942000.0,916024058.4,3248867058.4,29.247501694219693,0.0,0.23662281161965912,2.772589784656094,0.0,29.247501694219693,0.026267343279424822,10.741118388405525,9.485792999751471,0.9966663240081471,0.14973904398972745,0.0,0.00394640289941101,0.007919016950644547,0.0,0.002241749809132767,-17.915939259520037,1.0,0.16363636363636358,0.9751808223394669,0.7936145638141295,0.95218312549787,-0.025549029913846295,0.11690955355077493,0.0,0.4774118470383406,0.40586210105501636,0.7135740762324294,Banks—Regional,Financial Services,CUBI
2017Q4,2017,Q4,2018-02-23,2017-12-31,21615000.0,87518000.0,0.0,0.55,87518000.0,1.0,9839555000.0,920964000.0,9339934000.0,0.0,8918591000.0,0.0,258076000.0,801617860.81,2562531860.81,29.85943244305193,0.0,0.19383366422566875,2.070913738213437,0.0,29.85943244305193,0.023469972767665187,9.159462748348911,9.271545926555632,0.870411721641671,0.16724496877168632,0.0,0.004509630057827304,0.00889450793252337,0.0,0.00219674568616162,4.526919554151277,1.0,3.230769230769231,0.7098097046521178,0.593855892748521,1.0454225917112234,0.028051215787618936,1.7875935001289658,0.0,0.43020424080789277,0.5144165631932113,0.8121290622091653,Banks—Regional,Financial Services,CUBI
2017Q3,2017,Q3,2017-11-03,2017-09-30,7754000.0,85130000.0,0.0,0.13,85130000.0,1.0,10471829000.0,910642000.0,9858033000.0,0.0,9561187000.0,0.0,240076000.0,1002728068.02,2540705068.02,29.624324866717018,0.0,0.1678271293391059,1.9299098877495218,0.0,29.624324866717018,0.008514871925520676,11.778786186068366,32.32938057841114,1.1011221402263458,0.46621098787722465,0.0,0.003605164865024898,0.00812942992098133,0.0,0.0007404628169539437,6.7080188117632895,1.0,-0.7903225806451613,-0.47638889561402437,0.18028604698707418,0.5604939555050802,0.1323640910360606,-0.673130427451311,0.0,-0.4217251540998251,0.6479616056149297,0.8600498408005885,Banks—Regional,Financial Services,CUBI
2017Q2,2017,Q2,2017-08-04,2017-06-30,23722000.0,75179000.0,0.0,0.62,75179000.0,1.0,10883548000.0,910289000.0,9855282000.0,0.0,9973259000.0,0.0,235938000.0,866543147.12,2759314147.12,29.70766430449317,0.0,0.21081921079412705,2.52058522073759,0.0,29.70766430449317,0.026059855716151683,11.526398956091462,9.132273281342215,0.9519428962889809,0.15234803136329145,0.0,0.004170594403765481,0.00690758197602473,0.0,0.002179620101827088,-2.0773586306657044,1.0,-0.07462686567164185,0.4857982822873636,0.7021827503452421,1.3364025303390026,0.11657507797415714,-0.0786499397988115,0.0,1.0222092878939084,0.5123244800873916,0.9192411996759984,Banks—Regional,Financial Services,CUBI
2017Q1,2017,Q1,2017-05-10,2017-03-31,25747000.0,67330000.0,0.0,0.67,67330000.0,1.0,9906636000.0,879817000.0,8873870000.0,0.0,9026819000.0,0.0,215830000.0,958734601.8000001,2204250601.8,28.934628997344696,0.0,0.1415865082758668,1.5942474400926556,0.0,28.934628997344696,0.02926404013561911,14.239337617703848,9.309187495630558,1.089697746008545,0.140404707344545,0.0,0.0037705951086076674,0.006796454417019057,0.0,0.002598964976607599,2.12194396827048,1.0,0.3137254901960785,2.0875913018898804,0.478757223732638,1.1700174318904184,0.4795200843807682,0.2630985086342229,0.0,1.781223559414911,0.6140779845876925,0.928569686038392,Banks—Regional,Financial Services,CUBI
2016Q4,2016,Q4,2017-03-08,2016-12-31,20384000.0,45508000.0,0.0,0.51,45508000.0,1.0,9382736000.0,855872000.0,8873364000.0,736181000.0,8526864000.0,0.0,193698000.0,1037996079.3,1857993079.3,29.535116414577,12.053236907771323,0.11347500345315055,1.244001439467584,0.0,29.535116414577,0.0238166454796979,22.809090254460752,12.7305249129219,1.2127935944860915,0.17665816326530612,0.0,0.0034691845873140764,0.004850184423818383,1.03489902619057,0.0021725006437354733,4.3899364315349185,1.0,-0.203125,1.4766587381140583,-0.11752489808884513,1.2684241982342663,-0.5025306354463867,-0.03799141063759498,0.0,1.0801159201317727,0.33617962965403225,1.0355990948772045,Banks—Regional,Financial Services,CUBI
2016Q3,2016,Q3,2016-11-07,2016-09-30,21189000.0,91479000.0,0.0,0.64,91479000.0,1.0,9602610000.0,789820000.0,9042362000.0,0.0,8812790000.0,0.0,176929000.0,688567583.16,1655394583.1599998,28.859725154070233,0.0,0.12834166960857518,1.560374515712441,0.0,28.859725154070233,0.026827631612266086,7.52705629882268,8.124116088064563,0.8718031743435214,0.11043465949313323,0.0,0.0033983592275157438,0.009526472490291702,0.0,0.0022065875840006,-17.95576257327631,1.0,0.06666666666666674,2.5867871415999413,2.1598304610619237,1.0901375041510535,0.28094938038227263,0.09053010808028822,0.0,1.543646917336955,1.935447255974565,1.01582937159683,Banks—Regional,Financial Services,CUBI
2016Q2,2016,Q2,2016-08-05,2016-06-30,19430000.0,71415000.0,0.0,0.6,71415000.0,1.0,9684625000.0,680562000.0,9107036000.0,0.0,9004063000.0,0.0,158292000.0,680537387.88,2480165387.88,25.130908844373014,0.0,0.21708883926842806,3.089246828356564,0.0,25.130908844373014,0.02854993373123977,9.529334003780718,8.756271074112197,0.9999638355946996,0.09758106021616057,0.0,0.0027860335578422683,0.007374059398273036,0.0,0.0020062728293558088,-2.170690078465896,1.0,0.052631578947368474,52.27008321358005,1.4691399884586147,0.0,0.1389407205396871,0.09780213571388215,0.0,1.3661697233193248,1.0980813903105906,0.7951692825190229,Banks—Regional,Financial Services,CUBI
2016Q1,2016,Q1,2016-05-05,2016-03-31,17699000.0,62703000.0,0.0,0.57,62703000.0,1.0,9038882000.0,599249000.0,8466625000.0,0.0,8439633000.0,0.0,140924000.0,636711815.06,2203106815.06,22.23965934834368,0.0,0.202351684644185,3.052208681199301,0.0,22.23965934834368,0.029535301685943573,10.154407525317767,8.993612846206,1.0625162746370873,0.06859144584439798,0.0,0.0019066710736090231,0.006937030486734975,0.0,0.0019580961450763493,-3.5339894712712576,1.0,-0.017241379310344845,5.257645065360888,1.655498807212264,0.0,0.006436390485056659,-0.004891487686944788,0.0,0.6887737808235662,0.5379747262185625,0.484430641309714,Banks—Regional,Financial Services,CUBI
2015Q4,2015,Q4,2016-02-26,2015-12-31,17786000.0,62302000.0,0.0,0.58,62302000.0,1.0,8401313000.0,553902000.0,7825878000.0,1409660000.0,7847411000.0,0.0,124511000.0,731855810.68,2290812810.68,20.601342805478428,5.551606770426911,0.21705535789465288,3.292188870955512,0.0,20.601342805478428,0.032110373315135166,11.746907172803441,10.286964616552345,1.3212730964683284,0.05656134038007422,0.0,0.0013745877061019443,0.0074157456102397325,0.5992828057829548,0.0021170500372977414,-12.867341995534222,1.0,0.15999999999999992,1.3290980575547677,0.302115256015491,0.5822718922144452,0.1161232533142243,0.16332003401138073,0.0,0.6139665404999533,0.3015994537270175,0.41122749316416973,Banks—Regional,Financial Services,CUBI
2015Q3,2015,Q3,2015-11-04,2015-09-30,15289000.0,55820000.0,0.0,0.5,55820000.0,1.0,7599471000.0,537978000.0,7165305000.0,0.0,7061493000.0,0.0,107731000.0,690630625.9,1491381625.9,20.01943453055316,0.0,0.15582005642234834,2.2011123131429167,0.0,20.01943453055316,0.028419377744071318,12.372458364385524,11.292933251030153,1.283752543598437,0.0,0.0,0.0,0.007345248110032922,0.0,0.002011850561703571,2.449122936192999,1.0,0.282051282051282,1.6357089427761853,0.9636108870283949,0.44988806029236955,0.05418216841985987,0.3230356524749048,0.0,0.18099657300632754,-0.11471933926203974,0.054545773384233796,Banks—Regional,Financial Services,CUBI
2015Q2,2015,Q2,2015-08-07,2015-06-30,11556000.0,52951000.0,0.0,0.39,52951000.0,1.0,7617643000.0,523501000.0,7228579000.0,0.0,7094142000.0,0.0,93422000.0,724652694.2,1919313694.2,19.42577734502267,0.0,0.20823370168436614,3.0300801717666253,0.0,19.42577734502267,0.022074456400274306,13.685344832014504,15.676979365697473,1.3842431899843552,0.0,0.0,0.0,0.00695110022877155,0.0,0.0015170046692920631,-2.792926440299083,1.0,-0.20408163265306117,30.83746642538818,0.8397161933632575,0.0,0.022338494806348225,-0.1717316513761468,0.0,-0.17702287970815012,0.3631871538580992,0.5277685541858136,Banks—Regional,Financial Services,CUBI
2015Q1,2015,Q1,2015-05-08,2015-03-31,13952000.0,51794000.0,0.0,0.49,51794000.0,1.0,7133225000.0,457951000.0,6722309000.0,0.0,6675274000.0,0.0,82373000.0,653597532.84,2063024532.8400002,17.068128013774036,0.0,0.2443845525691395,3.806629966961531,0.0,17.068128013774036,0.030466141574098538,12.619174669652857,11.711538360808486,1.4272215430035091,0.0,0.0,0.0,0.007260951392953398,0.0,0.0019559175548226784,-2.00957915158298,1.0,0.04255319148936174,4.3705692891331855,1.2028418067832696,0.0,0.027862671164913675,0.05873425405979663,0.0,0.896142419907536,0.28916654900514344,0.28006256181911987,Banks—Regional,Financial Services,CUBI
2014Q4,2014,Q4,2015-02-27,2014-12-31,13178000.0,50390000.0,0.0,0.47,50390000.0,1.0,6825370000.0,443145000.0,6394211000.0,1331437000.0,6382225000.0,0.0,68421000.0,523354865.88,1968581865.88,16.47754184056312,4.802488589396269,0.2661027900318957,4.098545622764558,0.0,16.47754184056312,0.02973744485439303,10.386085847985711,9.928571594323873,1.1810014010763972,0.0,0.0,0.0,0.007382749946156765,0.6047849053316079,0.0019307378208067842,-5.395800376109616,1.0,0.07747010020471923,0.7252139550643947,0.05287247258928104,0.2655462099381841,0.12157229344729345,0.1299948550848911,0.0,0.7252139550643947,0.05287247258928104,0.2655462099381841,Banks—Regional,Financial Services,CUBI
2014Q3,2014,Q3,2014-11-07,2014-09-30,11662000.0,44928000.0,0.0,0.436207,44928000.0,1.0,6532435000.0,425799000.0,6108318000.0,0.0,6106636000.0,0.0,55245000.0,480161228.6,1943605228.6,15.926629607928323,0.0,0.2747444100094375,4.215016944614713,0.0,15.926629607928323,0.027388509601948337,10.68734928329772,10.29328649888527,1.1276711044412975,0.0,0.0,0.0,0.006877680374929104,0.0,0.0017852454712522971,-2.997691482547432,1.0,0.13940658818243803,1.0208001217163005,0.5886002923238959,0.1534706474347238,0.03606678350705655,0.1396462425486172,0.0,1.0208001217163005,0.5886002923238959,0.1534706474347238,Banks—Regional,Financial Services,CUBI
2014Q2,2014,Q2,2014-08-08,2014-06-30,10233000.0,43364000.0,0.0,0.382837,43364000.0,1.0,5635728000.0,413740000.0,5195922000.0,0.0,5221988000.0,0.0,43581000.0,534854493.6,1771070493.6,15.47885920201606,0.0,0.2664695670195581,3.6296949775221155,0.0,15.47885920201606,0.02473292405858752,12.334067281616088,13.066903488712988,1.2927309266689226,0.0,0.0,0.0,0.0076944806420749905,0.0,0.001815737026343358,-1.461970215801774,1.0,0.25747084907209716,27.423953871001,0.5189957166485205,0.0,0.1828373475900821,0.2577433628318584,0.0,27.423953871001,0.5189957166485205,0.0,Banks—Regional,Financial Services,CUBI
2014Q1,2014,Q1,2014-05-08,2014-03-31,8136000.0,36661000.0,0.0,0.30445,36661000.0,1.0,5014231000.0,400938000.0,4541022000.0,0.0,4613293000.0,0.0,79144000.0,507018466.266,1186801466.266,15.003154517471087,0.0,0.19349926239935894,2.4199502167417406,0.0,15.003154517471087,0.020292414288493484,13.829913703008646,15.579475979166666,1.2645807238675306,0.0,0.0,0.0,0.007311390320868743,0.0,0.0016225818076590409,6.410003619130698,1.0,-0.09960666016029335,2.9734049552237174,0.5654768415708353,0.0,0.1706047640334632,-0.097103540117634,0.0,2.9734049552237174,0.5654768415708353,0.0,Banks—Regional,Financial Services,CUBI
2013Q4,2013,Q4,2014-03-12,2013-12-31,9011000.0,31318000.0,0.0,0.33813,31318000.0,1.0,4153173000.0,386623000.0,3640299000.0,633378000.0,3766550000.0,0.0,71008000.0,495626127.6,1034358127.6,14.509299247039937,5.747435180887242,0.18583381910650001,1.99625992245676,0.0,14.509299247039937,0.023306942421945927,15.825599578517147,13.75058616135834,1.2819364797231412,0.0,0.0,0.0,0.00754074053741561,1.1826255411460456,0.002169666421312091,3.730130183410978,1.0,0.11087748578262104,0.1906349613232926,-0.339553543306413,0.11437669821282112,0.012511719634024119,0.08986453797774553,0.0,0.1906349613232926,-0.339553543306413,0.11437669821282112,Banks—Regional,Financial Services,CUBI
2013Q3,2013,Q3,2013-11-07,2013-09-30,8268000.0,30931000.0,0.0,0.304381,30931000.0,1.0,3925112000.0,388885000.0,3412811000.0,0.0,3536227000.0,0.0,61997000.0,397573143.666,379170143.666,14.316551569644574,0.0,0.06044413509729149,0.610077529346722,0.0,14.316551569644574,0.02126078403641179,12.853549631954996,12.021442418541364,1.0223411642670712,0.0,0.0,0.0,0.007880284689965534,0.0,0.002106436708048076,0.7229417564634559,1.0,0.0038057297008511387,0.4100963137427466,0.07643918814438508,0.036862312654647185,-0.0928793477623321,0.005105762217359592,0.0,0.4100963137427466,0.07643918814438508,0.036862312654647185,Banks—Regional,Financial Services,CUBI
2013Q2,2013,Q2,2013-08-09,2013-06-30,8226000.0,34098000.0,0.0,0.303227,34098000.0,1.0,3793258000.0,379773000.0,3597091000.0,0.0,3413485000.0,0.0,53729000.0,388674146.40599996,689989146.4059999,13.999186087402713,0.0,0.1336581903999148,1.3350080179475634,0.0,13.999186087402713,0.02166030760480603,11.3987373572057,11.812367688001459,1.023438070652732,0.0,0.0,0.0,0.008989106462043974,0.0,0.0021685843673169606,-7.415039899383787,1.0,-0.22040395522349684,21.513213100728624,0.17685615051048814,0.0,0.21926625187727955,0.14424815690638476,0.0,21.513213100728624,0.17685615051048814,0.0,Banks—Regional,Financial Services,CUBI
2013Q1,2013,Q1,2013-05-09,2013-03-31,7189000.0,27966000.0,0.0,0.388954,27966000.0,1.0,3458624000.0,276910000.0,3283362000.0,0.0,3181714000.0,0.0,45503000.0,252192524.51289025,610052524.5128902,14.981945757143368,0.0,0.1558423234211062,1.946480806038063,0.0,14.981945757143368,0.0259615037376765,9.017826092858838,8.770083617780298,0.9107382344909547,0.0,0.0,0.0,0.008085874613719212,0.0,0.0020785722877074814,2.8740216357210935,1.0,-0.05103081464854708,3.5211458833074483,0.7266205757108714,0.0,-0.1490125673249551,-0.04982817869415808,0.0,3.5211458833074483,0.7266205757108714,0.0,Banks—Regional,Financial Services,CUBI
2012Q4,2012,Q4,2013-03-18,2012-12-31,7566000.0,32863000.0,0.0,0.40987,32863000.0,1.0,3201234000.0,269475000.0,3058780000.0,423941000.0,2931759000.0,0.0,38314000.0,221208952.50671738,508192952.5067174,14.598172800111293,7.215107762636782,0.14775552177691478,1.7552648668707673,0.0,14.598172800111293,0.028076816031171722,6.73124646279151,7.309309823774696,0.8208885889478333,0.0,0.0,0.0,0.010265728778339853,0.8371117679111009,0.0023634635893533557,-0.8906858345884464,1.0,-0.1159659733066457,0.4430894316020272,0.00039628342421050265,0.12120257001709202,0.01676928312861607,0.14014466546112117,0.0,0.4430894316020272,0.00039628342421050265,0.12120257001709202,Banks—Regional,Financial Services,CUBI
2012Q3,2012,Q3,2012-11-14,2012-09-30,6636000.0,32321000.0,0.0,0.463636,32321000.0,1.0,2654091000.0,261502000.0,2509981000.0,0.0,2392589000.0,0.0,30748000.0,159379109.5612992,39869109.561299205,18.98394079785372,0.0,0.014317519632898797,0.1453143761806793,0.0,18.98394079785372,0.02537647895618389,4.931131758339754,6.0043365567095845,0.6094756811087457,0.0,0.0,0.0,0.012177804001445316,0.0,0.0025002910601030636,-0.17907282226243249,1.0,-0.08928659119882294,1.231766800192115,1.218065946895926,0.3748934345821791,0.7964095153401511,0.02029520295202952,0.0,1.231766800192115,1.218065946895926,0.3748934345821791,Banks—Regional,Financial Services,CUBI
2012Q2,2012,Q2,2012-08-14,2012-06-30,6504000.0,17992000.0,0.0,0.509091,17992000.0,1.0,2283032000.0,158716000.0,2136681000.0,0.0,2124316000.0,0.0,24112000.0,121213907.92044206,179161907.92044204,12.715131026751076,0.0,0.07884252169921403,1.1341011618236347,0.0,12.715131026751076,0.040978855313894,6.737100262363387,4.659206177753769,0.7637157433430912,0.0,0.0,0.0,0.007880748057845883,0.0,0.0028488431173982667,-1.101123779731855,1.0,0.8563635634350806,37.68572484019696,0.3495697844250391,0.0,0.05885122410546139,1.0899742930591259,0.0,37.68572484019696,0.3495697844250391,0.0,Banks—Regional,Financial Services,CUBI
2012Q1,2012,Q1,2012-05-15,2012-03-31,3112000.0,16992000.0,0.0,0.274241,16992000.0,1.0,1975592000.0,151308000.0,1654639000.0,0.0,1824284000.0,0.0,17608000.0,95658173.34689139,17834173.34689139,13.333823301197258,0.0,0.006580306055096396,0.0859174663600074,0.0,13.333823301197258,0.020567319639411004,5.629600597156979,7.684621894833819,0.6322082992762535,0.0,0.0,0.0,0.008600966191399844,0.0,0.0015752240341123066,25.9236242132497,1.0,-0.0344399833686007,2.777592892678151,0.7087332963170772,0.0,-0.15856194909379023,-0.03443996276760782,0.0,2.777592892678151,0.7087332963170772,0.0,Banks—Regional,Financial Services,CUBI
2011Q4,2011,Q4,2012-03-21,2011-12-31,3223000.0,20194000.0,0.0,0.28402273838632963,20194000.0,1.0,2077532000.0,147748000.0,1667830000.0,0.0,1929784000.0,0.0,14496000.0,112539027.46679755,371969027.46679753,13.020102870339258,0.0,0.16028633975313017,2.2538376153991933,0.0,13.020102870339258,0.021814170073368166,5.57289429864304,8.72936917986329,0.7616957756910249,0.053986968662736584,0.0,0.0015461302973436067,0.009720187222146277,0.0,0.0015513599790520675,2.0957378622841683,1.0,0.3583690277741731,0.0,0.0,0.0,0.7572224155934563,0.3744136460554371,0.0,0.0,0.0,0.0,Banks—Regional,Financial Services,CUBI
2011Q3,2011,Q3,2011-11-14,2011-09-30,2345000.0,11492000.0,0.0,0.209091,11492000.0,1.0,1863000000.0,150000000.0,221049000.0,1700000000.0,1713000000.0,0.0,11000000.0,107738243.03555286,177908243.03555286,13.807572514609332,0.13002882352941175,0.006977992485238862,0.08666666666666667,0.0,13.807572514609332,0.015633333333333332,9.375064656765824,11.485953415304143,0.7182549535703524,0.0,0.0,0.0,0.006168545356951154,0.031076470588235296,0.0012587224906065485,-2.111976222444335,1.0,14.840227272727274,0.0,0.0,0.0,-0.0005218298834579927,15.172413793103448,0.0,0.0,0.0,0.0,Banks—Regional,Financial Services,CUBI
2011Q2,2011,Q2,2011-06-30,2011-06-30,145000.0,11498000.0,0.0,0.0132,11498000.0,1.0,,,,,,,,106766262.67586482,,,0.0,0.0,0.0,0.0,,0.0,9.285637734898662,184.0797632342497,0.0,0.0,0.0,0.0,0.0,0.0,0.0,40.21328161049522,1.0,1.0855603881330333,0.0,0.0,0.0,0.2077731092436975,1.0865155131264916,0.0,0.0,0.0,0.0,Banks—Regional,Financial Services,CUBI
2011Q1,2011,Q1,2011-03-31,2011-03-31,-1676000.0,9520000.0,0.0,-0.154277,9520000.0,1.0,,,,,,,,107738243.03555286,,,0.0,0.0,0.0,0.0,,0.0,11.317042335667317,-16.070740309599174,0.0,0.0,0.0,0.0,0.0,0.0,0.0,4.932843873245403,1.0,0.0,0.0,0.0,0.0,0.0,0.0,0.0,0.0,0.0,0.0,Banks—Regional,Financial Services,CUBI
