Quarters,Year,Quarter,FillingDate,Date,NetIncome,Revenue,OperatingIncome,EPSDiluted,GrossProfit,GrossProfitRatio,TotalAssets,CommonStockEquity,CurrentAssets,CurrentLiability,TotalLiability,Inventory,RetainedEarnings,MarketCap,EnterpriseValue,bookValuePerShare,currentRatio,debtToAssets,debtToEquity,roic,shareholdersEquityPerShare,roe,priceToSalesRatio,peRatio,pbRatio,payoutRatio,inventoryTurnover,dividendYield,assetTurnover,quickRatio,returnOnAssets,priceToFreeCashFlowsRatio,grossProfitMargin,epsdilutedGrowth,fiveYNetIncomeGrowthPerShare,fiveYRevenueGrowthPerShare,fiveYShareholdersEquityGrowthPerShare,grossProfitGrowth,netIncomeGrowth,operatingIncomeGrowth,threeYNetIncomeGrowthPerShare,threeYRevenueGrowthPerShare,threeYShareholdersEquityGrowthPerShare,Industry,Sector,Symbol
2023Q1,2023,Q1,2023-05-11,2023-03-31,-1071251.0,61135.0,-1071251.0,-0.0859,24554.0,0.4016357242,6011778.0,5823235.0,6011778.0,188543.0,188543.0,0.0,-1698369.0,16203532.8,10281181.8,0.46719475273935324,31.885447881915532,-0.0313622691988959,-0.03237770758006503,-0.19011704632657828,0.46719475273935324,-0.18396149219463065,265.0451100024536,-3.781451032484451,2.782565498387065,0.0,0.0,0.0,0.010169204518197444,31.427027256381834,-0.17819204235419206,-19.52359888474672,0.401635724216897,-11.873417721518987,-11.503997473611085,-0.5233651566398025,0.0,-0.6100620940462768,-12.035178622934607,-3.6122326844998986,-11.503997473611085,-0.5233651566398025,0.0,Internet Content & Information,Communication Services,ASST
2022Q4,2022,Q4,2023-03-31,2022-12-31,97076.0,62969.0,-232263.0,0.0079,62969.0,1.0,373021.0,153783.0,373021.0,219238.0,219238.0,0.0,-627118.0,43487500.0,43564913.0,0.012553714285714286,1.7014431804705388,0.5752759228032738,1.3954078149080198,0.2635263713681513,0.012553714285714286,0.6312531294096226,690.6176054884149,111.99343813094895,282.78483317401793,0.0,0.0,0.0,0.16880819042359546,0.6256990120325856,0.2602427209191976,-207.4518072576529,1.0,2.1617647058823533,6.132172507530673,-0.7162165207241393,2.5649906113081578,-0.22655808583290343,2.1604604736231816,-1.7765053255711092,6.132172507530673,-0.7162165207241393,2.5649906113081578,Internet Content & Information,Communication Services,ASST
2022Q3,2022,Q3,2022-09-30,2022-09-30,-83653.0,81414.0,-83653.0,-0.0068,81414.0,1.0,185089.0,31046.0,185089.0,154043.0,154043.0,0.0,-394855.0,43487500.0,43470600.0,0.0025343673469387755,1.201541128126562,0.0,0.0,-2.694485602009921,0.0025343673469387755,-2.694485602009921,534.1526027464564,-129.96395825612947,1400.744057205437,0.0,0.0,0.0,0.43986406539556644,0.10970962653285121,-0.4519609485166596,-437.0603015075377,1.0,0.66,-3.088212295963249,-0.5887994908859494,0.0,0.12041726301882638,0.6587527892338633,0.6587527892338633,-3.088212295963249,-0.5887994908859494,0.0,Internet Content & Information,Communication Services,ASST
2022Q2,2022,Q2,2022-06-30,2022-06-30,-245139.0,72664.0,-245139.0,-0.02,72664.0,1.0,270092.0,113723.0,270092.0,156369.0,156369.0,0.0,-311202.0,43487500.0,43372076.0,0.009283510204081632,1.7272733086481336,0.0,0.0,-2.1555797859711756,0.009283510204081632,-2.1555797859711756,598.4737972035671,-44.34983825503081,382.39845941454234,0.0,0.0,0.0,0.26903425499459444,0.7464650921857913,-0.9076129615094116,-198.9136649514008,1.0,-1.8985507246376814,-8.039773706277641,-0.5986323539971607,0.0,-0.4235715022330813,-1.9113895486935868,-1.9113895486935868,-8.039773706277641,-0.5986323539971607,0.0,Internet Content & Information,Communication Services,ASST
2022Q1,2022,Q1,2022-03-31,2022-03-31,-84200.0,126059.0,-84200.0,-0.0069,126059.0,1.0,,,,,,,,43487500.0,,,0.0,0.0,0.0,0.0,,0.0,344.9773518749157,-129.11965558194774,0.0,0.0,0.0,0.0,0.0,0.0,0.0,-579.2386483210571,1.0,-7.2727272727272725,0.0,0.0,0.0,-0.4318877286595671,-7.186172948350599,-7.186172948350599,0.0,0.0,0.0,Internet Content & Information,Communication Services,ASST
2021Q4,2021,Q4,2021-12-31,2021-12-31,13611.0,221891.0,13611.0,0.0011,221891.0,1.0,58731.0,43137.0,58731.0,15594.0,15594.0,0.0,18137.0,43487500.0,43453769.0,0.0035213877551020407,3.766256252404771,0.0,0.0,0.3155295917657695,0.0035213877551020407,0.3155295917657695,195.98586693466612,798.7565204613915,1008.1252752857175,0.0,0.0,0.0,3.778089935468492,2.16307554187508,0.23175154518056904,11059.893184130213,1.0,1.6586826347305388,0.0,0.0,0.0,0.12071255764150896,1.6651842439644218,1.6651842439644218,0.0,0.0,0.0,Internet Content & Information,Communication Services,ASST
2021Q3,2021,Q3,2021-09-30,2021-09-30,-20462.0,197991.0,-20462.0,-0.00167,197991.0,1.0,,,,,,,,43487500.0,,,0.0,0.0,0.0,0.0,,0.0,219.64382219393812,-531.3202521747629,0.0,0.0,0.0,0.0,0.0,0.0,0.0,-3387.932377687753,1.0,-1.587407667956384,0.0,0.0,0.0,0.09362520092133826,-1.5876170237206364,-1.5876170237206364,0.0,0.0,0.0,Internet Content & Information,Communication Services,ASST
2021Q2,2021,Q2,2021-06-30,2021-06-30,34822.0,181041.0,34822.0,0.002843,181041.0,1.0,,,,,,,,43487500.0,,,0.0,0.0,0.0,0.0,,0.0,240.20801917797627,312.2128252254322,0.0,,0.0,,0.0,0.0,0.0,0.0,1.0,0.0,0.0,0.0,0.0,0.0,0.0,0.0,0.0,0.0,0.0,Internet Content & Information,Communication Services,ASST
