Quarters,Year,Quarter,FillingDate,Date,NetIncome,Revenue,OperatingIncome,EPSDiluted,GrossProfit,GrossProfitRatio,TotalAssets,CommonStockEquity,CurrentAssets,CurrentLiability,TotalLiability,Inventory,RetainedEarnings,MarketCap,EnterpriseValue,bookValuePerShare,currentRatio,debtToAssets,debtToEquity,roic,shareholdersEquityPerShare,roe,priceToSalesRatio,peRatio,pbRatio,payoutRatio,inventoryTurnover,dividendYield,assetTurnover,quickRatio,returnOnAssets,priceToFreeCashFlowsRatio,grossProfitMargin,epsdilutedGrowth,fiveYNetIncomeGrowthPerShare,fiveYRevenueGrowthPerShare,fiveYShareholdersEquityGrowthPerShare,grossProfitGrowth,netIncomeGrowth,operatingIncomeGrowth,threeYNetIncomeGrowthPerShare,threeYRevenueGrowthPerShare,threeYShareholdersEquityGrowthPerShare,Industry,Sector,Symbol
2023Q3,2023,Q3,2023-04-12,2023-03-31,-2153530.0,0.0,-2398714.0,-0.0137,-50465.0,0.0,119808339.0,116402685.0,12020235.0,3492542.0,3492542.0,0.0,-66759277.0,571452125.0715984,560827897.0715984,0.7409231182438154,3.441686599617127,0.0,0.0,-0.01949197391492748,0.7409231182438154,-0.018500690082879103,0.0,-66.3390021350525,4.909269275632245,0.0,0.0,0.0,0.0,3.2054326046759067,-0.017974792222100668,-88.29195753899555,0.0,-0.22321428571428575,-4.50527446630017,0.0,0.2306757346410885,0.013989566440671343,-0.22268791148396533,-0.28559675898805736,-0.3383431287717317,0.0,0.06184182841153465,Other Precious Metals & Mining,Basic Materials,NEWP
2023Q2,2023,Q2,2022-12-31,2022-12-31,-1761308.0,0.0,-1865837.0,-0.0112,-51181.0,0.0,121122229.0,117081625.0,18538490.0,4128183.0,4128183.0,0.0,-64483758.0,477817835.1848999,460504952.1848999,0.7463858767290327,4.490714195567396,0.0,0.0,-0.01498586425104169,0.7463858767290327,-0.015043419494732842,0.0,-67.82144792178596,4.081065967310412,0.0,0.0,0.0,0.0,4.283969242642586,-0.014541575188481712,-68.0099000933571,0.0,0.17647058823529407,-1.0248487718283519,0.0,0.1208509819471898,0.06962243914853393,0.17647592396475503,0.017180304173977444,-0.3680227949352104,0.0,0.0332460952964606,Other Precious Metals & Mining,Basic Materials,NEWP
2023Q1,2023,Q1,2022-09-12,2022-09-30,-2138745.0,0.0,-1898453.0,-0.0136,-55011.0,0.0,122060699.0,117234398.0,25537824.0,4925522.0,4925522.0,0.0,-62613040.0,454228558.89965403,429726278.89965403,0.7482176312711607,5.184795438940279,0.0,0.0,-0.016605794632485734,0.7482176312711607,-0.018243323090207705,0.0,-53.09522160188031,3.8745331289171117,0.0,0.0,0.0,0.0,5.075696951510926,-0.017521978962286626,-80.15898061193246,0.0,0.13375796178343946,0.516732584956064,0.0,0.2880320046680052,-0.06778081872707156,0.1348111932129395,0.11938159900325537,-1.4390393869183893,0.0,0.13480441509240784,Other Precious Metals & Mining,Basic Materials,NEWP
2022Q4,2022,Q4,2022-06-30,2022-06-30,-2471998.0,0.0,-2155818.0,-0.0157,-51519.0,0.0,124078255.0,120280154.0,33188094.0,3869300.0,3869300.0,0.0,-60527857.0,578268061.5609913,548945557.5609913,0.7632278195701794,8.577286330860879,0.0,0.0,-0.018783518865505514,0.7632278195701794,-0.020552002286262454,0.0,-58.4818496577456,4.8076764314833795,0.0,0.0,0.0,0.0,8.453422582896131,-0.019922894628071616,-106.64345601438158,0.0,-1.0128205128205128,0.21985446173124637,0.0,2.2825228936680584,-0.2553056699398163,-1.0064104541211802,-0.3624627518888703,0.4241672048154255,0.0,0.09191123368348325,Other Precious Metals & Mining,Basic Materials,NEWP
2022Q3,2022,Q3,2022-03-31,2022-03-31,-1232050.0,0.0,-1582295.0,-0.0078,-41041.0,0.0,125246140.0,122916766.0,37075018.0,2353255.0,2353255.0,0.0,-58190031.0,626441312.5404085,590649401.5404085,0.7799582240541358,15.754781356036638,0.0,0.0,-0.011044967397280754,0.7799582240541358,-0.010023449526812315,0.0,-127.11361400519633,5.096467576607153,0.0,0.0,0.0,0.0,15.407763289571253,-0.009837029708061263,-175.53231695515464,0.0,-0.039999999999999994,-1.1246973833163223,0.0,1.1168432704103897,0.4093630371585643,-0.062064459179416095,-0.12398065011081434,-1.6187050576530848,0.0,0.31354874002451266,Other Precious Metals & Mining,Basic Materials,NEWP
2022Q2,2022,Q2,2021-12-31,2021-12-31,-1160052.0,0.0,-1407760.0,-0.0075,-69486.0,0.0,125568880.0,123416078.0,40250158.0,2150602.0,2150602.0,0.0,-56781139.0,582773506.606872,543998405.606872,0.7934848974940137,18.715763307204217,0.0,0.0,-0.010203423914793045,0.7934848974940137,-0.00939952086307588,0.0,-125.59210850178957,4.722022576401042,0.0,0.0,0.0,0.0,18.272189833358286,-0.0092383718004015,-136.6737625353976,0.0,-0.22950819672131134,0.8894178397436495,0.0,1.2865540802854725,-4.809380486581389,-0.22714881580158316,0.21140343702980036,-1.4922703378443858,0.0,0.3484807877897065,Other Precious Metals & Mining,Basic Materials,NEWP
2022Q1,2022,Q1,2021-09-30,2021-09-30,-945323.0,0.0,-1785146.0,-0.0061,-11961.0,0.0,126073703.0,123914703.0,43821937.0,2165146.0,2165146.0,0.0,-55485199.0,643413488.4067769,600470459.4067769,0.8009588738191968,20.239714550427546,0.0,0.0,-0.009867955398610472,0.8009588738191968,-0.007628820286160876,0.0,-170.15704907390833,5.192390191233215,0.0,0.0,0.0,0.0,20.050678799489734,-0.007498177474806146,-218.6709572063644,0.0,0.6432748538011696,-1.0478196361886951,0.0,1.1062670769761915,-0.161961640778492,0.6409110486285224,-0.7700955413850404,0.13309209406194059,0.0,0.34132604665805627,Other Precious Metals & Mining,Basic Materials,NEWP
2021Q4,2021,Q4,2021-06-30,2021-06-30,-2632559.415681,0.0,-1008502.6250069999,-0.0171,-10293.799365,0.0,126819124.0,125728147.0,47452145.0,1094567.0,1094567.0,0.0,-54106972.0,926707723.92738,880266241.92738,0.8184309100100308,43.352435255219646,0.0,0.0,-0.011507324710733671,0.8184309100100308,-0.020938504849522675,0.0,-88.00444525652385,7.370726015133111,0.0,0.0,0.0,0.0,42.87449192237661,-0.020758378804769224,-534.2431981507713,0.0,-0.40163934426229503,0.4036017607330589,0.0,1.3751991392414342,0.07067944495779784,-0.40188499446944187,0.32210444276152306,-0.29005475685414317,0.0,0.3838223650679622,Other Precious Metals & Mining,Basic Materials,NEWP
2021Q3,2021,Q3,2021-03-31,2021-03-31,-1877871.1706500002,0.0,-1487696.1712439999,-0.0122,-11076.693945,0.0,126194575.731409,125434371.65786,48326948.640962,807964.889209,807964.889209,0.0,-46130103.225091,799841385.3659401,752276370.1951001,0.8165185711555804,59.81317912004099,0.0,0.0,-0.01307325041381421,0.8165185711555804,-0.014970945729071452,0.0,-106.4824624110244,6.376572663413348,0.0,0.0,0.0,0.0,59.379398285712774,-0.014880759808938528,-341.6436420899389,0.0,0.3578947368421052,0.7402096935008812,0.0,1.2437152765519195,0.022860114073073586,0.35532754294117525,-1.1695430926122032,-4.125908477842414,0.0,0.35624003039180857,Other Precious Metals & Mining,Basic Materials,NEWP
2021Q2,2021,Q2,2020-12-31,2020-12-31,-2912907.399856,0.0,-685718.6549140001,-0.019,-11335.832366,0.0,127021184.792497,125879529.627655,50419973.964052,1178500.737162,1178500.737162,0.0,-43980498.133568,1231426262.934804,1186502090.28196,0.8224511017910201,42.78315012807763,0.0,0.0,-0.008707820019201585,0.8224511017910201,-0.02314043759515329,0.0,-105.68704166459939,9.782577569024111,0.0,0.0,0.0,0.0,42.458115874825104,-0.022932453390468316,-738.4241089240164,0.0,-7.260869565217392,0.43298660578583575,-1.0,1.373703820961246,-0.07538566773811366,-7.3524548577613436,0.6328408162273014,-2.432134255186397,0.0,0.2350784678374601,Other Precious Metals & Mining,Basic Materials,NEWP
2021Q1,2021,Q1,2020-09-30,2020-09-30,-348748.655271,0.0,-1867633.1281380001,-0.0023,-10541.17858,0.0,131932483.415013,130448791.985417,52971951.948362,1513673.649295,1513673.649295,0.0,-33546734.550562,979219856.0908848,945776762.7667158,0.8556958700370918,34.995622717640565,0.0,0.0,-0.00443130290173797,0.8556958700370918,-0.002673452547647869,0.0,-701.9524242537711,7.50654598779537,0.0,0.0,0.0,0.0,28.509988189377903,-0.0026433873314880302,-317.53332219830065,0.0,-1.0135294117647058,0.8425137499563434,-1.0,1.4300775149544083,-0.9675780375486509,-1.013987468039375,0.8208895579795059,0.919006989542106,0.0,0.47305225218700353,Other Precious Metals & Mining,Basic Materials,NEWP
2020Q4,2020,Q4,2020-06-30,2020-06-30,24932936.703717,0.0,-10427271.057286002,0.17,-5357.438627,0.0,130924043.05169101,129464077.463758,54008273.539318,1496202.957973,1496202.957973,0.0,-31775306.779909,818756079.5515201,788997442.8550781,0.8775858341782278,36.0968899650395,0.0,0.0,-0.2770464360146659,0.8775858341782278,0.19258575191019062,0.0,8.209583264107232,6.324195063149633,0.0,0.0,0.0,0.0,30.189550940201467,0.1904381817316248,-365.4396399546706,0.0,17.666666666666668,2.7400999607389243,-1.0,0.4462706422204383,-1.2268228201187072,17.501375896618757,-10.175920620686028,9.405838764282665,0.0,2.7743587405803822,Other Precious Metals & Mining,Basic Materials,NEWP
2020Q3,2020,Q3,2020-03-31,2020-03-31,-1510961.077423,0.0,-933012.269073,-0.0102,-2405.866591,0.0,104343426.879143,102937352.277535,29380169.2286,1420726.27274,1420726.27274,0.0,-37637873.360598,752788523.63088,725244547.463908,0.6977716439671636,20.679683196072435,0.0,0.0,-0.011177104688179432,0.6977716439671636,-0.014678452903560367,0.0,-124.55458563412975,7.313074476612201,0.0,0.0,0.0,0.0,20.586204894203018,-0.014480654149619682,-373.5493131962431,0.0,-0.24390243902439024,0.7562644453286818,-1.0,0.9250394116916727,0.10845068026754347,-0.2601391114226335,0.25413308189605216,-1.1633662691413897,0.0,0.8937850300974107,Other Precious Metals & Mining,Basic Materials,NEWP
2020Q2,2020,Q2,2019-12-31,2019-12-31,-1199043.076853,0.0,-1250909.842529,-0.0082,-2698.523276,0.0,106905936.751207,105530447.763479,32836765.752869,1424297.427025,1424297.427025,0.0,-39536159.446363,875777845.881834,850040240.3332111,0.7223698982524376,23.054711136743933,0.0,0.0,-0.011543386682969314,0.7223698982524376,-0.011362058081477732,0.0,-182.5993291626341,8.298816734338876,0.0,0.0,0.0,0.0,22.948682543616137,-0.011215869887969179,-155.8709231613799,0.0,-1.2679738562091505,0.7748798939196596,-1.0,0.9675396932576444,-0.6319347251673,-1.2704299101115215,0.49679809241717615,0.8783093155819196,0.0,1.0816247965664323,Other Precious Metals & Mining,Basic Materials,NEWP
2020Q1,2020,Q1,2019-09-30,2019-09-30,4433840.459284,0.0,-2485900.438132,0.0306,-1653.573047,0.0,95995293.095634,94028298.836682,29394237.800272,2011946.668681,2011946.668681,0.0,-37804105.605076,614602024.6014408,592395833.3338778,0.6593362004237822,14.609849385094483,0.0,0.0,-0.12096276688479658,0.6593362004237822,0.047154319647802506,0.0,34.6540448537412,6.536351632490391,0.0,0.0,0.0,0.0,14.474390960477956,0.04618810273194173,-145.88887734340537,0.0,2.125,2.1567881068986066,-1.0,0.7621280712610289,0.29388006014598456,2.2250867242574297,-10.846139467249373,-0.7566860157397004,0.0,0.7338444919016811,Other Precious Metals & Mining,Basic Materials,NEWP
2019Q4,2019,Q4,2019-06-30,2019-06-30,-3619205.3766409997,0.0,252474.631951,-0.0272,-2341.773619,0.0,94643810.938452,92868439.975625,29855902.650823,1603650.213285,1804076.78245,0.0,-39100406.002438,314066205.09675,292852036.144891,0.6989833935451747,18.617465581639916,0.0,0.0,0.0056387423059897235,0.6989833935451747,-0.03897131660218397,0.0,-21.694417172605736,3.381840000533899,0.0,0.0,0.0,0.0,18.549840115666978,-0.03824027520399207,-115.47242460961645,0.0,-3.158730158730159,0.974444011010145,-1.0,0.10107669431126177,-0.033631780312277905,-3.1557929768395576,1.1504710156382552,0.05197323505443532,0.0,1.0285460072276689,Other Precious Metals & Mining,Basic Materials,NEWP
2019Q3,2019,Q3,2019-03-31,2019-03-31,1678827.890954,0.0,-1677895.446376,0.0126,-2265.578191,0.0,79867446.075494,78890814.859197,17247650.539245,675220.191732,872284.301977,0.0,-36840333.283403,304343933.3343295,295851076.0844795,0.5937794314656194,25.543742249477518,0.0,0.0,6.615100260407549,0.5937794314656194,0.021280397394175022,0.0,45.32089545542768,3.857786662205447,0.0,0.0,0.0,0.0,25.371837959772755,0.02102017747465097,-119.02572655250113,0.0,-0.15999999999999998,1.262000176915965,-1.0,-0.3548637125154905,-0.22890699494872435,-0.16598681390510905,-0.28668046134918923,1.2685421877683316,0.0,0.6316493321103791,Other Precious Metals & Mining,Basic Materials,NEWP
2019Q2,2019,Q2,2018-12-31,2018-12-31,2012951.2565799998,0.0,-1304049.837375,0.015,-1843.571727,0.0,80238621.028905,78178340.418346,18876337.525605,1762169.702576,1955351.937916,0.0,-36114368.993341,200889112.346118,192839122.991992,0.588428774572765,10.71198619407139,0.0,0.0,-0.09568829992312732,0.588428774572765,0.02574819631381716,0.0,24.94957487041045,2.569626206838431,0.0,0.0,0.0,0.0,10.640085028800655,0.025087061950564406,-83.27771107923007,0.0,3.142857142857143,1.2518291438587485,-1.0,-0.37874909941248813,0.3273332090965318,3.1556323233111794,-4.573182199844011,1.451390461434323,-1.0,0.6982841016630106,Other Precious Metals & Mining,Basic Materials,NEWP
2019Q1,2019,Q1,2018-09-30,2018-09-30,-933810.1098280002,0.0,-233986.579052,-0.007,-2740.690862,0.0,80761132.653772,79111531.644492,21747183.071338,1370775.767989,1574427.442512,0.0,-38438318.588865,203560315.24918857,195161862.4508356,0.5971395812485739,15.864872708716073,0.0,0.0,-0.004710551453786954,0.5971395812485739,-0.011803716732780701,0.0,-54.4972455070878,2.5730801947298807,0.0,0.0,0.0,0.0,15.814966325180155,-0.011562617798233492,-54.30426491882605,0.0,0.47368421052631576,0.7729080015489704,-1.0,-0.385656073366562,-2.259878005673565,0.4674824701116959,-29.488022995373566,0.5147725472334798,-1.0,0.6958074948036735,Other Precious Metals & Mining,Basic Materials,NEWP
2018Q4,2018,Q4,2018-06-30,2018-06-30,-1753576.281374,0.0,8213.507097,-0.0133,-840.73418,0.0,79594130.170317,78074065.541363,25070379.409976,1407973.692214,1407973.692214,0.0,-37188343.217762,207330642.26999807,196226541.75296608,0.5914277227119653,17.805999890916652,0.0,0.0,0.00021098826570789712,0.5914277227119653,-0.022460419720873502,0.0,-29.558258239491284,2.655563545107767,0.0,0.0,0.0,0.0,17.766826495991726,-0.022031477417011343,-339.98469783163983,0.0,-4.410256410256411,0.33062049145670325,-1.0,-0.6445356423225956,0.7185033633951461,-4.396882315180327,1.0089391931218235,0.8632334206529818,-1.0,-0.02532092128108521,Other Precious Metals & Mining,Basic Materials,NEWP
2018Q3,2018,Q3,2018-03-31,2018-03-31,516231.096243,0.0,-918819.739664,0.0039,-2986.657994,0.0,85413561.920691,79475748.213193,28234834.792978,968364.810556,5800292.703324,0.0,-36944251.631937,217862530.1169408,203563709.4480598,0.6020457683435975,29.15722926442007,0.0,0.0,0.029373680989608165,0.6020457683435975,0.006495454372549153,0.0,105.50629926329962,2.741245411525117,0.0,0.0,0.0,0.0,29.1220944923671,0.006043900811938223,-71.45129894093773,0.0,1.709090909090909,-0.41297939959626473,-1.0,-0.39255927112405065,0.3622478473128902,1.772657550444255,0.1478140833507833,1.0930602747282248,-1.0,0.6609471619029554,Other Precious Metals & Mining,Basic Materials,NEWP
2018Q2,2018,Q2,2017-12-31,2017-12-31,-668124.055665,0.0,-1078191.6501,-0.0055,-4683.101392,0.0,85613934.791252,80233411.530815,30162315.705765,316363.419483,5278590.059642,0.0,-37734757.057654,175197933.487584,152548058.33847898,0.6659099994116787,95.34071845302518,0.0,0.0,-0.010241738772415061,0.6659099994116787,-0.00832725472988763,0.0,-65.55591435530833,2.1836031915493987,0.0,0.0,0.0,0.0,95.15537406966118,-0.007803917169489431,-107.79008556742374,0.0,0.8049645390070922,-1.0855120301581322,-1.0,-0.34074995280585557,0.14878713991708478,0.7725246810433314,-3.442230566562733,0.8479049690026702,-1.0,0.8137582409639553,Other Precious Metals & Mining,Basic Materials,NEWP
2018Q1,2018,Q1,2017-09-30,2017-09-30,-2937127.679299,0.0,441478.23914,-0.0282,-5501.680733,0.0,65913012.180278,60405952.294584,11133021.369898,387394.097684,5417502.196642,0.0,-37366898.019395,142066334.4978007,138478573.6214007,0.580899875592778,28.73823178116483,0.0,0.0,0.017139299072890433,0.580899875592778,-0.04862314999977814,0.0,-12.092284538657463,2.3518598598525595,0.0,0.0,0.0,0.0,28.549713467649962,-0.04456066537007431,-227.8484031186836,0.0,-0.40298507462686567,0.6292785501949034,-1.0,-0.43293621044907105,-0.09546444008426336,-0.4047908561246911,3.332452574132203,-0.05092030920618819,-1.0,0.5525007980998942,Other Precious Metals & Mining,Basic Materials,NEWP
2017Q4,2017,Q4,2017-06-30,2017-06-30,-2090793.5629659998,0.0,-189276.405461,-0.0201,-5022.235804,0.0,24591349.880052,24178250.907301,15571077.074491,312816.786615,312816.786615,0.0,-34449513.286584,108084771.06065601,105154986.96765001,0.2325125655764459,49.776986852227786,0.0,0.0,-0.014313701892704934,0.2325125655764459,-0.08647414451037283,0.0,-12.923893225896363,4.470330441811162,0.0,0.0,0.0,0.0,37.76498696037857,-0.08502150443811174,-28.6046393454653,0.0,-1.325769854132901,0.30212283490493613,0.0,-0.8699879306924515,0.0529477907063731,-1.498202298733747,0.8973326279940883,0.9811368829893059,-1.0,-0.6337335486723583,Other Precious Metals & Mining,Basic Materials,NEWP
2017Q3,2017,Q3,2017-03-31,2017-03-31,4196675.864965,0.0,-1843588.686093,0.0617,-5303.018941,0.0,25373214.205372,24663621.979934,16135187.990222,599440.603488,599440.603488,0.0,-32433063.633228,69611407.175115,63627472.203085005,0.3684534584853447,26.917075513962917,0.0,0.0,-0.266920908487471,0.3684534584853447,0.17015651100958978,0.0,4.146818185093236,2.822432456666338,0.0,0.0,0.0,0.0,26.472971045872228,0.1653978810487669,-122.44657411701455,0.0,1.9154302670623145,4.2554293717494245,0.0,-0.6419928335600715,0.24437742408819718,1.929548164708418,-2.5410073475410506,2.2999537781214383,-1.0,-0.599678460179491,Other Precious Metals & Mining,Basic Materials,NEWP
2017Q2,2017,Q2,2016-12-31,2016-12-31,-4514748.158619,0.0,1196352.949929,-0.0674,-7018.079012,0.0,23888046.276318,23229047.689904,14085376.832081,548654.861989,548654.861989,0.0,-33347631.128636,43074268.4062512,41829551.4953072,0.34702214320465513,25.672563587641,0.0,0.0,0.14003418215431385,0.34702214320465513,-0.19435786687808285,0.0,-2.3851977393256765,1.8543277787910561,0.0,0.0,0.0,0.0,25.64146440356352,-0.1889961241030752,569.076384843504,0.0,-1.5184615384615385,-2.1156485983250994,0.0,-0.658983666797871,0.060002100551537284,-1.52783474895549,1.3851662708460832,-0.12104897787334926,-1.0,-0.6336212158451457,Other Precious Metals & Mining,Basic Materials,NEWP
2017Q1,2017,Q1,2016-09-30,2016-09-30,8553336.375737,0.0,-3106068.834379,0.13,-7466.058186,0.0,26195054.573112,25454876.592508,15079142.802814,612368.130823,612368.130823,0.0,-32396984.217532,36097156.227300294,34568159.84015429,0.38027412694931023,24.624310188298324,0.0,0.0,-0.38347116923365515,0.38027412694931023,0.33601955777127823,0.0,1.0550606991704443,1.4180841182284334,0.0,0.0,0.0,0.0,24.599437841505015,0.32652485421872723,-669.0548418266972,0.0,5.529616724738676,-0.18092952167616735,-1.0,-0.6255672031018302,0.03159140317655095,5.447029356447598,-9.785440332932968,5.116883032226247,-1.0,-0.6087696952550661,Other Precious Metals & Mining,Basic Materials,NEWP
2016Q4,2016,Q4,2016-06-30,2016-06-30,-1923382.035546,0.0,353547.314269,-0.0287,-7709.615766,0.0,23805451.467792,23065146.315448,17473792.298536,610876.656,610876.656,0.0,-35690923.495494,25055179.929386996,20984112.205353998,0.34457359658332165,28.604452514119316,0.0,0.0,0.03162474366894147,0.34457359658332165,-0.0833891105324489,0.0,-3.256656694606495,1.0862788202911229,0.0,0.0,0.0,0.0,28.574843738149003,-0.08079586468453552,306.75267927122053,0.0,0.39065817409766457,-1.0768618869664757,-1.0,-0.8217172027194642,0.022142891461789556,0.38934069819290357,-0.6172929589305266,-0.4479187936543514,-1.0,-0.7929017739979447,Other Precious Metals & Mining,Basic Materials,NEWP
2016Q3,2016,Q3,2016-03-31,2016-03-31,-3149681.0575950006,0.0,923806.6623519999,-0.0471,-7884.194632,0.0,25634184.616807,24359733.906505,17267836.122153,610933.407291,610933.407291,0.0,-35171397.645681,2002977230.5743303,1998622809.2930143,0.36391363007983074,28.264678140162626,0.0,0.0,0.1009635135537702,0.36391363007983074,-0.12929866433203988,0.0,-158.98254410112733,82.22492241754156,0.0,0.0,0.0,0.0,28.09262612607964,-0.12287034304691397,-8814.237889073627,0.0,-0.40178571428571447,-1.1971406283291555,-1.0,-0.6667719391609672,-1.0000523895835853,-0.40185800072031336,2.3207217720093953,-8.063283831478925,-1.0,-0.6328253227129658,Other Precious Metals & Mining,Basic Materials,NEWP
2016Q2,2016,Q2,2015-12-31,2015-12-31,-2246790.371048,150499000.0,-699471.0634219999,-0.0336,150491645.33145,0.9999511314,24635781.766821,23193045.276683,17691168.776888,751205.240363,751205.240363,113505000.0,-31795714.460722,1473636007.835856,1540477104.853201,0.3464842978842927,23.550379877993414,3.1404726966772265,3.3358275757682194,0.040050186777735246,0.3464842978842927,-0.09687345254772553,9.791666441875734,-163.9712394650873,63.537840342051496,0.0,6.479598740143606e-05,0.0,6.108959781527582,166.1051928553318,-0.0912002871398193,-3611.6904214773685,0.9999511314457238,-1.3172413793103448,0.32539617712511326,-0.1985175872615757,-0.6891369191056658,0.019919979432039905,-1.310676045628584,0.5036089097917348,-1.5176046473170355,0.06879977351103292,-0.6569809885208882,Other Precious Metals & Mining,Basic Materials,NEWP
2016Q1,2016,Q1,2015-09-30,2015-09-30,-972351.955307,147560000.0,-1409112.849162,-0.0145,147552404.469274,0.9999485258,25376915.456238,23570756.79702,18555911.359404,1102446.182495,1102446.182495,122845000.0,-33272226.443203,1218205482.65955,1294606288.246142,0.35212698556784344,16.831580220459568,3.4611377474723555,3.7263546841696886,0.011864190121421063,0.35212698556784344,-0.04125247074926047,8.255661986036527,-313.2110435965871,51.68291765725423,0.0,6.183019842891449e-05,0.0,5.8147334830533035,110.80271939702145,-0.03831639652911332,-9091.186763640004,0.9999485258150855,0.8478488982161595,-1.0382957734336977,-0.4148797046175511,-0.5675534907823652,-0.0028116914657752372,0.7475692998090643,0.496033554168677,0.8093430616786778,0.03939675599456827,-0.6562601039714716,Other Precious Metals & Mining,Basic Materials,NEWP
2015Q4,2015,Q4,2015-06-30,2015-06-30,-3851956.020292,147977000.0,-2796044.976442,-0.0953,147968446.086339,0.9999421943,25927201.102062,24064774.31101,19179806.011391,1162802.200901,1162802.200901,125208000.0,-37104378.438907,946001451.2376,1014376810.656279,0.606792261807156,16.494469993718177,3.0986761619097605,3.338489651375755,-0.16774943132348072,0.606792261807156,-0.16006616021034828,6.39289518801976,-61.3974722357998,39.31063050962377,0.0,6.831762875375376e-05,0.0,5.70740356498532,96.93280077979774,-0.14856813911879027,-14505.028518939951,0.9999421943027564,-1.2690476190476188,-1.4285479889059622,0.1893389031986339,0.7034283004882192,-0.055402580900220495,-0.36940650866689245,-10.123744229566462,-2.3712103094196455,0.0,-0.6607051433896877,Other Precious Metals & Mining,Basic Materials,NEWP
2015Q3,2015,Q3,2015-03-31,2015-03-31,-2812865.278435,156655000.0,-251358.25840100003,-0.042,156647099.700268,0.9999495688,25784490.455908,24263190.566335,19134655.308408,809743.650418,809743.650418,121188000.0,-35690751.695851,1608505855.9295073,1678096183.7414653,0.3624713549911068,23.630509851519612,3.1634132983733463,3.361759030701165,0.005348392021467767,0.3624713549911068,-0.11593138465218297,10.267823280007068,-142.9597311557377,66.29407832955397,0.0,6.519044568769185e-05,0.0,6.075551512948577,151.86226264937378,-0.10909136572797731,-5353.114784783972,0.9999495687993872,-0.15068493150684945,-1.2652760622771166,-0.30315457482355174,-0.1638259871611899,-0.013064268307204988,-0.1525833823213009,0.14815775044361823,-1.1819851093665035,0.0,-0.6478053340862614,Other Precious Metals & Mining,Basic Materials,NEWP
2015Q2,2015,Q2,2014-12-31,2014-12-31,-2440487.44896,158729000.0,-295076.064297,-0.0365,158720669.107386,0.999947515,26161649.122203004,24575952.311218,19499996.554279,925206.312561,925206.312561,112440000.0,-40347051.324018,1490268624.856912,1542487316.3787148,0.3671437484732081,21.076376468187295,2.736218946505468,2.912766068777102,0.024920325248282523,0.3671437484732081,-0.099303881210984,9.38876087455293,-152.6609597492482,60.639303249976614,0.0,7.40918944681608e-05,0.0,6.067239846332511,125.26624581140734,-0.09328492395721318,-6180.11437132205,0.9999475149933912,-0.3568773234200743,-16.934085447135097,-0.2553411266731404,-0.14676176451087777,0.08496954762554307,-0.3565249041103887,-0.0012920608368949908,-0.6841916829992333,0.0,-0.6392103002240388,Other Precious Metals & Mining,Basic Materials,NEWP
2015Q1,2015,Q1,2014-09-30,2014-09-30,-1799073.0885700001,146299000.0,-294695.300041,-0.0269,146290436.865022,0.9999414683,26638271.604938,25046305.255425,19953189.44973,929783.726639,929783.726639,112653000.0,-42280575.713595,1314391460.4611857,1366614547.3647318,0.374170419946799,21.460032992680105,2.7018644853316305,2.8735974933632473,0.010292695319185464,0.374170419946799,-0.07182987950609294,8.984281918954919,-182.64842445977757,52.47845728369417,0.0,7.60133771670528e-05,0.0,5.492060527413505,127.49635284437623,-0.06753715538498006,-2516.738476161427,0.9999414682603572,0.9741346153846154,0.7568555501848498,-0.21239504861086275,-0.13150489715033423,-0.0452079494967103,0.9574885185393155,0.3354800037301694,-1.17227986723106,0.17143007257269333,-0.6315771520371725,Other Precious Metals & Mining,Basic Materials,NEWP
2014Q4,2014,Q4,2014-06-30,2014-06-30,-42319698.743828,153232000.0,-443470.928934,-1.04,153217066.258469,0.9999025416,26937322.498101998,25204182.249342,20473897.02781,1107683.078855,1107683.078855,111646000.0,-44800573.629896,781388986.065,832966157.1604271,0.6348180804811223,18.483533258424103,2.6677855605383,2.8512331520645198,-0.005023319347207479,0.6348180804811223,-1.6790744617367157,5.099385154961105,-4.615988589586543,31.002354225771384,0.0,0.00013375975432169536,0.0,5.688464397706814,106.30954295910652,-1.57104325223154,-102.70431863895543,0.9999025416262203,-20.57676348547718,-3.210815780010072,0.5923933703309149,0.7832399416232543,0.04317090353711688,-12.110953094149806,-0.2167853873380943,-3.851273964680676,0.10449403824596418,-0.671544354313093,Other Precious Metals & Mining,Basic Materials,NEWP
2014Q3,2014,Q3,2014-03-31,2014-03-31,-3227812.535056,146890000.0,-364461.090303,-0.0482,146876284.354702,0.9999066264,63089346.650021,61599712.316127,20843507.21019,833698.818506,833698.818506,105284000.0,-6117834.590819,1527312397.3135598,1581012540.3774838,0.9203937880798199,25.001243551648372,1.1785349500045148,1.207034857864655,0.02270037265484653,0.9203937880798199,-0.05239979885767987,10.397660816349376,-118.29314595612522,24.79414821737251,0.0,0.00013027283630941074,0.0,2.3282853254900697,140.76388255053575,-0.05116256081968675,-1179.38777548013,0.9999066264191027,0.19800332778702165,0.6830715097829337,-0.22390601780047084,1.4629608988513412,-0.047265337506555,0.19757865677131756,0.2834328698520116,-1.202063129318097,0.12229252180493409,-0.15721475685631803,Other Precious Metals & Mining,Basic Materials,NEWP
2014Q2,2014,Q2,2013-12-31,2013-12-31,-4022590.578247,154176000.0,-508621.0,-0.0601,154162843.168008,0.9999146636,65754146.904966,63328321.609362,22151910.741287,1764583.900749,1764583.900749,103383000.0,-6744031.105309,1284735319.678911,1365029320.27998,0.9471676805881372,12.55361716259813,1.3265475122970893,1.377361625625416,-0.6294230154253517,0.9471676805881372,-0.0635196145424503,8.332913810702774,-79.84502118028031,20.28689987402074,0.0,0.00012726301221670873,0.0,2.3447342450177246,12.491697413002987,-0.061176226406842775,-704.5088367406354,0.9999146635533935,-0.9387096774193548,0.9864652195940566,-0.3202424612008359,1.4909553779479967,0.10891105497049895,-0.9378184789514338,-0.22918380054071882,-0.209191780692602,-0.17798400721398686,-0.15020834967391178,Other Precious Metals & Mining,Basic Materials,NEWP
2014Q1,2014,Q1,2013-09-30,2013-09-30,-2075834.564455,139037000.0,-413787.587972,-0.031,139021829.097113,0.9998908859,66575666.453402,65007613.56366,24235094.709087,906303.922139,906303.922139,105841000.0,-6971874.212373,1081313491.5269895,1178184161.5671225,0.971995579936563,26.74058239965341,1.5893194261008128,1.6276555037108607,-0.005734821266260594,0.971995579936563,-0.03193217610460654,7.777163571761398,-130.22635691236826,16.633643849548356,0.0,0.00014333673044472368,0.0,2.0884056804345406,130.98208782520473,-0.0311800793749159,-589.786152996015,0.9998908858585341,-0.5816326530612246,0.3573867556129518,804.2972144271587,1.234479828556834,0.03577448596536323,-1.6929782260805426,0.1840627234810082,-1.0818265756684688,-0.44820064468397747,0.19370600023937126,Other Precious Metals & Mining,Basic Materials,NEWP
2013Q4,2013,Q4,2013-06-30,2013-06-30,-770832.286853,134234000.0,-507131.61401,-0.0196,134220171.457054,0.9998969818,66163448.524939,64627652.638382,26432664.233577,856179.668491,856179.668491,107946000.0,-5995361.922141,574211314.6168,721746742.4984909,1.6638172293175606,30.87280065895989,2.3918795577946472,2.448719604369682,0.010012678092961504,1.6638172293175606,-0.011927282755666837,4.277689069958431,-186.23094945888784,8.884916768209822,0.0,0.00012810611737350155,0.0,2.0288241165271663,30.87280065895989,-0.011650424880173078,-1588.0628226895903,0.9998969818157396,-3.925373134328358,0.742180836968087,0.06534343674648334,3.1474770268611802,0.012232006532910629,-2.723723828772504,-0.2735744838235816,-1.0875602580907529,0.1015467479748766,3.6707803207947993,Other Precious Metals & Mining,Basic Materials,NEWP
2013Q3,2013,Q3,2013-03-31,2013-03-31,447190.132193,132607000.0,-398195.48872200004,0.0067,132598229.053025,0.9999338576,68120019.656986,66532234.507838,26634363.359379,781981.424149,781981.424149,108262000.0,-6501976.509902,1135269292.3499537,1289767328.6170917,0.9911185400058125,34.06009725661213,2.4336458039027966,2.4917245185936125,0.9464601420349505,0.9911185400058125,0.006721405578829877,8.561156593165924,634.6681258275114,17.06344752657015,0.0,8.101593333764388e-05,0.0,1.9466670835935467,34.06009725661213,0.006564738742660342,-2419.896970832825,0.9999338575868921,-0.8966049382716049,-0.943809142303213,396.47379615062636,0.5782616500858183,-0.06380806790577549,-0.8975834907418104,0.25236467841978855,-0.9579458315136617,-0.41179819778704935,1.2863808557118568,Other Precious Metals & Mining,Basic Materials,NEWP
2013Q2,2013,Q2,2012-12-31,2012-12-31,4366387.171678,141643000.0,-532606.575998,0.0648,141635731.421449,0.9999486838,68843559.20107,68013862.670004,29269742.569082,829696.531066,829696.531066,108728000.0,-6657906.375964,894380344.5486104,1043405383.5100415,1.0101023158752584,35.27764848127788,2.5869812959529837,2.6185397065905174,0.03164386499705833,1.0101023158752584,0.06419848837086706,6.314327884530901,51.208259218850976,13.149971335815001,0.0,6.685102780332572e-05,0.0,2.0574618983063635,35.27764848127668,0.06342477382561208,-1511.7282734349806,0.9999486838138771,1.8515111695137976,-0.9189111371394795,391.61430894019196,0.5252444095654613,1.2550587731093015,1.8506759867460745,0.560756673741713,27.340985654468636,-0.33940033386176754,1.3474672284220433,Other Precious Metals & Mining,Basic Materials,NEWP
2013Q1,2013,Q1,2012-09-30,2012-09-30,-5132844.043688,142881000.0,-1212554.737109,-0.0761,62808000.0,0.4395825897,69976405.384811,69012979.425959,30113715.01143,963425.958852,963425.958852,110940000.0,-6427651.511303,741066622.5362399,890335671.8123388,1.0243995231168017,31.25690639196906,2.559705646710446,2.595439314312881,-0.021295551484743873,1.0243995231168017,-0.07437505359690785,5.186600195521027,-36.09434731645266,10.738076064826295,0.0,0.7217685235262304,0.0,2.041845379371453,31.09973825522877,-0.07335106762717665,-1980.097955634834,0.43958258970751884,-1.708185053380783,-250.29054580806897,423.4306885900722,0.5559948829936565,0.0,-3.6914443821949967,-2.511356155743984,0.31073467554724366,-0.23571670082624263,1.3777560217479894,Other Precious Metals & Mining,Basic Materials,NEWP
2012Q4,2012,Q4,2012-06-30,2012-06-30,-1094086.090665,0.0,802295.827162,-0.0281,0.0,0.0,68774266.050536,67914192.311474,30353421.492479,860073.739062,860073.739062,0.0,-5080250.712811,463502670.085,475478481.214682,1.7883921609341407,35.29165013872249,0.0,0.0,0.08852252146944757,1.7883921609341407,-0.016109829969665354,0.0,-105.91092283315588,6.824827835089956,0.0,0.0,0.0,0.0,35.1111901150142,-0.015908364472563833,-397.4909233019627,0.0,-0.4712041884816755,-2.855279920364431,-1.0,2.6723027279257066,0.0,0.1564624319149566,1.8371473912885026,0.8861846830050852,-1.0,4.023694867428273,Other Precious Metals & Mining,Basic Materials,NEWP
2012Q3,2012,Q3,2012-03-31,2012-03-31,-1297021.1784980001,0.0,-958368.664241,-0.0191,0.0,0.0,70211862.164356,69313056.900302,31258588.166902,898805.264055,898805.264055,0.0,-3916714.275691,1180623633.0831456,1360466563.4035797,1.0291790026140972,34.777931791228596,0.0,0.0,-0.019402511759511507,1.0291790026140972,-0.018712508674427676,0.0,-227.56444780075847,17.03320681385215,0.0,0.0,0.0,0.0,34.69365272478071,-0.018472963663345915,-1186.8104016821896,0.0,0.11574074074074084,0.5117357308359313,-1.0,0.48600567092414454,0.0,0.11034856021115483,0.11137410756366231,0.8734445318251216,-1.0,1.7540686108341208,Other Precious Metals & Mining,Basic Materials,NEWP
2012Q2,2012,Q2,2011-12-31,2011-12-31,-1457898.13908,0.0,-1078483.839373,-0.0216,0.0,0.0,69528221.351616,68532779.627816,31854150.832517,995441.7238,995441.7238,0.0,-2924167.48286,930291627.8160585,953764870.7151775,1.0176115024935373,32.00001574267647,0.0,0.0,-0.02260772721606282,1.0176115024935373,-0.02127300464095389,0.0,-159.52617039540135,13.574403852699893,0.0,0.0,0.0,0.0,31.893436880752734,-0.020968437143058245,-635.2071231004037,0.0,-1.1440000000000001,-1.0414675727000096,-1.0,2.9264117719603355,-1.0,-1.1388209997219576,-2.2737650153270743,0.9951300182735693,-1.0,1.6762155178521676,Other Precious Metals & Mining,Basic Materials,NEWP
2012Q1,2012,Q1,2011-09-30,2011-09-30,10502000.0,125598000.0,846689.794739,0.15,55783000.0,0.4441392379,70489521.056182,68368310.687096,34508513.057724,2121210.369085,2121210.369085,90330.538691,-1878627.734413,754852373.4667081,868366983.1804981,1.015600476506146,16.268312450598433,1.912128185586235,1.9714542987156132,0.003688655453510421,1.015600476506146,0.15360917791379877,6.010066828028377,17.969252843903735,11.040968628308972,0.0,772.8836893004819,0.0,1.7817967567107613,16.225728018612102,0.14898668401548126,-215.24262301446407,0.4441392378859536,-0.5833333333333334,32.068755015742305,1578.3390859731912,2.4954196133516913,1.0620988228798145,-0.2456543600057463,1.9719178030082831,4.229958388336554,721.7307158028242,1.334721294487573,Other Precious Metals & Mining,Basic Materials,NEWP
2011Q4,2011,Q4,2011-06-30,2011-06-30,13922000.0,130132000.0,-871153.704684,0.36,-898294000.0,-6.9029447023,73940872.67170599,71977024.738777,40406903.3164,1963847.932929,1963847.932929,42758.02255,-2919913.889233,648451873.9510001,761652801.5931761,1.9327360902977093,20.575372786697763,1.818980425037183,1.868610163981131,-0.0038866936561668427,1.9327360902977093,0.19342283250143352,4.983031644414902,11.644373544587705,9.009150854795646,4.33975003591438,24052.234847797,0.09317268162381076,1.7599467696003532,20.553600213662424,0.18828557869222112,-130.60256962831588,-6.902944702302277,0.5652173913043477,0.6347462716140412,5906.534380165442,12.459590130049232,-16.521010436104774,-0.11169044443607756,0.07877417260546017,5.8567791691213795,0.07721560961148936,3.81782397263858,Other Precious Metals & Mining,Basic Materials,NEWP
2011Q3,2011,Q3,2011-03-31,2011-03-31,15672464.528609,128411000.0,-945646.201809,0.23,57876000.0,0.4507090514,74732328.096223,71709687.110946,44449405.80918,3022640.985276,3022640.985276,45079.276888,-2690883.929582,1129573712.1549704,1264752941.6412394,1.0920857900248104,14.70548636960313,2.1185342947719796,2.2078328100225817,-0.003921991306101872,1.0920857900248104,0.2185543566012395,8.796549455692817,18.018444228937504,15.752037941643014,0.0,1564.687920244263,0.0,1.7182791339600987,14.586986572991231,0.20971465666678585,-3739.6564078620518,0.45070905140525347,5.61847389558233,-0.3448774026537548,2749.5695004444656,3.5617862008225583,1.4099244264698592,7.6512243658964625,0.0689778168452721,1.0132429322685255,392.4863929679047,0.7390423561138547,Other Precious Metals & Mining,Basic Materials,NEWP
2011Q2,2011,Q2,2010-12-31,2010-12-31,-2356327.74756,132850000.0,-1015707.486802,-0.0498,-141187000.0,-1.0627549868,56821122.620381,52785005.399136,24749060.150376,4036117.221245,4036117.221245,84508000.0,-17844666.853303,825125091.4705681,866964234.7276471,1.1145881231295731,6.131898256102132,0.7615477837194103,0.8197782622696916,-0.026356813418055368,1.1145881231295731,-0.0446400967422951,6.21095289025644,-87.54354018928319,15.631808412850404,0.0,3.2427344156766225,0.0,2.3380389875005467,5.372038933174446,-0.041469221988141715,-78.13075378026919,-1.0627549868272488,-1.1310526315789473,-8.852036900670734,0.0,4.063765242635535,-1.5563975850436647,-1.186950789238337,-1.0958421107109355,-1.0622172167412152,522.5624360598653,0.6830169350699553,Other Precious Metals & Mining,Basic Materials,NEWP
2011Q1,2011,Q1,2010-09-30,2010-09-30,12604000.0,125187000.0,-484629.773212,0.38,253752000.0,2.0269836325,44450866.446986005,27056827.873619,11112705.950766,11355955.611553,17394038.573367,87191000.0,-16177360.922659,384376876.2004752,414890527.4894842,0.8142671476407515,0.9785795516372459,0.8636052133153167,1.4187915959442214,-0.007267359990761956,0.8142671476407515,0.4658343564468315,3.0704216588022337,7.624104970653666,14.20628012995016,0.0,-1.474521452902249,0.0,2.8163005584897505,0.9704948547312806,0.28354902856690245,-176.1358208881233,2.026983632485801,0.7272727272727273,36.33400684336661,6482.7104153496875,2.7362870903488976,4.10639325458314,0.5224060876917502,-3.597805921759874,1240.1022928811087,752.9507420037689,0.23681775179271247,Other Precious Metals & Mining,Basic Materials,NEWP
2010Q4,2010,Q4,2010-06-30,2010-06-30,8279000.0,114600000.0,-105404.573716,0.22,49693000.0,0.4336212914,13766443.411441,13012296.746039,9258729.722038,754146.665402,754146.665402,90109000.0,-15262150.649843,350561689.845,378574000.06224704,0.35621825798787266,12.277094293193764,2.4997015548257666,2.644575409831102,-0.002004661591110589,0.35621825798787266,0.6362443280829854,3.059002529188482,10.585870571476026,26.940800435688846,0.0,0.7203165055654818,0.0,8.324590206411509,12.277094293192437,0.6013898980705138,-238.4895087723596,0.4336212914485166,0.375,89.3264277850643,4288.602144649402,0.6510241440322568,0.15463079139365213,0.6381084289671547,0.77179691526818,31.32789734099787,927.5534140309079,-0.26853779102760134,Other Precious Metals & Mining,Basic Materials,NEWP
2010Q3,2010,Q3,2010-03-31,2010-03-31,5054000.0,107150000.0,-461889.346675,0.16,43038000.0,0.4016612226,14345250.147145001,13830427.70257,10189315.2835,514822.444575,514822.444575,88405000.0,-15614934.275064,402084401.1398268,425935272.8290558,0.43348794560179743,19.79190183114794,1.795298076773208,1.862126071141989,-0.010470951946083683,0.43348794560179743,0.3654261537451119,3.7525375748000633,19.88941438166931,29.07244879094452,0.0,0.7252078502347152,0.0,7.469371318096188,19.79190183114794,0.35231173720632886,-96.79184622841002,0.401661222585161,68.56521739130436,11.067579687120647,8403.597309640603,0.8616602630442802,0.05042468026945231,68.23287671232876,0.07169458767857083,5.016138341343359,5229.440653391828,-0.37409766055724175,Other Precious Metals & Mining,Basic Materials,NEWP
2010Q2,2010,Q2,2009-12-31,2009-12-31,73000.0,101595000.0,-497561.837456,0.0023,40972000.0,0.4032875634,14294460.891987,13728195.969821,9945194.34629,566264.922166,566264.922166,89908000.0,-14778065.13227,308504462.300112,331421519.12372,0.43029453346373003,17.562794298204075,1.64133507218534,1.7090373747269516,0.0014865382438717044,0.43029453346373003,0.005317523158940732,3.0366106826134356,1056.522131164767,22.47232360160827,0.0,0.6742781509987987,0.0,7.107298468104577,17.562794298202313,0.005106873253325796,-441.078291380292,0.4032875633643388,1.0209090909090908,1.0836684508791727,11138.471359945253,0.9440294579924738,0.16331629755820556,1.0207504263786242,0.20398267995848873,-0.99561698465298,3026.8540884474396,0.6602736088008203,Other Precious Metals & Mining,Basic Materials,NEWP
2010Q1,2010,Q1,2009-09-30,2009-09-30,-3518000.0,88317000.0,-625064.084573,-0.11,35220000.0,0.3987907198,14382124.614089,13711585.742352,10362356.628309,670538.871737,670538.871737,96683000.0,-14021297.595659,302297924.189304,321482041.786834,0.4308261712922599,15.453774665539962,1.4168282188320291,1.4861154926129396,-0.01546946670298023,0.4308261712922599,-0.2565713452918644,3.4228735598956486,-21.48222883664753,22.04689740994536,0.0,0.5491865167609611,0.0,6.1407477942085835,15.453774665541454,-0.24460920026751132,-547.2273377479025,0.39879071979347125,0.56,-3.5295377541736768,21505.53793106888,1.050486069071815,0.09709372955798523,0.615224762113092,-3.8634675207427214,-21.013749411988005,2348.001611576185,0.48278607968048504,Other Precious Metals & Mining,Basic Materials,NEWP
2009Q4,2009,Q4,2009-06-30,2009-06-30,-9143000.0,87541000.0,-128522.310863,-0.25,32103000.0,0.3667195942,13245029.501701,12858053.318403,9864968.34489,386976.183298,386976.183298,95983000.0,-12348850.510358,243028822.521,261983119.088466,0.3559913983887428,25.492443128711237,1.4804044035901796,1.5249586787710847,-0.0036589261181137933,0.3559913983887428,-0.7110718686252564,2.776171422773329,-6.64521553431587,18.900903309614268,0.0,0.5775814467145224,0.0,6.6093473018506685,25.492443128713816,-0.6902966881897701,-223.11031244252382,0.366719594247267,-0.6666666666666667,-15.097859259157794,23352.326434714727,0.5195704148390324,-0.06424344885883347,-0.8976753839767538,-7.96512152586116,-2.1069374027806016,4096.50293187284,1.4791270449125244,Other Precious Metals & Mining,Basic Materials,NEWP
2009Q3,2009,Q3,2009-03-31,2009-03-31,-4818000.0,89536000.0,-14335.813574,-0.15,34307000.0,0.3831643138,12378838.995803,11831530.846599,9590087.906866,547308.149204,547308.149204,102591000.0,-11029539.874871,176606385.79843998,192546157.31978297,0.3736940316466521,17.522282320871224,1.3745230878088708,1.4381063803667469,-0.0005144807978552433,0.3736940316466521,-0.4072169580139281,1.9724623145822906,-9.16388469273765,14.926756992668103,0.0,0.5383415699232876,0.0,7.23298849192213,17.390233632286723,-0.3892125910704166,-4254.877079043938,0.38316431379556826,0.9662921348314606,-72.28450901472596,30913.96969907768,4.079557106457857,-0.09202307855176795,0.9657659321997769,0.9726958026744114,-1.417684513046198,3976.538354703956,0.5609691953383239,Other Precious Metals & Mining,Basic Materials,NEWP
2009Q2,2009,Q2,2008-12-31,2008-12-31,-140737000.0,107403000.0,-525040.652287,-4.45,37784000.0,0.3517965048,12178353.327855,12038869.350863,9865138.866064,139483.976993,139483.976993,98833000.0,-11496105.176664,261007105.803822,283926943.10867,0.38024273295830635,70.72596493688363,1.8924561785611551,1.914382433126736,-0.01841984552031695,0.38024273295830635,-11.690217403174271,2.430165878083685,-0.4636433663567896,21.68036700100179,0.0,0.7044104701870832,0.0,8.81917260146673,70.08682666458247,-11.55632425921644,-238.3934583537827,0.35179650475312607,-91.13250517598343,-10.246543609385636,596011.9080186533,24.339449908792545,1.5782474481832003,-91.03431267410757,-0.05129686036193676,-879.1769726637106,0.0,0.727508031857234,Other Precious Metals & Mining,Basic Materials,NEWP
2009Q1,2009,Q1,2008-09-30,2008-09-30,-1529179.671264,81731.532212,-499421.877952,-0.0483,-65342268.467788,-799.4744096844,14136262.044209,13772197.24164,12614317.967126,364064.802569,364064.802569,105279000.0,-13111375.401474,362902497.57392395,385143744.12597394,0.4349985922962385,34.64855124174013,1.6447770936394677,1.6882563901786858,-0.046544924218116214,0.4349985922962385,-0.11103382012570599,4440.177343459148,-59.329604034356784,26.350370329920526,0.0,0.6214344741116462,0.0,0.00578169334696804,29.527450771832317,-0.108174258971836,-453.1160870918582,-799.4744096843727,0.37027379400260757,0.9684013899776907,-0.9998548040799766,11.873111404377136,-2.3815309315133733,0.45229954467621775,0.6376197357652849,-3.499223770896191,3.4427165065890732,0.9960029450106718,Other Precious Metals & Mining,Basic Materials,NEWP
2008Q4,2008,Q4,2008-06-30,2008-06-30,-2792000.0,117664000.0,-1378170.742843,-0.0767,47297000.0,0.4019666168,14928123.403419,14551410.886225,13793773.825899,376712.517194,376712.517194,112820000.0,-13176018.864217,421123254.771,443720000.300574,0.40116369989317124,36.61618129560441,1.6044883440951632,1.6460259549590486,-0.04160506770150199,0.40116369989317124,-0.19187142895147224,3.579032284904474,-37.708027826916194,28.940372728369155,0.0,0.6237103350469775,0.0,7.882035592836226,30.36119848311259,-0.18702953643594253,-81.92375602318221,0.40196661680717977,-1.6391666666666667,-0.4054072632350255,2.70304033927978,55.950281779910036,1.685703820499516,-1.749530201342282,-3.429152186270356,-28.99732340352518,4434.374668449801,0.8593402763074685,Other Precious Metals & Mining,Basic Materials,NEWP
2008Q3,2008,Q3,2008-03-31,2008-03-31,3725000.0,156155.639755,-311159.040124,0.12,-68975844.360245,-441.7121563362,22211678.810842,19731169.726999,14362898.086078,321082.288934,1822343.340134,119101000.0,-6798873.020499,359840769.230404,375417695.976736,0.6279811335160556,44.73276347245164,1.0971255350633364,1.2350509542601957,-0.005982837897613383,0.6279811335160556,0.18878759098113296,2304.372546486155,24.150387196671414,18.237173680484773,0.0,0.5804485268805467,0.0,0.007030339358174812,42.562870283549486,0.1677045680212946,-1645.1635615683456,-441.71215633623274,-0.85,1.053588178836443,-0.9997357858197291,5.644683507382916,0.03641692840291099,-0.8517412935323383,-0.15543988808876877,8.534743368688925,11.437547662969203,1.6969320233007597,Other Precious Metals & Mining,Basic Materials,NEWP
2008Q2,2008,Q2,2007-12-31,2007-12-31,25125000.0,168334.848026,-269299.202262,0.8,-71582665.151974,-425.2397289771,23075711.400585998,20806691.911542,15444816.722205,164065.434717,1604174.492578,113969000.0,-6726416.237504,400870498.863688,415956389.09897,0.6622560355182907,94.13815133483843,1.0607256944363768,1.1764003669618421,-0.025895452073972224,0.6622560355182907,1.2075441933209252,2381.3874760012372,3.9887611827232634,19.26642161896553,0.0,0.6295659345962499,0.0,0.00729489310659888,88.07678767050922,1.088807168881561,-377.8200094535095,-425.23972897707887,2665.666666666667,1.3287419821009976,-0.9997075191140713,6.360016176570953,-0.09701662136612534,2617.5832160376754,0.015534161310237684,30.24256528516116,17.742900841286488,1.9920092905139992,Other Precious Metals & Mining,Basic Materials,NEWP
2008Q1,2008,Q1,2007-09-30,2007-09-30,9594.883159000019,156875.503626,-273548.549557,0.0003,-65252124.496374,-415.9484622401,23049347.300564,20668551.571313,15926722.401289,310179.290894,1719057.211926,112277000.0,-6419402.699436,483290709.769504,499666160.212695,0.6583566143520396,51.34682704117653,1.1418544593388984,1.2733838609440615,0.00020209018106112466,0.6583566143520396,0.0004642262001715338,3080.7277018959962,12592.407373824462,23.382901704650134,0.0,0.5825681127924687,0.0,0.006806071407590851,48.08610275834349,0.00041627569899843717,-4485.011512880498,-415.94846224008774,1.0410958904109588,1.0000091160218443,-0.9997973978386716,6.771104373235886,-24617.940206921645,1.032398789124411,-0.49760953373332084,1.0125237533562754,37.727378122363596,2.133400791695115,Other Precious Metals & Mining,Basic Materials,NEWP
2007Q4,2007,Q4,2007-06-30,2007-06-30,-296149.43701,133891.515294,-182656.789634,-0.0073,-2650.4847059999884,1.0,21537612.024423998,19299115.077501,15249148.896195,217658.055425,1600953.499295,0.0,-5749609.2062,651759339.2249999,664292881.7332199,0.48699475327414266,70.06011730840584,0.0,0.0,-0.013309929734092847,0.48699475327414266,-0.015345234007918448,4867.816588630443,-550.1946464978356,33.77146240165302,0.0,0.0,0.0,0.006216636976381824,64.95897659445883,-0.01375033762676019,1998.5981671635673,-0.019795763011420355,0.8147208121827411,0.8414416400985452,-0.9894790634097972,-0.8709384480223369,-1.1629850296856958,0.7035437245774613,0.8130423414845688,0.5247600712875402,31.554640785596916,1.0787660112200685,Other Precious Metals & Mining,Basic Materials,NEWP
2007Q3,2007,Q3,2007-03-31,2007-03-31,-998964.979196,16262.135922,-976995.492372,-0.0394,16262.135922,1.0,18476656.553398,17540934.466019,14780390.950069,299747.746186,299747.746186,0.0,-5154542.302358,478574606.3103741,488097445.2493481,0.6925808041997932,49.30943147408169,0.0,0.0,-0.05523431141681128,0.6925808041997932,-0.05695049948058554,29428.766836399467,-119.76761354926244,27.283301652912957,0.0,0.0,0.0,0.0008801449480322385,48.1987743970793,-0.05406632830506788,-1176.2675686061798,1.0,-1.0757692307692308,0.0,0.0,0.0,1.0002284651261926,-1.0803349400238038,-3.163492382226636,-17.994949936031997,6.019258334145743,8.414128800151188,Other Precious Metals & Mining,Basic Materials,NEWP
2007Q2,2007,Q2,2006-12-31,2006-12-31,12435000.0,25051.475635,-234657.687028,0.52,-71179948.524365,-2841.3475342314,6947585.7927250005,6173475.463281,3289081.159918,105146.705559,105146.705559,94899000.0,-4142838.881263,,,,,,,,,,,,,,,,,,,,,,,,,,,,,,,Other Precious Metals & Mining,Basic Materials,NEWP
2007Q1,2007,Q1,2006-09-30,2006-09-30,-112433.279599,26451.728461,-127656.277987,-0.005,26451.728461,1.0,7050949.310407001,6505823.034211,3663414.830736,107155.651084,107155.651084,0.0,-4162168.189146,,,,,,,,,,,,,,,,,,,,,,,,,,,,,,,Other Precious Metals & Mining,Basic Materials,NEWP
