Quarters,Year,Quarter,FillingDate,Date,NetIncome,Revenue,OperatingIncome,EPSDiluted,GrossProfit,GrossProfitRatio,TotalAssets,CommonStockEquity,CurrentAssets,CurrentLiability,TotalLiability,Inventory,RetainedEarnings,MarketCap,EnterpriseValue,bookValuePerShare,currentRatio,debtToAssets,debtToEquity,roic,shareholdersEquityPerShare,roe,priceToSalesRatio,peRatio,pbRatio,payoutRatio,inventoryTurnover,dividendYield,assetTurnover,quickRatio,returnOnAssets,priceToFreeCashFlowsRatio,grossProfitMargin,epsdilutedGrowth,fiveYNetIncomeGrowthPerShare,fiveYRevenueGrowthPerShare,fiveYShareholdersEquityGrowthPerShare,grossProfitGrowth,netIncomeGrowth,operatingIncomeGrowth,threeYNetIncomeGrowthPerShare,threeYRevenueGrowthPerShare,threeYShareholdersEquityGrowthPerShare,Industry,Sector,Symbol
2023Q3,2023,Q3,2023-05-12,2023-03-31,50000000.0,2447000000.0,141000000.0,0.09,2447000000.0,1.0,17034000000.0,8077000000.0,4032000000.0,3204000000.0,8050000000.0,356000000.0,-2136000000.0,9937158000.0,12358158000.0,14.037191518943343,1.2584269662921348,0.23952095808383234,0.5051380463043209,0.006899440182459049,14.037191518943343,0.00619041723412158,4.060955455659991,49.68579,1.2303030828277826,0.54,0.0,0.002717074640455551,0.143653868733122,0.9984394506866417,0.0029353058588704943,26.42861170212766,1.0,-0.43750000000000006,1.044911711125409,0.18457738782352276,-0.15762401898672468,-0.029353431178103927,-0.46808510638297873,-0.295,1.0699930006999299,0.10352336346241807,0.05386473610044507,Entertainment,Communication Services,NWSA
2023Q2,2023,Q2,2023-02-10,2022-12-31,94000000.0,2521000000.0,200000000.0,0.16,2521000000.0,1.0,16891000000.0,8115000000.0,3763000000.0,2939000000.0,7835000000.0,328000000.0,-2186000000.0,10483200000.0,13272200000.0,14.088541666666666,1.2803674719292277,0.24373926943342608,0.507332101047443,0.009103146396025604,14.088541666666666,0.011583487369069624,4.1583498611662035,27.880851063829784,1.2918299445471348,0.6170212765957447,0.0,0.005532661782661783,0.14925108045704813,1.008506294658047,0.005565093836954591,132.6987341772152,1.0,0.4545454545454546,2.1462935073627842,0.17047575815494387,-0.24507171032475486,0.01735270379338176,0.42424242424242425,0.3422818791946309,0.12892156862745105,0.038128613688315154,-0.0752330319267694,Entertainment,Communication Services,NWSA
2023Q1,2023,Q1,2022-11-09,2022-09-30,66000000.0,2478000000.0,149000000.0,0.11,2478000000.0,1.0,16387000000.0,7872000000.0,3754000000.0,3013000000.0,7659000000.0,373000000.0,-2253000000.0,8783443000.0,11213443000.0,13.54206089798727,1.245934284766014,0.23726124366876183,0.49390243902439024,0.007698160707911399,13.54206089798727,0.008384146341463415,3.5445694108151735,33.270617424242424,1.1157829014227643,0.4696969696969697,0.0,0.0035293676978378524,0.1512174284493806,0.972784600066379,0.004027582840056142,-65.06254074074074,1.0,-0.42105263157894735,-0.0282429847906822,0.20553158473091643,-0.2791109994851741,-0.07329842931937172,-0.4,2.9210526315789473,1.293599868440098,0.06935824654730566,-0.08776798862536987,Entertainment,Communication Services,NWSA
2022Q4,2022,Q4,2022-08-12,2022-06-30,110000000.0,2674000000.0,38000000.0,0.19,2674000000.0,1.0,17221000000.0,8222000000.0,4093000000.0,3519000000.0,8078000000.0,311000000.0,-2293000000.0,9129880000.0,11323880000.0,14.030716723549489,1.1631145211707872,0.23320364671041172,0.48844563366577476,-0.018301099734546834,14.030716723549489,0.013378739965945026,3.414315632011967,20.749727272727274,1.1104208221843832,0.5545454545454546,0.0,0.006681358353012306,0.1552755356831775,0.9445865302642796,0.006387550084199524,64.29492957746479,1.0,0.05555555555555561,1.254660015752166,0.27680165397742174,-0.2445298239332221,0.07303370786516854,0.057692307692307696,-0.8051282051282052,3.153182091949408,0.0824966991355471,-0.10236556394614489,Entertainment,Communication Services,NWSA
2022Q3,2022,Q3,2022-05-06,2022-03-31,104000000.0,2492000000.0,195000000.0,0.18,2492000000.0,1.0,17419000000.0,8425000000.0,4162000000.0,3527000000.0,8003000000.0,308000000.0,-2403000000.0,13041920000.0,15018920000.0,14.308763586956522,1.1800396937907571,0.22056375222458235,0.45602373887240355,0.01145872119993378,14.308763586956522,0.012344213649851632,5.233515248796148,31.350769230769227,1.5480023738872404,0.2692307692307692,0.0,0.002146923152419276,0.14306217348871922,0.963141480011341,0.005970491991503531,26.45419878296146,1.0,-0.5909090909090909,21.559782608695652,0.24530844726777165,-0.2537234153948656,-0.08281192491718807,-0.6030534351145038,-0.4507042253521127,9.33288043478261,0.007699275362318825,-0.09886675655403543,Entertainment,Communication Services,NWSA
2022Q2,2022,Q2,2022-02-04,2021-12-31,262000000.0,2717000000.0,355000000.0,0.44,2717000000.0,1.0,16520000000.0,8383000000.0,4599000000.0,3233000000.0,7173000000.0,248000000.0,-2482000000.0,13207520000.0,14328520000.0,14.160472972972974,1.4225177853386948,0.20006053268765134,0.394250268400334,0.020250367787697936,14.160472972972974,0.03125372778241679,4.861067353698933,12.602595419847328,1.5755123464153642,0.22519083969465647,0.0,0.0044671520467127815,0.1644673123486683,1.1905351067120322,0.01585956416464891,51.79419607843137,1.0,0.33333333333333326,1.8897292621341064,0.2601678651714096,-0.25036584990457433,0.0859312549960032,0.336734693877551,0.4489795918367347,1.725284495021337,0.022030190639821427,-0.10579914840358493,Entertainment,Communication Services,NWSA
2022Q1,2022,Q1,2021-11-05,2021-09-30,196000000.0,2502000000.0,245000000.0,0.33,2502000000.0,1.0,16418000000.0,8210000000.0,4372000000.0,3272000000.0,7270000000.0,308000000.0,-2715000000.0,13929760000.0,15317760000.0,13.868243243243244,1.3361858190709046,0.2124497502740894,0.4248477466504263,0.014977209639264811,13.868243243243244,0.02387332521315469,5.567450039968025,17.767551020408163,1.6966820950060901,0.1377551020408163,0.0,0.0019382961371911646,0.1523937142161043,1.0999388753056234,0.01193811670118163,-397.99314285714286,1.0,17.5,13.823873873873874,0.24962347844027238,-0.3023853398853398,0.0040128410914927765,15.0,6.205882352941177,0.9143698153599145,-0.022112048657214906,-0.12546657444616627,Entertainment,Communication Services,NWSA
2021Q4,2021,Q4,2021-08-10,2021-06-30,-14000000.0,2492000000.0,34000000.0,-0.02,2492000000.0,1.0,16771000000.0,8211000000.0,4456000000.0,3234000000.0,7625000000.0,253000000.0,-2911000000.0,15230070000.0,16566070000.0,13.893401015228426,1.3778602350030922,0.2129867032377318,0.4350261843867982,0.00036546197977203773,13.893401015228426,-0.0017050298380221654,6.11158507223114,-271.9655357142857,1.85483741322616,-4.214285714285714,0.0,0.003873915221663459,0.14858982767873113,1.1546072974644404,-0.0008347743128018603,380.75175,1.0,-1.1538461538461537,-1.1526602744876857,0.09866019644776478,-0.30437046021819003,0.06723768736616702,-1.1772151898734178,-0.728,0.9627749576988156,-0.08716400167633943,-0.1300770280444451,Entertainment,Communication Services,NWSA
2021Q3,2021,Q3,2021-05-07,2021-03-31,79000000.0,2335000000.0,125000000.0,0.13,2335000000.0,1.0,15397000000.0,8188000000.0,3943000000.0,3169000000.0,6268000000.0,246000000.0,-2897000000.0,15029130000.0,15552130000.0,13.854483925549916,1.2442410855159356,0.16217444956809768,0.3049584758182706,0.007212275292547916,13.854483925549916,0.009648265754763068,6.436458244111349,47.56053797468354,1.8355068392769907,0.3037974683544304,0.0,0.0015968988224867307,0.1516529193998831,1.0441779741243293,0.005130869649931805,30.23969818913481,1.0,-0.6666666666666666,1.5203329585845855,0.2118137298325579,-0.31119486740794183,-0.03272576636288318,-0.658008658008658,-0.6212121212121212,1.0690874344481645,0.10052200429600555,-0.1685883552655068,Entertainment,Communication Services,NWSA
2021Q2,2021,Q2,2021-02-05,2020-12-31,231000000.0,2414000000.0,330000000.0,0.39,2414000000.0,1.0,15094000000.0,8131000000.0,3596000000.0,2861000000.0,6020000000.0,203000000.0,-2976000000.0,10620270000.0,11605270000.0,13.758037225042301,1.256903180706047,0.06916655624751557,0.12839749108350756,0.023784696716811608,13.758037225042301,0.028409789693764606,4.399449047224524,11.4937987012987,1.3061456155454434,0.2597402597402597,0.0,0.005649573880890034,0.15993109844971512,1.0506815798671794,0.015304094342122697,42.82366935483871,1.0,5.500000000000001,2.604624929498026,0.09817398255961897,-0.3232797470581123,0.14029286726499765,5.794117647058823,2.173076923076923,3.7454589933337408,0.09235008305003178,-0.2627816450184134,Entertainment,Communication Services,NWSA
2021Q1,2021,Q1,2020-11-06,2020-09-30,34000000.0,2117000000.0,104000000.0,0.06,2117000000.0,1.0,14400000000.0,7639000000.0,3435000000.0,2738000000.0,5946000000.0,203000000.0,-3207000000.0,8271800000.0,9275800000.0,12.947457627118643,1.2545653761869977,0.08375,0.15787406728629402,0.006719011172692884,12.947457627118643,0.0044508443513548894,3.907321681624941,60.82205882352941,1.0828380678099228,0.5882352941176471,0.0,0.0024178534297250903,0.1470138888888889,1.0149744338933528,0.002361111111111111,133.41612903225806,1.0,1.08955223880597,-0.808677966101695,0.03510763637587735,-0.35351728417360506,0.10088403536141445,1.0856423173803527,1.9714285714285715,-0.5067796610169492,0.014720561348025914,-0.3107637117915439,Entertainment,Communication Services,NWSA
2020Q4,2020,Q4,2020-08-11,2020-06-30,-397000000.0,1923000000.0,35000000.0,-0.67,1923000000.0,1.0,14261000000.0,7582000000.0,3461000000.0,2682000000.0,5872000000.0,348000000.0,-3241000000.0,6985540000.0,6727540000.0,12.872665534804753,1.290454884414616,0.08828272912138,0.1660511738327618,0.003459086766183967,12.872665534804753,-0.05236085465576365,3.632626105044202,-4.398954659949622,0.9213321023476655,-0.14609571788413098,0.0,0.00830286563386653,0.13484327887244935,1.0141685309470545,-0.027838160016829115,32.490883720930235,1.0,0.4596774193548387,-0.03956576027883337,-0.1109711042156174,-0.3727735890688533,-0.15136804942630186,0.45616438356164385,-0.573170731707317,0.08559013143053891,-0.0864682643332899,-0.3068839539960805,Entertainment,Communication Services,NWSA
2020Q3,2020,Q3,2020-05-08,2020-03-31,-730000000.0,2266000000.0,82000000.0,-1.24,2266000000.0,1.0,14428000000.0,7832000000.0,3741000000.0,2689000000.0,5860000000.0,363000000.0,-2845000000.0,5277300000.0,6409300000.0,13.319727891156463,1.3912235031610265,0.07728028832825062,0.14236465781409602,0.007845446405087756,13.319727891156463,-0.0932073544433095,2.3289055604589586,-1.8072945205479451,0.6738125638406537,-0.026027397260273973,0.0,0.003600325924241563,0.15705572497920708,0.9761993306061733,-0.050596063210424175,30.681976744186045,1.0,-9.857142857142856,-32.41526175687667,0.08771947188186627,-0.37427704958809743,-0.08592174263816055,-9.588235294117647,-0.5751295336787565,-143.51020408163265,0.13391180536926603,-0.30530678083582213,Entertainment,Communication Services,NWSA
2020Q2,2020,Q2,2020-02-07,2019-12-31,85000000.0,2479000000.0,193000000.0,0.14,2479000000.0,1.0,16282000000.0,8958000000.0,3718000000.0,2727000000.0,6155000000.0,358000000.0,-2114000000.0,8314320000.0,9769320000.0,15.23469387755102,1.3634030069673635,0.07376243704704581,0.1340701049341371,0.010975747788038153,15.23469387755102,0.009488725161866489,3.35390076643808,24.45388235294118,0.9281446751507033,0.6941176470588235,0.0,0.007096190668629545,0.15225402284731607,1.042170883755042,0.005220488883429554,184.76266666666666,1.0,1.358974358974359,-0.4136815565386994,0.07248776703663919,-0.3003861877292484,0.0594017094017094,1.3744493392070485,2.2711864406779663,1.2906162464985995,0.1576030695832207,-0.19349821021802807,Entertainment,Communication Services,NWSA
2020Q1,2020,Q1,2019-11-08,2019-09-30,-227000000.0,2340000000.0,59000000.0,-0.39,2340000000.0,1.0,16233000000.0,8714000000.0,3799000000.0,3492000000.0,6404000000.0,402000000.0,-2200000000.0,8171040000.0,8059040000.0,14.844974446337309,1.0879152348224512,0.08187026427647386,0.15251319715400505,0.004644234270263172,14.844974446337309,-0.026050034427358273,3.4918974358974357,-8.998942731277532,0.9376910718384209,-0.09691629955947137,0.0,0.0026924357242162564,0.14415080391794494,0.8536655211912944,-0.013983860038193803,-90.78933333333333,1.0,-3.333333333333334,-4.450661774341502,0.07539320946079792,-0.3305275500446591,-0.051094890510948905,-3.450980392156863,-0.4326923076923077,-13.978648495173198,0.17866756830565556,-0.2532528005781838,Entertainment,Communication Services,NWSA
2019Q4,2019,Q4,2019-08-13,2019-06-30,-51000000.0,2466000000.0,104000000.0,-0.09,2466000000.0,1.0,15711000000.0,9144000000.0,4050000000.0,3340000000.0,5400000000.0,348000000.0,-1979000000.0,7956000000.0,7766000000.0,15.63076923076923,1.2125748502994012,0.09248297371268538,0.15890201224846895,0.014721147494573936,15.63076923076923,-0.00557742782152231,3.2262773722627736,-39.0,0.8700787401574803,-1.1568627450980393,0.0,0.007415786827551534,0.15696009165552796,0.954191616766467,-0.0032461332824135956,71.03571428571429,1.0,-5.5,-4.88284023668639,0.11651770004926465,-0.31763436744210327,0.003663003663003663,-6.1,0.31645569620253167,-1.5618233618233617,0.09834819268781536,-0.21738206544836386,Entertainment,Communication Services,NWSA
2019Q3,2019,Q3,2019-05-10,2019-03-31,10000000.0,2457000000.0,79000000.0,0.02,2457000000.0,1.0,16058000000.0,9289000000.0,4247000000.0,3679000000.0,5600000000.0,404000000.0,-1927000000.0,7324200000.0,7222200000.0,15.878632478632479,1.154389779831476,0.09627599950180596,0.16643341586823124,0.005589909244731579,15.878632478632479,0.0010765421466250404,2.980952380952381,183.10499999999996,0.788480999031112,2.1,0.0,0.0028672073400507906,0.15300784655623365,0.8912748029355804,0.0006227425582264292,48.828,1.0,-0.8750000000000001,-0.7938034188034188,0.170259865255053,-0.29571562700105675,-0.06471259992386753,-0.8947368421052632,-0.6183574879227053,1.0665404692250329,0.28820729772607084,-0.21056001734897672,Entertainment,Communication Services,NWSA
2019Q2,2019,Q2,2019-02-08,2018-12-31,95000000.0,2627000000.0,207000000.0,0.16,2627000000.0,1.0,16227000000.0,9264000000.0,4429000000.0,3712000000.0,5793000000.0,400000000.0,-1937000000.0,6639750000.0,6701750000.0,15.835897435897436,1.1931573275862069,0.1035311517840636,0.18134715025906736,0.012935760738052027,15.835897435897436,0.010254749568221071,2.5275028549676435,17.473026315789472,0.71672603626943,0.6105263157894737,0.0,0.00873526864716292,0.16189067603377089,0.9350754310344828,0.0058544401306464535,58.24342105263158,1.0,-0.058823529411764754,-0.37731363559178127,0.1617767695515685,-0.28193401085561787,0.04080824088748019,-0.0594059405940594,0.06153846153846154,0.4976258309591643,0.20732883240981348,-0.221075481691804,Entertainment,Communication Services,NWSA
2019Q1,2019,Q1,2018-11-08,2018-09-30,101000000.0,2524000000.0,195000000.0,0.17,2524000000.0,1.0,16288000000.0,9261000000.0,4469000000.0,3545000000.0,5858000000.0,388000000.0,-2032000000.0,7650400000.0,7621400000.0,15.857876712328768,1.2606488011283499,0.11401031434184676,0.2005183025591189,0.012612405027983773,15.857876712328768,0.010905949681459885,3.0310618066561013,18.936633663366337,0.8260878954756505,0.22772277227722773,0.0,0.003006378751437833,0.1549607072691552,0.9968970380818054,0.006200884086444008,-382.52,1.0,1.265625,2.7087138508371384,0.20771737980642083,-0.28496919115034985,-0.06275529149647234,1.2722371967654986,0.4233576642335766,-0.42582191780821926,0.24678959611486712,-0.20819642747825598,Entertainment,Communication Services,NWSA
2018Q4,2018,Q4,2018-08-15,2018-06-30,-371000000.0,2693000000.0,137000000.0,-0.64,2693000000.0,1.0,16346000000.0,9311000000.0,4394000000.0,3295000000.0,5849000000.0,376000000.0,-2163000000.0,9036500000.0,8954500000.0,15.970840480274443,1.333535660091047,0.11941759451853665,0.2096445064976909,0.01478808658244537,15.970840480274443,-0.0398453442165181,3.35555142963238,-6.089285714285714,0.9705187412737621,-0.15902964959568733,0.0,0.006529076522990096,0.1647497858803377,1.106525037936267,-0.022696684204086628,70.59765625,1.0,0.6701030927835051,0.6721934648980913,0.18499032170544694,-0.26481820336469214,0.2866698518872432,0.6710992907801419,0.6707317073170732,0.0185185185185185,0.25782344698738896,-0.22181362306727956,Entertainment,Communication Services,NWSA
2018Q3,2018,Q3,2018-05-11,2018-03-31,-1128000000.0,2093000000.0,82000000.0,-1.94,2093000000.0,1.0,13372000000.0,9715000000.0,3986000000.0,2467000000.0,3361000000.0,224000000.0,-1792000000.0,9211400000.0,7375400000.0,16.663807890222984,1.6157276043777868,0.020640143583607537,0.028409675759135358,0.00822962888822162,16.663807890222984,-0.11610910962429233,4.401051122790253,-2.0415336879432626,0.9481626351003604,-0.016843971631205674,0.0,0.0020626614846820245,0.15652108884235716,1.418321848398865,-0.0843553694286569,48.73756613756614,1.0,-12.857142857142854,-4.465329201939365,-0.047312085875021656,-0.23284402732440637,-0.03990825688073395,-12.590361445783133,-0.6419213973799127,-49.959355656648526,0.013292894540263892,-0.2171816779312474,Entertainment,Communication Services,NWSA
2018Q2,2018,Q2,2018-02-09,2017-12-31,-83000000.0,2180000000.0,229000000.0,-0.14,2180000000.0,1.0,14359000000.0,10880000000.0,3718000000.0,2270000000.0,3181000000.0,216000000.0,-664000000.0,9450430000.0,7875430000.0,18.662092624356774,1.637885462555066,0.019569607911414443,0.02582720588235294,-0.008012897828395473,18.662092624356774,-0.007628676470588235,4.335059633027523,-28.465150602409636,0.8686056985294118,-0.7108433734939759,0.0,0.006243102165721559,0.15182115746221883,1.4480176211453744,-0.005780346820809248,66.55232394366197,1.0,-2.166666666666667,-1.0588705778790781,-0.06799278547795774,-0.13193712662005186,0.05928085519922255,-2.2205882352941178,0.506578947368421,-1.577432858736461,-0.048779753844302,-0.14299178763840623,Entertainment,Communication Services,NWSA
2018Q1,2018,Q1,2017-11-13,2017-09-30,68000000.0,2058000000.0,152000000.0,0.12,2058000000.0,1.0,14662000000.0,10933000000.0,3768000000.0,2417000000.0,3446000000.0,225000000.0,-581000000.0,7717320000.0,6226320000.0,18.785223367697593,1.5589573851882499,0.02632655845041604,0.035305954449830784,0.008285823309705202,18.785223367697593,0.006219701820177444,3.7499125364431487,28.3725,0.7058739595719382,0.3088235294117647,0.0,0.0027211519024739157,0.14036284272268448,1.3657426561853538,0.0046378393125085255,-116.9290909090909,1.0,1.162162162162162,1.7346907576572537,-0.04095716271066836,0.1820023495485252,-0.010576923076923078,1.1585081585081585,0.3217391304347826,0.04255881575469204,-0.046080076720211006,-0.15283185185719586,Entertainment,Communication Services,NWSA
2017Q4,2017,Q4,2017-08-14,2017-06-30,-429000000.0,2080000000.0,115000000.0,-0.74,2080000000.0,1.0,14552000000.0,10809000000.0,3815000000.0,2452000000.0,3459000000.0,208000000.0,-648000000.0,7973400000.0,6336400000.0,18.572164948453608,1.5558727569331159,0.026044529961517317,0.035063373114996764,0.010681963167819863,18.572164948453608,-0.03968914793227866,3.8333653846153846,-4.646503496503496,0.7376630585623092,-0.13752913752913754,0.0,0.00739960368224346,0.14293567894447498,1.3760195758564437,-0.029480483782297964,42.63850267379679,1.0,-73.0,0.8077442925315832,-0.031159219187302908,0.204627696252527,0.05156723963599596,-84.8,0.08490566037735849,-33.829896907216494,-0.05339508210637505,-0.18922690905868664,Entertainment,Communication Services,NWSA
2017Q3,2017,Q3,2017-05-10,2017-03-31,-5000000.0,1978000000.0,106000000.0,-0.01,1978000000.0,1.0,14886000000.0,11159000000.0,3762000000.0,2461000000.0,3449000000.0,228000000.0,-219000000.0,7566000000.0,6092000000.0,19.173539518900345,1.5286468915075173,0.02525863227193336,0.03369477551751949,0.0,19.173539518900345,-0.00044806882337126985,3.8250758341759354,-378.29999999999995,0.6780177435254054,-3.2,0.0,0.0021147237642083,0.13287652828160687,1.3149126371393742,-0.00033588606744592236,48.81290322580645,1.0,0.98,-1.1553114653135739,-0.07693948277108237,0.0,-0.06521739130434782,0.9826989619377162,-0.48292682926829267,-1.1036297250859106,-0.053029776847285784,-0.14957259219830704,Entertainment,Communication Services,NWSA
2017Q2,2017,Q2,2017-02-10,2016-12-31,-289000000.0,2116000000.0,205000000.0,-0.5,2116000000.0,1.0,14527000000.0,10975000000.0,3591000000.0,2325000000.0,3279000000.0,226000000.0,-213000000.0,6658260000.000001,5449260000.000001,18.889845094664373,1.544516129032258,0.024437254766985612,0.03234624145785877,0.015786808634834008,18.889845094664373,-0.02633257403189066,3.1466257088846885,-5.7597404844290665,0.6066751708428246,-0.2041522491349481,0.0,0.008861173940338767,0.1456598058787086,1.3526881720430108,-0.019893990500447444,31.259436619718315,1.0,-15.666666666666666,-4.94189748883597,-0.053074108618615674,0.0,0.07684478371501273,-18.266666666666666,19.5,-2.907318963650249,-0.057767646610955466,-0.1434552189043252,Entertainment,Communication Services,NWSA
2017Q1,2017,Q1,2016-11-08,2016-09-30,-15000000.0,1965000000.0,10000000.0,-0.03,1965000000.0,1.0,15269000000.0,11550000000.0,3328000000.0,2287000000.0,3503000000.0,233000000.0,76000000.0,8122380000.0,7000380000.0,19.879518072289155,1.455181460428509,0.02469054947933722,0.032640692640692644,0.0,19.879518072289155,-0.0012987012987012987,4.133526717557252,-135.37300000000002,0.7032363636363637,-1.2,0.0,0.002216099222149173,0.12869212129150567,1.2466112811543506,-0.0009823826052786692,-25.622649842271294,1.0,-1.2,-1.3930411355195216,-0.09627770317959389,0.0,-0.11725067385444744,-1.1666666666666667,-0.9038461538461539,-1.5536431440045897,-0.05490550176436573,-0.10363359832914713,Entertainment,Communication Services,NWSA
2016Q4,2016,Q4,2016-08-12,2016-06-30,90000000.0,2226000000.0,104000000.0,0.15,2226000000.0,1.0,15483000000.0,11584000000.0,3889000000.0,2442000000.0,3681000000.0,218000000.0,150000000.0,6583000000.0,5120000000.0,19.97241379310345,1.5925470925470926,0.023832590583220306,0.0318542817679558,0.004959424412281436,19.97241379310345,0.007769337016574586,2.957322551662174,18.28611111111111,0.5682838397790054,0.6555555555555556,0.0,0.008962479112866474,0.14377058709552412,1.276003276003276,0.005812826971517148,22.937282229965156,1.0,1.576923076923077,1.0404724457728305,0.04042128186988978,0.29545063179032754,0.17715494447382338,1.604026845637584,2.25,1.079933120628298,-0.015435503338273246,-0.08061475701964571,Entertainment,Communication Services,NWSA
2016Q3,2016,Q3,2016-05-06,2016-03-31,-149000000.0,1891000000.0,32000000.0,-0.26,1891000000.0,1.0,15716000000.0,11666000000.0,3905000000.0,2648000000.0,3851000000.0,367000000.0,60000000.0,7406600000.0,5803600000.0,20.113793103448277,1.4746978851963746,0.02347925680834818,0.031630378878793074,0.0015059321815795376,20.113793103448277,-0.012772158409051946,3.9167636171337916,-12.42718120805369,0.634887707869021,-0.09395973154362416,0.0,0.001890206032457538,0.12032323746500381,1.240558912386707,-0.009480783914482057,40.473224043715845,1.0,-3.3636363636363638,-5.644241258297415,-0.11449624406184224,0.0,-0.12494215640906987,-3.365079365079365,-0.7961783439490446,-1.460110589057329,-0.13480596323473584,-0.0740161784075254,Entertainment,Communication Services,NWSA
2016Q2,2016,Q2,2016-02-05,2015-12-31,63000000.0,2161000000.0,157000000.0,0.11,2161000000.0,1.0,14875000000.0,11812000000.0,3795000000.0,2096000000.0,2876000000.0,254000000.0,268000000.0,7762160000.0,5879160000.0,20.330464716006883,1.810591603053435,0.0,0.0,0.009089717400565854,20.330464716006883,0.005333559092448358,3.591929662193429,30.80222222222222,0.6571418896037928,0.9206349206349206,0.0,0.007472146928174632,0.14527731092436974,1.5706106870229009,0.0042352941176470585,52.447027027027026,1.0,-0.6333333333333334,-0.14069362700115526,-0.03293627066390764,0.0,0.07298907646474677,-0.64,2.5681818181818183,-0.9551612828957,-0.0729354598135264,-0.054333189007260974,Entertainment,Communication Services,NWSA
2016Q1,2016,Q1,2015-11-06,2015-09-30,175000000.0,2014000000.0,44000000.0,0.3,2014000000.0,1.0,14756000000.0,11636000000.0,3889000000.0,2166000000.0,2955000000.0,293000000.0,204000000.0,7332220000.0,5434220000.0,20.02753872633391,1.7954755309325947,0.0,0.0,0.010398762461326917,20.02753872633391,0.015039532485390169,3.640625620655412,10.474599999999999,0.6301323478858714,0.09142857142857143,0.0,0.002182149471783444,0.13648685280563838,1.5046168051708217,0.011859582542694497,94.0028205128205,1.0,1.4615384615384615,3.5854799143944196,-0.0737421344548103,0.0,-0.059318075665576835,1.462962962962963,-0.2542372881355932,2.8940025733368255,-0.05984609521550132,0.2601712189862656,Entertainment,Communication Services,NWSA
2015Q4,2015,Q4,2015-08-13,2015-06-30,-378000000.0,2141000000.0,59000000.0,-0.65,2141000000.0,1.0,15093000000.0,11965000000.0,3975000000.0,2155000000.0,2957000000.0,319000000.0,88000000.0,8505970000.0,6554970000.0,20.523156089193826,1.8445475638051043,0.0,0.0,0.005327293892901916,20.523156089193826,-0.03159214375261178,3.9728958430639887,-5.6256415343915345,0.7109043042206435,-0.0026455026455026454,0.0,0.00011756448706026473,0.14185383952825814,1.5424593967517402,-0.025044722719141325,447.6826315789474,1.0,-17.25,0.8308904324140395,-0.004456655709006002,0.3311728766233629,0.03831231813773036,-17.434782608695652,0.9032258064516129,0.8308904324140395,-0.004456655709006002,0.3311728766233629,Entertainment,Communication Services,NWSA
2015Q3,2015,Q3,2015-05-06,2015-03-31,23000000.0,2062000000.0,31000000.0,0.04,2062000000.0,1.0,15686000000.0,12389000000.0,4088000000.0,2273000000.0,3140000000.0,370000000.0,467000000.0,9317820000.0,7290820000.0,21.286941580756015,1.7985041794984602,0.0,0.0,0.0016360667341376034,21.286941580756015,0.0018564855920574703,4.518826382153249,101.28065217391305,0.7521042860602147,0.5217391304347826,0.0,0.001287854884511613,0.13145480045900804,1.490101187857457,0.001466275659824047,74.54256,1.0,-0.8333333333333333,-0.2855672595575601,-0.037739743920107115,0.0,-0.0956140350877193,-0.8391608391608392,-0.8393782383419689,-0.2855672595575601,-0.037739743920107115,0.0,Entertainment,Communication Services,NWSA
2015Q2,2015,Q2,2015-02-06,2014-12-31,143000000.0,2280000000.0,193000000.0,0.24,2280000000.0,1.0,15970000000.0,12630000000.0,4052000000.0,2329000000.0,3183000000.0,274000000.0,444000000.0,9100200000.0,7182200000.0,21.775862068965516,1.7398024903392013,0.0,0.0,0.01158518845863485,21.775862068965516,0.011322248614410134,3.9913157894736844,15.90944055944056,0.720522565320665,0.0,0.0,0.0,0.1427676894176581,1.4697294976384714,0.008954289292423293,37.9175,1.0,1.1818181818181819,0.9538519810581011,0.022076290492057317,0.0,0.06046511627906977,1.2,3.948717948717949,0.9538519810581011,0.022076290492057317,0.0,Entertainment,Communication Services,NWSA
2015Q1,2015,Q1,2014-11-06,2014-09-30,65000000.0,2150000000.0,39000000.0,0.11,2150000000.0,1.0,16123000000.0,12861000000.0,4865000000.0,2293000000.0,3121000000.0,293000000.0,302000000.0,9483000000.0,6748000000.0,22.174137931034483,2.121674662014828,0.0,0.0,0.002134826218801026,22.174137931034483,0.00505403934375243,4.410697674418604,36.473076923076924,0.7373454630277584,0.26153846153846155,0.0,0.0017926816408309605,0.13334987285244682,1.8342782381160052,0.004031507783911183,137.43478260869566,1.0,4.5,0.7061147681488202,-0.009489596320777206,0.0,-0.01646843549862763,4.0,2.3,0.7061147681488202,-0.009489596320777206,0.0,Entertainment,Communication Services,NWSA
2014Q4,2014,Q4,2014-08-14,2014-06-30,13000000.0,2186000000.0,-30000000.0,0.02,2186000000.0,1.0,16489000000.0,13263000000.0,5270000000.0,2264000000.0,3070000000.0,310000000.0,237000000.0,10387260000.0,7242260000.0,22.906735751295336,2.32773851590106,0.0,0.0,-0.002733167458342758,22.906735751295336,0.0009801703988539547,4.751720036596524,199.755,0.7831757520922868,0.07692307692307693,0.0,9.627177908322309e-05,0.13257323063860757,2.0313604240282683,0.0007884043908059919,-123.65785714285714,1.0,-0.75,1.0058561166978919,0.023490119794170466,0.48577661211467393,0.0519730510105871,-0.7291666666666666,-1.9090909090909092,1.0058561166978919,0.023490119794170466,0.48577661211467393,Entertainment,Communication Services,NWSA
2014Q3,2014,Q3,2014-05-09,2014-03-31,48000000.0,2078000000.0,33000000.0,0.08,2078000000.0,1.0,16543000000.0,13054000000.0,5370000000.0,2498000000.0,3355000000.0,364000000.0,225000000.0,9970380000.0,6763380000.0,22.545768566493955,2.1497197758206563,0.0,0.0,0.002487187217365089,22.545768566493955,0.003677033859353455,4.798065447545717,51.92906249999999,0.763779684387927,0.20833333333333334,0.0,0.0010029707995081432,0.1256120413467932,1.878302642113691,0.002901529347760382,33.3457525083612,1.0,-0.6923076923076923,0.4987154041450778,-0.025248635426143445,0.0,-0.07149240393208221,-0.6821192052980133,1.6734693877551021,0.4987154041450778,-0.025248635426143445,0.0,Entertainment,Communication Services,NWSA
2014Q2,2014,Q2,2014-02-07,2013-12-31,151000000.0,2238000000.0,-49000000.0,0.26,2238000000.0,1.0,15983000000.0,12769000000.0,5112000000.0,2292000000.0,3092000000.0,277000000.0,177000000.0,10433580000.0,7525580000.0,22.053540587219345,2.230366492146597,0.0,0.0,0.014155811383472125,22.053540587219345,0.011825514918944319,4.66201072386059,17.27413907284768,0.8171023572715169,0.006622516556291391,0.0,9.584437939805896e-05,0.14002377526121504,1.9790575916230366,0.009447538009134705,38.93126865671642,1.0,4.2,1.0667216988667283,0.004981295723350995,0.0,0.08011583011583012,4.592592592592593,0.8985507246376812,1.0667216988667283,0.004981295723350995,0.0,Entertainment,Communication Services,NWSA
2014Q1,2014,Q1,2013-11-12,2013-09-30,27000000.0,2072000000.0,-483000000.0,0.05,2072000000.0,1.0,16343000000.0,12841000000.0,5230000000.0,2645000000.0,3384000000.0,275000000.0,27000000.0,9298740000.0,6610740000.0,22.17789291882556,1.9773156899810964,0.0,0.0,0.0032633057853002976,22.17789291882556,0.002102639981309867,4.48780888030888,86.09944444444444,0.7241445370298263,0.4444444444444444,0.0,0.0012904974222313992,0.1267821085480022,1.7761814744801512,0.001652083460808909,-1162.3425,1.0,1.0257562277580072,-0.29008217698391064,-0.04377572982645075,0.0,-0.08196721311475409,1.0240213523131672,-23.15,-0.29008217698391064,-0.04377572982645075,0.0,Entertainment,Communication Services,NWSA
2013Q4,2013,Q4,2013-09-20,2013-06-30,-1124000000.0,2257000000.0,-20000000.0,-1.9412780656303972,2257000000.0,1.0,15643000000.0,12578000000.0,4643000000.0,2171000000.0,2947000000.0,301000000.0,0.0,8563409999.999999,6182409999.999999,21.723661485319518,2.1386457853523724,0.0,0.0,-0.0012121621356706751,21.723661485319518,-0.08936237875655907,3.794155959237926,-1.9046730427046263,0.6808244553983145,0.0,0.0,0.0,0.14428178738093717,1.825426070935053,-0.07185322508470242,-356.80875,1.0,-4.476893105114648,0.49367114088997077,0.0567324795862044,0.40904005331963883,0.035321100917431195,-4.479876160990712,-1.8,0.49367114088997077,0.0567324795862044,0.40904005331963883,Entertainment,Communication Services,NWSA
2013Q3,2013,Q3,2013-03-31,2013-03-31,323000000.0,2180000000.0,25000000.0,0.558337,2180000000.0,1.0,16954000000.0,12566000000.0,3851000000.0,2493000000.0,4388000000.0,0.0,0.0,18257590847.76,16718590847.759998,21.721538362146845,1.5447252306458084,0.0,0.0,0.0019599777270964793,21.721538362146845,0.025704281394238422,8.375041673284404,14.13126226606811,1.4529357669711922,0.02786377708978328,0.0,0.0004929456506636634,0.1285832251975935,1.2041716807059768,0.019051551256340688,55.49419710565349,1.0,-0.769120615836044,9.093750000000002,0.02347417840375597,0.0,-0.06074967686342094,-0.7691208005718371,-0.8538011695906432,9.093750000000002,0.02347417840375597,0.0,Entertainment,Communication Services,NWSA
2013Q2,2013,Q2,2012-12-31,2012-12-31,1399000000.0,2321000000.0,171000000.0,2.418306,2321000000.0,1.0,16561000000.0,12437000000.0,3164000000.0,2312000000.0,4124000000.0,0.0,0.0,18257590847.76,17516590847.76,21.49854946761263,1.3685121107266436,0.0,0.0,0.013788384716969259,21.49854946761263,0.11248693414810645,7.866260597914692,3.262614518899214,1.4680060181522876,0.0,0.0,0.0,0.14014854175472496,1.036764705882353,0.08447557514642835,1217.1727231839998,1.0,16.206506907458294,18.164383561643834,0.04314606741573045,0.0,0.08813877168307548,16.206521739130434,5.75,18.164383561643834,0.04314606741573045,0.0,Entertainment,Communication Services,NWSA
2013Q1,2013,Q1,2012-09-30,2012-09-30,-92000000.0,2133000000.0,-36000000.0,-0.159031,2133000000.0,1.0,13335000000.0,9194000000.0,3126000000.0,2442000000.0,4141000000.0,0.0,0.0,18257590847.76,17247590847.76,15.89271237478737,1.28009828009828,0.0,0.0,-0.002927878933969863,15.89271237478737,-0.01000652599521427,8.559583144753868,-49.613018608043475,1.9858158416097456,-0.11956521739130435,0.0,0.0006024891285889221,0.15995500562429696,0.9975429975429976,-0.006899137607799025,-120.91119766728475,1.0,0.9585211484028286,-3.4210526315789473,-0.014780600461893766,0.0,-0.00046860356138706655,0.9585211902614968,-1.6545454545454545,-3.4210526315789473,-0.014780600461893766,0.0,Entertainment,Communication Services,NWSA
2012Q4,2012,Q4,2012-06-30,2012-06-30,-2218000000.0,2134000000.0,55000000.0,-3.834026109123166,2134000000.0,1.0,13090000000.0,8919000000.0,3115000000.0,2467000000.0,4171000000.0,246000000.0,0.0,18257590847.76,17124590847.759998,15.417348452330712,1.2626672071341711,0.0,0.0,0.005184651279504964,15.417348452330712,-0.24868258773405091,8.555572093608246,-2.057888959395852,2.0470446067675745,0.0,0.0,0.0,0.16302521008403362,1.0141872719902716,-0.16944232238349885,124.20129828408162,1.0,-70.3125,0.0,0.0,0.0,0.0018779342723004694,-70.3125,0.25,0.0,0.0,0.0,Entertainment,Communication Services,NWSA
2012Q3,2012,Q3,2012-03-31,2012-03-31,32000000.0,2130000000.0,44000000.0,0.05531507461313855,2130000000.0,1.0,,,,,,,,18257590847.76,,,0.0,0.0,0.0,0.0,,0.0,8.571638895661971,142.637428498125,0.0,0.1875,0.0,0.0003286304337757756,0.0,0.0,0.0,72.73940576796812,1.0,-0.5616438356164383,0.0,0.0,0.0,-0.04269662921348315,-0.5616438356164384,-0.6239316239316239,0.0,0.0,0.0,Entertainment,Communication Services,NWSA
2012Q2,2012,Q2,2011-12-31,2011-12-31,73000000.0,2225000000.0,117000000.0,0.12618751396122233,2225000000.0,1.0,,,,,,,,18257590847.76,,,0.0,0.0,0.0,0.0,,0.0,8.205658807982022,62.525996053972605,0.0,0.0958904109589041,0.0,0.0003834021727384049,0.0,0.0,0.0,2028.6212053066665,1.0,0.9210424278962707,0.0,0.0,0.0,0.02771362586605081,0.9210526315789473,0.40963855421686746,0.0,0.0,0.0,Entertainment,Communication Services,NWSA
2012Q1,2012,Q1,2011-09-30,2011-09-30,38000000.0,2165000000.0,83000000.0,0.065687,2165000000.0,1.0,,,,,,,,18257590847.76,,,0.0,0.0,0.0,0.0,,0.0,8.4330673661709,120.11572926157893,0.0,0.0,0.0,0.0,0.0,0.0,0.0,264.6027659095652,1.0,0.0,0.0,0.0,0.0,0.0,0.0,0.0,0.0,0.0,0.0,Entertainment,Communication Services,NWSA
