Year,Date,FillingDate,NetIncome,Revenue,OperatingIncome,EPSDiluted,GrossProfit,GrossProfitRatio,TotalAssets,CommonStockEquity,CurrentAssets,CurrentLiability,TotalLiability,Inventory,RetainedEarnings,EnterpriseValue,bookValuePerShare,currentRatio,debtToAssets,debtToEquity,roic,shareholdersEquityPerShare,roe,priceToSalesRatio,peRatio,pbRatio,payoutRatio,inventoryTurnover,dividendYield,assetTurnover,quickRatio,returnOnAssets,priceToFreeCashFlowsRatio,grossProfitMargin,epsdilutedGrowth,fiveYNetIncomeGrowthPerShare,fiveYRevenueGrowthPerShare,fiveYShareholdersEquityGrowthPerShare,grossProfitGrowth,netIncomeGrowth,operatingIncomeGrowth,threeYNetIncomeGrowthPerShare,threeYRevenueGrowthPerShare,threeYShareholdersEquityGrowthPerShare,Industry,Sector,Price,MarketCap,AvgVolume,Symbol
2022,2022-12-31,2023-02-17,1644817000.0,10419294000.0,1677658000.0,7.92,4498785000.0,0.4317744561,10948820000.0,3299544000.0,2620406000.0,3257154000.0,7649276000.0,1173119000.0,3589781000.0,52200848380.0,15.96033550359399,0.80450786177135,0.4376129117110337,1.4521233843221972,0.17100090374581636,15.96033550359399,0.49849827733771696,4.594686778202055,29.105604076319736,14.509093492919021,0.4711952758270373,5.046810255396085,0.016189159812367574,0.9516362493857785,0.3607726254269832,0.15022778710399842,26.47343353852892,0.4317744561195797,0.11392405063291133,1.1567108484698887,0.4233452295210665,2.700820253240122,0.11119577690845078,0.11323427491621049,0.03997981606333888,0.44948892358247117,0.32182544315915085,0.9157498953608317,Confectioners,Consumer Defensive,242.09,49482958268,1085867,HSY
2021,2021-12-31,2022-02-18,1477512000.0,8971337000.0,1613164000.0,7.11,4048598000.0,0.4512814534,10412231000.0,2757229000.0,2246206000.0,2493313000.0,7655002000.0,988511000.0,2719936000.0,44696454980.0,13.337085336712878,0.9008921062056789,0.4829794882576078,1.8238942068286674,0.16226331081721915,13.337085336712878,0.5358684389290842,4.458290551341456,27.070390616116825,14.506167960659052,0.46428523084753287,4.979953687920519,0.017151035514467703,0.8616152484515567,0.40136557263368056,0.14190157709716583,25.202678362477293,0.4512814533664269,0.1636661211129296,1.125474228727597,0.24898589116171596,2.6342410275144035,0.09384051794127905,0.15547255511031446,0.17141259594367916,0.27450089454351456,0.16964220429682406,1.0023253823402576,Confectioners,Consumer Defensive,242.09,49482958268,1085867,HSY
2020,2020-12-31,2021-02-17,1278708000.0,8149719000.0,1377110000.0,6.11,3701269000.0,0.4541590943,9131845000.0,2237883000.0,2977905000.0,1891745000.0,6893962000.0,964207000.0,1928673000.0,35211217180.0,10.736032353703118,1.5741577221031375,0.504019176847614,2.056687056472568,0.1645502159105905,10.736032353703118,0.5713918019842861,3.8961563190092816,24.83176704924033,14.188668120719448,0.5010776502532244,4.613584012561618,0.02017889622029753,0.8924504303347243,0.9299456322073006,0.14002734387191199,25.23990202149232,0.4541590943196937,0.11904761904761911,1.6201519226794763,0.15965150596071856,1.356888912897704,0.02175058067985506,0.11221788096290136,-0.13712317162420926,0.6628920661364126,0.10416234956094246,1.4894292457122051,Confectioners,Consumer Defensive,242.09,49482958268,1085867,HSY
2019,2019-12-31,2020-02-20,1149692000.0,7986252000.0,1595952000.0,5.46,3622478000.0,0.4535892431,8140395000.0,1744994000.0,2117102000.0,2008793000.0,6395401000.0,815251000.0,1290461000.0,34558918900.0,8.331116468931274,1.0539174519226222,0.5241127733973597,2.4449854841907768,0.21023903277256273,8.331116468931274,0.6588515490597675,3.854836524066608,26.77734201855801,17.642293268630148,0.5308482619692927,5.352675433700787,0.019824531561100752,0.981064432377053,0.5285616785801225,0.14123294999812663,21.294943974500598,0.4535892431142919,-0.02150537634408604,0.4424137263156981,0.14335806395001938,0.2742629700610693,0.01318845139952312,-0.023667543619783925,-0.017067570630376727,0.6324034791674156,0.09739896728027585,1.2701575728129253,Confectioners,Consumer Defensive,242.09,49482958268,1085867,HSY
2018,2018-12-31,2019-02-22,1177562000.0,7791069000.0,1623664000.0,5.58,3575325000.0,0.45890044100495064,7703020000.0,1398721000.0,2239181000.0,2418566000.0,6295754000.0,784879000.0,7032020000.0,26376647740.0,6.660798217083427,0.9258300166296888,0.5786816079927094,3.186908611510087,0.23025522448741365,6.660798217083427,0.8418848362182308,2.8888269042412538,19.11326090685671,16.091164528165375,0.4776996879994429,5.371202440121343,0.0249931024500415,1.0114304519526107,0.4887784745175447,0.15287017299708425,17.702683153582846,0.45890044100495064,0.5245901639344261,0.5321644247845122,0.16389428391596592,-0.06956663361263896,0.0379751135064141,0.5039470945016545,0.27382062871035845,1.3951218974058395,0.10045087446025971,0.4622498285856821,Confectioners,Consumer Defensive,242.09,49482958268,1085867,HSY
2017,2017-12-31,2018-02-27,782981000.0,7515426000.0,1274641000.0,3.66,3444519000.0,0.4583265140259514,5553726000.0,915338000.0,2001910000.0,2076543000.0,4622161000.0,752836000.0,6371082000.0,26632230950.0,4.312648118919173,0.9640590153924095,0.5258595760755932,3.190602815571953,0.22634755343698998,4.312648118919173,0.8554009557125346,3.2056639171219303,30.7694949813597,26.32025541384713,0.6721389152482627,5.407428709572868,0.021844327170642466,1.353222323175468,0.46637175343828663,0.14098300852436724,24.29013747176964,0.4583265140259514,0.09580838323353302,0.25605782319041026,0.19928399736370325,-0.06389966897571635,0.09076564073934154,0.08740715845142796,0.057106461112820465,-0.030578104152790844,0.061808300772440594,-0.3403707868763966,Confectioners,Consumer Defensive,242.09,49482958268,1085867,HSY
2016,2016-12-31,2017-02-21,720044000.0,7440181000.0,1205783000.0,3.34,3157891000.0,0.4244373893592105,5524333000.0,785856000.0,1816778000.0,1909443000.0,4696646000.0,745678000.0,6115961000.0,24831598770.0,3.669840617542811,0.9514701407688001,0.5394622301009009,3.7922583781252546,0.20968012409947034,3.669840617542811,0.9162543773922958,2.9768626287451876,30.759782416074575,28.183785286362898,0.6936728866569265,5.742813922363272,0.022551293675420282,1.346801686285023,0.46000221006859066,0.13034044109940512,31.02020698908542,0.4244373893592105,0.43965517241379315,0.21129222614002974,0.29460696760520616,-0.020649090271930744,-0.06645155091754307,0.40372862125232234,0.16191042428926178,-0.08126623998418937,0.0899561679929983,-0.4873674222515991,Confectioners,Consumer Defensive,242.09,49482958268,1085867,HSY
2015,2015-12-31,2016-02-26,512951000.0,7386626000.0,1037759000.0,2.32,3382675000.0,0.457945887608226,5344371000.0,997997000.0,1848598000.0,2217912000.0,4296909000.0,750970000.0,5897603000.0,21632251570.0,4.5551711389331375,0.8334857289198129,0.4529114838771485,2.425385046247634,0.1726636395646503,4.5551711389331375,0.5139805029474036,2.6477925875765203,38.12889256478689,19.597507377276685,0.9282212141120691,5.331705660678855,0.0243443003893931,1.3821319665120555,0.4263478442787631,0.095979676560628,22.804576212096833,0.457945887608226,-0.34463276836158196,0.04590365399755608,0.3539435339569801,0.14970218324914186,0.013940853063067006,-0.3943278640519912,-0.27692175842184624,-0.2028368390730846,0.1418984319973807,-0.011257794875174736,Confectioners,Consumer Defensive,242.09,49482958268,1085867,HSY
2014,2014-12-31,2015-02-20,846912000.0,7421768000.0,1435196000.0,3.54,3336166000.0,0.44951095210736847,5629516000.0,1455062000.0,2247047000.0,1935647000.0,4109986000.0,801036000.0,5860784000.0,24939751150.0,6.537988362427265,1.160876440797315,0.3880376217067329,1.5012858558604376,0.2557096982305545,6.537988362427265,0.5820453011624247,3.116527106479211,27.31115056818182,15.896326857549713,0.5200233318219603,5.100397485256592,0.019040696602061157,1.3183669786177,0.5522313727657987,0.15044135232940095,49.48343534460628,0.44951095210736847,-0.01939058171745148,0.9886571709578449,0.4339790701644083,1.0676373790003877,0.016860884746870322,0.032227869391933894,0.05658082659717008,0.37083945345557334,0.24256818058870758,0.7447582927516545,Confectioners,Consumer Defensive,242.09,49482958268,1085867,HSY
2013,2013-12-31,2014-02-21,820470000.0,7146079000.0,1358340000.0,3.61,3280848000.0,0.45911163310677083,5357488000.0,1604834000.0,2487334000.0,1408022000.0,3741436000.0,659541000.0,5454286000.0,22640141480.0,7.15881271857826,1.7665448409186788,0.3662195790265886,1.2225669446185712,0.24969979694492409,7.15881271857826,0.5112491385401855,3.0501527453027037,26.566032249808035,13.581861102145144,0.4799700171852719,5.86048630790201,0.01806705693465911,1.3338488112339215,1.1338033070506,0.15314453340819428,26.02601628190769,0.45911163310677083,0.24913494809688572,1.673638480194562,0.41280341813063226,4.117959736198084,0.14719698225311395,0.24138525806778618,0.1749471925098998,0.634985582320022,0.2801406162935916,0.8068481646441079,Confectioners,Consumer Defensive,242.09,49482958268,1085867,HSY
2012,2012-12-31,2013-02-22,660931000.0,6644252000.0,1156086000.0,2.89,2859882000.0,0.43042949003138353,4754839000.0,1036749000.0,2113485000.0,1471110000.0,3706466000.0,633262000.0,5027617000.0,17430692920.0,4.607036207540127,1.4366600730060974,0.4010367122840542,1.8392735367962738,0.2555946107849472,4.607036207540127,0.637503387994587,2.4460390605293116,24.589707427855554,15.676021795053575,0.5162505617076518,5.975994138287154,0.02099457926542209,1.3973663461580927,0.8086784808749855,0.13900176220477706,19.89579612688083,0.43042949003138353,0.054744525547445216,2.0593762359707752,0.33147211555920936,0.7333210750375838,0.1295434402415269,0.05082818993834286,0.09578703124466839,0.5348400123517659,0.2695999306098946,0.45697418549422003,Confectioners,Consumer Defensive,242.09,49482958268,1085867,HSY
2011,2011-12-31,2012-02-17,628962000.0,6080788000.0,1055028000.0,2.74,2531892000.0,0.41637564078866096,4412199000.0,849022000.0,2046558000.0,1173775000.0,3539551000.0,648953000.0,4699597000.0,15192228720.0,3.747217244697097,1.7435692530510531,0.42794375321693334,2.2239388378628586,0.2517829257306334,3.747217244697097,0.7408076586943566,2.3019618049502797,22.25530591673265,16.486901069701375,0.48346799965657705,5.468648731109957,0.0217237184456351,1.3781762789937626,0.9313411854912569,0.14255068731034118,59.99889292756108,0.41637564078866096,0.239819004524887,0.13769149091562252,0.24371392393235625,0.2562863841312894,0.048312195057320116,0.233745064231197,0.16539305289528972,1.0278854935441013,0.1894681847739509,1.6789507890570485,Confectioners,Consumer Defensive,242.09,49482958268,1085867,HSY
2010,2010-12-31,2011-02-18,509799000.0,5671009000.0,905298000.0,2.21,2415208000.0,0.42588682190417965,4272732000.0,902316000.0,2005217000.0,1298845000.0,3335131000.0,533622000.0,4374718000.0,11680604000.0,3.962044436638272,1.5438462634109535,0.42766665449646735,2.0251275606328605,0.20903195516047607,3.962044436638272,0.5649894272073198,1.8934798022715182,21.06308760903807,11.900421803448015,0.535966135673079,6.101324533096461,0.025445753520158102,1.3272559570785156,0.9814127166828991,0.11931452756690566,15.341318349106205,0.42588682190417965,0.16315789473684214,0.08140735292157063,0.22695470189075567,-0.07540244637163183,0.17635014127162482,0.16927985247503405,0.18869470449979647,1.331784597376357,0.122946328907691,0.4906536030736658,Confectioners,Consumer Defensive,242.09,49482958268,1085867,HSY
2009,2009-12-31,2010-02-19,435994000.0,5298668000.0,761590000.0,1.9,2053137000.0,0.3874817218214087,3675031000.0,720459000.0,1385434000.0,910628000.0,2914692000.0,519712000.0,4148353000.0,9443010550.0,3.1620575391165047,1.5214050084117774,0.4195999979319902,2.1403619081724288,0.218678191833079,3.1620575391165047,0.6051614318094437,1.5389853733051402,18.703405436772066,11.318579613829517,0.5873498259150355,6.244864463395111,0.031403362767310226,1.4418022596271978,0.7291616335100611,0.11863682238326698,8.860978627133727,0.3874817218214087,0.3970588235294116,-0.19598518286075206,0.3035233225623423,-0.27931901250213625,0.1680696220895502,0.40008670381015077,0.2910537075901258,-0.21575603659395737,0.07770007232831325,0.06010662655158295,Confectioners,Consumer Defensive,242.09,49482958268,1085867,HSY
2008,2008-12-31,2009-02-20,311405000.0,5132768000.0,589898000.0,1.36,1757718000.0,0.34245031141091903,3634719000.0,318199000.0,1344945000.0,1270212000.0,3284775000.0,592530000.0,3975762000.0,9873218640.0,1.3987630008000493,1.0588350606040566,0.5523007418180057,6.308813038381642,0.16053595652653688,1.3987630008000493,0.978648581548025,1.5396884565988567,25.37808846999888,24.83623028356469,0.8443955620494211,5.69599851484313,0.0332726226818713,1.4121498800870163,0.38753845814714394,0.08567512371657891,33.40433185956666,0.34245031141091903,0.4623655913978495,-0.21327734203455095,0.4220566193571694,-0.7125904361832204,0.077317600420209,0.4541171306629809,0.2856654033001545,-0.3386968942364402,0.11174316828947709,-0.6735794185733721,Confectioners,Consumer Defensive,242.09,49482958268,1085867,HSY
TTM,,,,,,,,,,,,,,,,53725162268.0,16.88160206970614,0.830786615744505,0.4232140019032503,1.359761043151894,0.20987453184434376,16.88160206970614,0.5335930734094788,4.607057096813267,29.198620331534908,14.34046360057426,0.47176371955886404,5.172171028163275,0.01711760089223016,0.9666264321400551,0.4014164300769074,0.15286156220959188,26.42958990009913,0.4315950180840388,,,,,,,,,,,Confectioners,Consumer Defensive,242.09,49482958268,1085867,HSY
