Quarters,Year,Quarter,FillingDate,Date,NetIncome,Revenue,OperatingIncome,EPSDiluted,GrossProfit,GrossProfitRatio,TotalAssets,CommonStockEquity,CurrentAssets,CurrentLiability,TotalLiability,Inventory,RetainedEarnings,MarketCap,EnterpriseValue,bookValuePerShare,currentRatio,debtToAssets,debtToEquity,roic,shareholdersEquityPerShare,roe,priceToSalesRatio,peRatio,pbRatio,payoutRatio,inventoryTurnover,dividendYield,assetTurnover,quickRatio,returnOnAssets,priceToFreeCashFlowsRatio,grossProfitMargin,epsdilutedGrowth,fiveYNetIncomeGrowthPerShare,fiveYRevenueGrowthPerShare,fiveYShareholdersEquityGrowthPerShare,grossProfitGrowth,netIncomeGrowth,operatingIncomeGrowth,threeYNetIncomeGrowthPerShare,threeYRevenueGrowthPerShare,threeYShareholdersEquityGrowthPerShare,Industry,Sector,Symbol
2023Q1,2023,Q1,2023-05-05,2023-03-31,24929000.0,69876000.0,83019000.0,0.59,69876000.0,1.0,9960467000.0,1190970000.0,1237718000.0,10717000.0,8769497000.0,0.0,553261000.0,691358720.0,1071330720.0,30.45647504091653,115.49108892413922,0.09568878647958977,0.8002762454134025,0.02824369093362409,30.45647504091653,0.020931677540156342,9.8940797985002,6.933277708692687,0.5805005331788374,0.30418388222552045,0.0,0.010968256826210278,0.0070153337187904945,115.49108892413922,0.0025027942966931167,51.18521655437921,1.0,-0.2531645569620254,3.8251883321246547,0.4535773373860154,0.7366706142141717,-0.14280456837224137,-0.23429677181558498,0.04604044604044604,3.1771713856810466,0.21446529356581143,0.40956530743624336,Banks—Regional,Financial Services,CNOB
2022Q4,2022,Q4,2023-02-24,2022-12-31,32557000.0,81517000.0,79365000.0,0.79,81517000.0,1.0,9644948000.0,1178751000.0,949261000.0,0.0,8466197000.0,0.0,535915000.0,951453000.0,1705412000.0,29.993664122137403,0.0,0.10599061809353456,0.8672518623526089,0.026008226040560932,29.993664122137403,0.02761991294174936,11.671835322693425,7.30605553337224,0.8071704711173098,0.23340602635377952,0.0,0.007986731872199677,0.008451782218006774,0.0,0.003375549562320087,11.76332480249249,1.0,0.1285714285714287,1.5103708796711832,0.5897130380859436,0.7006581598236112,0.00041726495097136826,0.1259553864776068,0.37760149971359636,0.404105759720676,0.47080977117676376,0.4449589518673366,Banks—Regional,Financial Services,CNOB
2022Q3,2022,Q3,2022-11-04,2022-09-30,28915000.0,81483000.0,57611000.0,0.7,81483000.0,1.0,9478252000.0,1148295000.0,8805146000.0,11454000.0,8329957000.0,0.0,510957000.0,902729820.0,1563471820.0,29.33289907272588,768.7398288807403,0.10614193418786502,0.8761163289921144,0.019551411261126122,29.33289907272588,0.025180811551038716,11.078750414196826,7.80503043403078,0.7861480020378038,0.2627701884834861,0.0,0.008416693269310634,0.008596838319977143,86.99257901169896,0.003050667992368213,39.417073618024624,1.0,-0.10256410256410266,0.8083162850067979,0.7185988793951718,0.6839110947501843,0.03208359721342622,-0.10640336238333642,0.04802532244274254,0.21086262526695745,0.4655411015228865,0.4486912203220727,Banks—Regional,Financial Services,CNOB
2022Q2,2022,Q2,2022-08-05,2022-06-30,32358000.0,78950000.0,54971000.0,0.78,78950000.0,1.0,8841506000.0,1143147000.0,8201710000.0,12116000.0,7698359000.0,0.0,489640000.0,960640500.0,1701503500.0,29.095113260371594,676.9321558270057,0.11901807226054023,0.9205281560464227,0.01821036153717903,29.095113260371594,0.028306070872774893,12.167707409753008,7.4219706100500655,0.8403473044149178,0.23508869522220163,0.0,0.007918675092295192,0.008929474232104802,83.35061076262792,0.0036597837517726053,39.106065540403016,1.0,-0.012658227848101276,2.4318367060024535,0.7614141003287502,0.7054839294174193,0.07543725821391598,0.03113348841655779,0.051110941144976864,0.4973969937132507,0.48388227156479835,0.45871549185498967,Banks—Regional,Financial Services,CNOB
2022Q1,2022,Q1,2022-05-06,2022-03-31,31381000.0,73412000.0,52298000.0,0.79,73412000.0,1.0,8334301000.0,1138519000.0,7757180000.0,11773000.0,7195782000.0,0.0,464889000.0,1262890530.0,1528316530.0,28.857602717157125,658.8957784761743,0.07064095717205318,0.517113021390069,0.022084639638445522,28.857602717157125,0.027563000705302237,17.202780608074974,10.06094874286989,1.1092397491829296,0.21226219687071796,0.0,0.005274408067657298,0.008808417166598614,72.8493162320564,0.003765282775364125,27.985873554048663,1.0,0.0,1.142796650873677,0.6476823094707321,0.7094422107377816,-0.011126377326975403,-0.05015436769780253,-0.03004562483771653,1.4222656044180273,0.41209707388503514,0.49839328370281577,Banks—Regional,Financial Services,CNOB
2021Q4,2021,Q4,2022-02-25,2021-12-31,33038000.0,74238000.0,53918000.0,0.79,74238000.0,1.0,8129480000.0,1124212000.0,834195000.0,0.0,7005268000.0,0.0,440169000.0,1367940475.63,1735965475.63,26.88199901612264,0.0,0.07793376698140594,0.5635600758575785,0.02219502830000515,26.88199901612264,0.029387695559200577,18.426418756297316,10.351265782053998,1.2167993898214928,0.20779102851262182,0.0,0.005018493218309334,0.00913194939897755,0.0,0.004063974571559313,28.908904998626348,1.0,-0.012500000000000011,12.881370150506504,0.5448352095153581,0.5409580275245338,0.027359156391414455,0.029317381686762,0.0,0.36779928665888073,0.3770182518868975,0.415568682004016,Banks—Regional,Financial Services,CNOB
2021Q3,2021,Q3,2021-11-05,2021-09-30,32097000.0,72261000.0,0.0,0.8,72261000.0,1.0,7949514000.0,1098433000.0,7214441000.0,0.0,6851081000.0,0.0,413996000.0,1189174039.26,1194516039.26,27.720058832189814,0.0,0.05264938208801192,0.3810309777655988,0.0,27.720058832189814,0.02922071714888391,16.456650741893966,9.26234569632676,1.0826095349101859,0.13649250708788985,0.0,0.0036840696612635533,0.009089989652197606,0.0,0.004037605317759048,35.77646858389242,1.0,-0.012345679012345689,1.0581547254036343,0.4232081811824293,0.671526794031488,0.07083475348616648,-0.0037865855551072348,0.0,0.31207887605195983,0.4203333075121773,0.5022527148367746,Banks—Regional,Financial Services,CNOB
2021Q2,2021,Q2,2021-08-06,2021-06-30,32219000.0,67481000.0,0.0,0.81,67481000.0,1.0,7710082000.0,964960000.0,6978276000.0,0.0,6745122000.0,0.0,386280000.0,1040952130.3100001,1212032130.31,24.259524011425526,0.0,0.0675086205308841,0.5393974879787763,0.0,24.259524011425526,0.03338894876471563,15.42585513418592,8.077160451208915,1.0787515858792076,0.13594462894565318,0.0,0.004207686283033608,0.008752306395703704,0.0,0.004178814181224013,26.781726106565813,1.0,-0.012195121951219388,1.244475699290928,0.5029874753384509,0.5069030398072478,0.05579284987874521,-0.02363707991151247,0.0,0.4873668173418504,0.3537379426425255,0.34951208088632185,Banks—Regional,Financial Services,CNOB
2021Q1,2021,Q1,2021-05-07,2021-03-31,32999000.0,63915000.0,0.0,0.82,63915000.0,1.0,7449639000.0,935637000.0,6732809000.0,0.0,6514002000.0,0.0,358441000.0,1007861015.85,1275463015.85,23.533401507743218,0.0,0.07083484179568969,0.5639943696112916,0.0,23.533401507743218,0.03526901992973771,15.768771272001878,7.635542106200188,1.0771923468717035,0.10860935179853935,0.0,0.0035560458670755917,0.008579610367697011,0.0,0.004429610616031193,12.588192144409472,1.0,0.2812499999999999,1.3959746226258685,0.4827376902781835,0.4869700949894772,-0.013855245089719656,0.286962286962287,0.0,5.2821556359693504,0.3077098691269823,0.3419073217138535,Banks—Regional,Financial Services,CNOB
2020Q4,2020,Q4,2021-03-01,2020-12-31,25641000.0,64813000.0,0.0,0.64,64813000.0,1.0,7547339000.0,915310000.0,6780381000.0,0.0,6632029000.0,0.0,331951000.0,792867786.98,1135739786.98,22.84616073128082,0.0,0.08567628935178345,0.7064579213599764,0.0,22.84616073128082,0.02801345992068261,12.233159813309058,7.730468653523653,0.8662286951743124,0.1396981396981397,0.0,0.0045177771865895664,0.00858752998904647,0.0,0.0033973563397642534,-39.77065544642857,1.0,0.03225806451612906,1.0089004932985282,0.4804079668213528,0.4374123518982582,0.01219702648675662,0.03449527959331881,0.0,0.9393939599314494,0.2398531307970199,0.2953905701577121,Banks—Regional,Financial Services,CNOB
2020Q3,2020,Q3,2020-11-06,2020-09-30,24786000.0,64032000.0,0.0,0.62,64032000.0,1.0,7449559000.0,890736000.0,6710415000.0,0.0,6558823000.0,0.0,309893000.0,562482285.33,1041866285.33,22.280978169200967,0.0,0.09873107924912065,0.8257250184117404,0.0,22.280978169200967,0.027826426685347846,8.784393511525488,5.673387046417332,0.6314803548189363,0.29008311143387394,0.0,0.012782624782186221,0.008595408130870565,0.0,0.0033271768167753286,23.292156417657047,1.0,0.6756756756756757,0.7181707549663661,0.4345827504045286,0.4208975878682732,-0.021082080995551207,0.6711165048543689,0.0,0.5178937612742756,0.3224775698087037,0.2790821066810269,Banks—Regional,Financial Services,CNOB
2020Q2,2020,Q2,2020-08-10,2020-06-30,14832000.0,65411000.0,0.0,0.37,65411000.0,1.0,7617184000.0,867741000.0,6909872000.0,0.0,6749443000.0,0.0,288688000.0,646194154.32,1194019154.3200002,21.646721541020085,0.0,0.11778447258199355,1.0339329362102285,0.0,21.646721541020085,0.017092657832233352,9.878982958829555,10.89189175970874,0.7446855159776938,0.0020900755124056095,0.0,4.79731978272409e-05,0.008587294202161849,0.0,0.0019471762793179211,21.554174593729154,1.0,1.4666666666666668,0.050399346461090185,0.6305593844185817,0.39347997492878717,0.12515696224305495,1.4597014925373135,0.0,0.5418023472286997,0.4303560730597517,0.26887753907001366,Banks—Regional,Financial Services,CNOB
2020Q1,2020,Q1,2020-05-08,2020-03-31,6030000.0,58135000.0,0.0,0.15,58135000.0,1.0,7279327000.0,853710000.0,6538175000.0,0.0,6425617000.0,0.0,273825000.0,531025286.4,1132770286.4,21.60699818606604,0.0,0.12151590387408066,1.0361293647725809,0.0,21.60699818606604,0.007063288470323646,9.134347405177603,22.015973731343284,0.6220206936781811,0.5930348258706468,0.0,0.006734142594683039,0.0079863152184261,0.0,0.0008283732823103015,11.870996499228756,1.0,-0.7457627118644067,-0.562444753297222,0.4669255970395285,0.4093923024152667,0.17025987881715884,-0.7098590193908483,0.0,-0.5888544523983091,0.30289134499189063,0.27993704496582894,Banks—Regional,Financial Services,CNOB
2019Q4,2019,Q4,2020-03-02,2019-12-31,20783000.0,49677000.0,0.0,0.59,49677000.0,1.0,6174032000.0,731190000.0,5555739000.0,0.0,5442842000.0,0.0,271782000.0,905997905.28,1350141905.28,20.757450641332237,0.0,0.10457137248397806,0.8829811676855537,0.0,20.757450641332237,0.028423528768172432,18.237774126456912,10.898305168647452,1.2390731619414925,0.1502670451811577,0.0,0.0034470278372606524,0.008046119618427633,0.0,0.0033661957048489546,-317.1151226041302,1.0,-0.03278688524590167,1.1840443045121043,0.3662936157209606,0.38156773823967416,-0.016589131941007623,-0.042081489675516226,0.0,9.873428237022996,0.22727442272295792,0.18988026811254557,Banks—Regional,Financial Services,CNOB
2019Q3,2019,Q3,2019-11-06,2019-09-30,21696000.0,50515000.0,0.0,0.61,50515000.0,1.0,6161269000.0,720160000.0,5520272000.0,0.0,5441109000.0,0.0,254159000.0,789592128.6,1253989128.6,20.247861422259877,0.0,0.10686207662739608,0.9142496111975117,0.0,20.247861422259877,0.03012663852477227,15.630844869840642,9.098360626382743,1.0964120870362142,0.14684734513274336,0.0,0.0040349946315308294,0.00819879800735855,0.0,0.0035213525005968736,28.81723097080292,1.0,0.12962962962962954,9.246837026265391,0.46707359194951764,0.3594580297695203,0.06410094371418942,0.12525283958300917,0.0,0.5499683813503475,0.10844566679045718,0.22095133686519094,Banks—Regional,Financial Services,CNOB
2019Q2,2019,Q2,2019-08-07,2019-06-30,19281000.0,47472000.0,0.0,0.54,47472000.0,1.0,6109066000.0,699224000.0,5451111000.0,0.0,5409842000.0,0.0,235649000.0,789469317.28,1347643317.28,19.945708003260123,0.0,0.12175740121321328,1.0637849959383545,0.0,19.945708003260123,0.027574854410031692,16.63020975058982,10.236363742544475,1.1290649595551638,0.16565530833462994,0.0,0.004045755712209888,0.00777074597000589,0.0,0.003156128940168595,36.088376178460415,1.0,0.6363636363636364,1.0568950791665335,0.6555809865318748,0.831795192794162,0.016748768472906402,0.6571551353674259,0.0,0.5240266855451303,0.1996969280058978,0.23894632091976808,Banks—Regional,Financial Services,CNOB
2019Q1,2019,Q1,2019-05-07,2019-03-31,11635000.0,46690000.0,0.0,0.33,46690000.0,1.0,6048976000.0,682395000.0,5322665000.0,0.0,5366581000.0,0.0,219558000.0,712901256.1600001,1289122256.16,19.259031010766734,0.0,0.12378442235512259,1.097266246089142,0.0,19.259031010766734,0.017050242161797787,15.268821078603557,15.318033007305546,1.0447046888678846,0.2283626987537602,0.0,0.0037270238718778133,0.007718661803253972,0.0,0.0019234660544197894,55.948929223041915,1.0,-0.4310344827586206,0.22076586456769465,0.524657139752848,0.8116520710689711,0.12030905077262694,-0.3768744644387318,0.0,-0.05208564110906468,0.2153648942199644,0.2168917936517778,Banks—Regional,Financial Services,CNOB
2018Q4,2018,Q4,2019-02-28,2018-12-31,18672000.0,41676000.0,0.0,0.58,41676000.0,1.0,5462092000.0,613927000.0,4871890000.0,0.0,4848165000.0,0.0,211345000.0,597108170.74,1153299170.74,18.990247070220487,0.0,0.1333842417886773,1.186716010209683,0.0,18.990247070220487,0.03041403945420221,14.32738676312506,7.994700229488003,0.9726045128166704,0.12965938303341903,0.0,0.0040545417373867776,0.007630043580371769,0.0,0.0034184704322080257,28.029299663897103,1.0,-0.04918032786885251,0.8947386069072882,0.5473253927487458,0.841776294389259,0.00688555483076031,-0.0618028338860416,0.0,0.8129388934562876,0.17970706279546825,0.19480975492569352,Banks—Regional,Financial Services,CNOB
2018Q3,2018,Q3,2018-11-02,2018-09-30,19902000.0,41391000.0,0.0,0.61,41391000.0,1.0,5368641000.0,594871000.0,4778411000.0,0.0,4773770000.0,0.0,195101000.0,757276821.3599999,1359881821.36,18.452327333754695,0.0,0.14127467267787136,1.2749873501986144,0.0,18.452327333754695,0.03345599297999062,18.29568798434442,9.512571869158878,1.2730101507049427,0.12139483468998091,0.0,0.0031903789101336614,0.007709772361385312,0.0,0.0037070834127295904,65.05814616494844,1.0,0.12962962962962954,0.9813905083246444,0.5824535159944978,0.826871808406761,0.026231621748940073,0.13550522051691677,0.0,0.7108018206216383,0.14994630252655716,0.17673771770622868,Banks—Regional,Financial Services,CNOB
2018Q2,2018,Q2,2018-08-07,2018-06-30,17527000.0,40333000.0,0.0,0.54,40333000.0,1.0,5275368000.0,578557000.0,4695469000.0,0.0,4696811000.0,0.0,177619000.0,801382770.3,1382600770.3,17.976514886396977,0.0,0.14357045802302323,1.3090965972237827,0.0,17.976514886396977,0.030294335735286237,19.869158512880272,11.430689369258856,1.3851405657523805,0.13790152336395275,0.0,0.003016036892202198,0.007645532975140312,0.0,0.003322422246182636,23.58950813316849,1.0,3.153846153846154,0.8085313147932793,0.5839533086244859,0.8222185192295554,0.019694594731253477,3.123029875323453,0.0,0.5460361566623836,0.25228647950075894,0.1572151221945719,Banks—Regional,Financial Services,CNOB
2018Q1,2018,Q1,2018-05-04,2018-03-31,4251000.0,39554000.0,0.0,0.13,39554000.0,1.0,5158368000.0,564266000.0,4553296000.0,0.0,4594102000.0,0.0,162510000.0,926646710.4,1607201710.4,17.537277818625277,0.0,0.15961288531566573,1.4591380660893976,0.0,17.537277818625277,0.007533680923536063,23.42738308135713,54.49580748059281,1.6422161009169434,0.5669254293107504,0.0,0.0026007754335626893,0.007667929081445915,0.0,0.0008240978542050509,46.1155922364885,1.0,-0.6060606060606061,-0.5613463971639744,0.5207992222929986,0.7402001073948093,-0.05445591891375024,-0.5982041587901701,0.0,-0.6212078927545917,0.22561777762135463,0.14393050575752572,Banks—Regional,Financial Services,CNOB
2017Q4,2017,Q4,2018-03-06,2017-12-31,10580000.0,41832000.0,0.0,0.33,41832000.0,1.0,5108442000.0,565437000.0,4503226000.0,0.0,4543005000.0,0.0,160025000.0,825560604.5,1400754604.5,17.63650381405766,0.0,0.1418780912066732,1.281797972187883,0.0,17.63650381405766,0.018711191520894458,19.73514545085102,19.507575720699435,1.4600399416734315,0.2273156899810964,0.0,0.002913171954779245,0.008188798071897459,0.0,0.00207108155480673,13.249460021826703,1.0,-0.19512195121951212,0.20713719628505545,0.7149023505809163,0.794212960505266,0.0788394584139265,-0.19094593561214346,0.0,0.2215841142374392,0.26410110010696025,0.17384476089397025,Banks—Regional,Financial Services,CNOB
2017Q3,2017,Q3,2017-11-03,2017-09-30,13077000.0,38775000.0,0.0,0.41,38775000.0,1.0,4844755000.0,557691000.0,4273880000.0,0.0,4287064000.0,0.0,151851000.0,787576798.2,1286095798.2,17.419505794679466,0.0,0.1320564197776771,1.1471962072186928,0.0,17.419505794679466,0.023448468775719888,20.311458367504837,15.056526691901812,1.4122099840234108,0.183910682878336,0.0,0.0030536704553722335,0.008003500693017501,0.0,0.0026992076998733684,41.05383643661385,1.0,0.7083333333333333,0.49913417691338996,0.532517711559122,0.8116117577512814,0.06165977603154177,0.7020695040999609,0.0,5.861361635229499,0.25105204811811904,0.16955991219692118,Banks—Regional,Financial Services,CNOB
2017Q2,2017,Q2,2017-08-04,2017-06-30,7683000.0,36523000.0,0.0,0.24,36523000.0,1.0,4681280000.0,546173000.0,4108909000.0,0.0,4135107000.0,0.0,141178000.0,721945398.35,1256226398.35,17.059740498586972,0.0,0.14542795987422244,1.246471356145397,0.0,17.059740498586972,0.014066971454099709,19.76687014620924,23.49165034329038,1.3218254991550298,0.31224781986203304,0.0,0.0033229659825838543,0.007801925968965753,0.0,0.0016412177865882836,33.70112026654841,1.0,-0.35135135135135137,-0.09953324239688853,0.516142699416537,0.8829722439331991,0.010513792435603022,-0.3532828282828283,0.0,-0.10252474934471892,0.3947244288528701,0.5667506327937669,Banks—Regional,Financial Services,CNOB
2017Q1,2017,Q1,2017-05-05,2017-03-31,11880000.0,36143000.0,0.0,0.37,36143000.0,1.0,4460816000.0,540277000.0,3937277000.0,0.0,3920539000.0,0.0,135939000.0,776108421.75,1160040421.75,16.881297616198687,0.0,0.12235451989053124,1.0102243848988575,0.0,16.881297616198687,0.021988720600728887,21.473270667902497,16.332247932449494,1.4365009462738558,0.20227272727272727,0.0,0.003096216884983184,0.008102329259938092,0.0,0.0026631898737809407,30.367743543843176,1.0,6.285714285714286,0.43288332539055024,0.492496840111737,0.9405189494167231,0.03327710912261643,6.869565217391305,0.0,0.3799812332095556,0.30666201448415015,0.5879842434243255,Banks—Regional,Financial Services,CNOB
2016Q4,2016,Q4,2017-03-10,2016-12-31,-2024000.0,34979000.0,0.0,-0.07,34979000.0,1.0,4426348000.0,531032000.0,3901986000.0,0.0,3895316000.0,0.0,126462000.0,789927627.4499999,1120342627.4499998,17.44499106137701,0.0,0.11992143410323816,0.9995894786001597,0.0,17.44499106137701,-0.003811446391177933,22.582910530604074,-97.57011208621542,1.4875330063913286,-1.1175889328063242,0.0,0.0028635534717301398,0.007902451411411845,0.0,-0.0004572618330054483,64.96649621268196,1.0,-1.1794871794871795,-1.29981971542047,0.5603143240812066,1.0962748942470821,-0.09380829015544041,-1.170715249662618,0.0,-1.2181248527824335,0.3792379240835155,0.6919090559417167,Banks—Regional,Financial Services,CNOB
2016Q3,2016,Q3,2016-11-07,2016-09-30,11856000.0,38600000.0,0.0,0.39,38600000.0,1.0,4327804000.0,499588000.0,3818043000.0,0.0,3828216000.0,0.0,130885000.0,544062683.2199999,846095683.2199999,16.583676032696385,0.0,0.12381036664322137,1.0725377711234056,0.0,16.583676032696385,0.023731554801156154,14.09488816632124,11.47230691675101,1.0890227211622376,0.19163292847503374,0.0,0.004175989403561579,0.008919073044897597,0.0,0.002739495596380982,46.20097513756793,1.0,0.08333333333333341,0.7318502202839247,0.7203929731710887,1.0190100079654951,0.13649746790719586,0.09181324247168247,0.0,0.26314149227666705,0.5792569675150261,0.6418660733631804,Banks—Regional,Financial Services,CNOB
2016Q2,2016,Q2,2016-08-05,2016-06-30,10859000.0,33964000.0,0.0,0.36,33964000.0,1.0,4262914000.0,484414000.0,3668070000.0,0.0,3778500000.0,0.0,121301000.0,472109417.01,847851417.01,16.09892831228785,0.0,0.12922029391162945,1.1371574727402594,0.0,16.09892831228785,0.02241677573315387,13.900289041632316,10.869081338290819,0.9745990351434929,0.20453080394143108,0.0,0.004704417916647818,0.00796732000692484,0.0,0.0025473185712871524,28.302225107007974,1.0,0.058823529411764594,0.6403701527839595,0.5760850905743744,1.0157936070911555,0.04433921653034869,0.04503897603695506,0.0,0.19847564693926403,0.4266637137320637,0.6318939180251574,Banks—Regional,Financial Services,CNOB
2016Q1,2016,Q1,2016-05-06,2016-03-31,10391000.0,32522000.0,0.0,0.34,32522000.0,1.0,4091000000.0,474727000.0,3508044000.0,0.0,3616273000.0,0.0,112663000.0,490432474.50000006,1073066474.5,15.82641210273281,0.0,0.17132559276460524,1.476412759333259,0.0,15.82641210273281,0.021888369526064454,15.08002196974356,11.799453240785295,1.0330831709593093,0.22461745741507075,0.0,0.004759064950540912,0.007949645563431924,0.0,0.0025399657785382546,76.70198224898343,1.0,0.09677419354838718,0.8698559686497052,0.5177710217601913,1.0694346086226936,-0.00904963588165392,0.08601588628762542,0.0,0.15013330161005642,0.3412784776382612,0.570433240876209,Banks—Regional,Financial Services,CNOB
2015Q4,2015,Q4,2016-03-04,2015-12-31,9568000.0,32819000.0,0.0,0.31,32819000.0,1.0,4016721000.0,477344000.0,3424745000.0,0.0,3539377000.0,0.0,104606000.0,561317928.7800001,1087164928.7800002,15.893950473648008,0.0,0.18092917083362275,1.5224701682643964,0.0,15.893950473648008,0.020044244821344773,17.103444004387704,14.666542871551005,1.1759191040004693,0.23860785953177258,0.0,0.004067213753464103,0.008170594870791375,0.0,0.0023820424669774177,38.190089044768,1.0,-0.13888888888888887,1.019388780235279,0.838051241326405,1.140584403964725,-0.021671734334943064,-0.11750599520383694,0.0,0.16537110478767988,0.43624399221805776,0.6169379279535948,Banks—Regional,Financial Services,CNOB
2015Q3,2015,Q3,2015-11-09,2015-09-30,10842000.0,33546000.0,0.0,0.36,33546000.0,1.0,3838253000.0,471146000.0,3215261000.0,0.0,3367107000.0,0.0,97321000.0,579884287.4,1098192287.4,15.68091772372448,0.0,0.17633777658742142,1.4365589435122021,0.0,15.68091772372448,0.02301197505656421,17.286242395516602,13.37124809536986,1.2307953105831313,0.20983213429256595,0.0,0.003923196488389624,0.008739913705532178,0.0,0.0028247226016627877,44.3641869329049,1.0,0.0285714285714286,1.4713504489592053,0.5551940466651131,0.8804979580308636,0.1223151555704249,0.03051040775591674,0.0,0.32438898047384424,0.41275942311449226,0.6308002796099104,Banks—Regional,Financial Services,CNOB
2015Q2,2015,Q2,2015-08-07,2015-06-30,10521000.0,29890000.0,0.0,0.35,29890000.0,1.0,3660057000.0,463982000.0,2991898000.0,0.0,3196075000.0,0.0,88772000.0,643063357.9100001,1121493357.91,15.534289642107218,0.0,0.1650009822251402,1.3015871305352362,0.0,15.534289642107218,0.02267544861654116,21.514331144529947,15.28047138841365,1.3859661752180041,0.2162341982701264,0.0,0.003537754051784113,0.008166539482855048,0.0,0.002874545396424154,57.268087800338414,1.0,0.029411764705882214,1.54912644082588,0.4385488537857113,1.1077245345148703,0.001440680805441083,0.013681472203487812,0.0,0.3217275554781792,0.32998769530183564,0.7146003028433908,Banks—Regional,Financial Services,CNOB
2015Q1,2015,Q1,2015-05-08,2015-03-31,10379000.0,29847000.0,0.0,0.34,29847000.0,1.0,3505891000.0,456194000.0,2827199000.0,0.0,3049697000.0,0.0,80526000.0,579068398.3000001,1020828398.3000001,15.330719593854928,0.0,0.15126054974327496,1.162450624076599,0.0,15.330719593854928,0.022751285637250818,19.401226196937717,13.948077808555738,1.2693468092522042,0.21919260044320263,0.0,0.003928724148440549,0.008513385042489913,0.0,0.002960445718363748,62.16515279656469,1.0,0.25925925925925924,17.091131097971456,1.4123737280597417,1.1361018567301493,-0.02635785353123471,0.29365573974822384,0.0,0.34639820664111187,0.32560316578682524,0.7622787392553957,Banks—Regional,Financial Services,CNOB
2014Q4,2014,Q4,2015-03-13,2014-12-31,8023000.0,30655000.0,0.0,0.27,30655000.0,1.0,3448572000.0,446219000.0,2762971000.0,0.0,3002353000.0,0.0,72398000.0,564286719.0,907147719.0,15.024562362595672,0.0,0.1362036228328711,1.052640071355097,0.0,15.024562362595672,0.017979960512663064,18.407656793345293,17.58340767169388,1.264595902460451,0.2885454318833354,0.0,0.0041025243409990655,0.00888918659665508,0.0,0.002326470202738989,35.76414748383826,1.0,3.5000000000000004,2.7931216234571585,0.9593433273553854,1.1353323937197588,0.06741181796023539,3.543035107587769,0.0,0.21812031163100112,0.4015536919146477,0.8054244205082927,Banks—Regional,Financial Services,CNOB
2014Q3,2014,Q3,2014-11-10,2014-09-30,1766000.0,28719000.0,0.0,0.06,28719000.0,1.0,3356257000.0,441839000.0,2659309000.0,0.0,2914418000.0,0.0,66623000.0,565126498.65,853228498.65,14.894068797175487,0.0,0.12696137393530949,0.9644123764538667,0.0,14.894068797175487,0.003996931008806375,19.67779165883213,80.00091996744055,1.2790326310036009,1.2757644394110985,0.0,0.003986718027524933,0.008556853661683237,0.0,0.0005261813979084438,-390.8205384854772,1.0,-0.7692307692307693,-0.4958090368955965,0.6235597925207103,1.099513653253694,1.144489247311828,-0.596619460941069,0.0,-0.7380349589054551,0.29984081695191717,0.8133056809319823,Banks—Regional,Financial Services,CNOB
2014Q2,2014,Q2,2014-08-11,2014-06-30,4378000.0,13392000.0,0.0,0.26,13392000.0,1.0,1665809000.0,178278000.0,1149863000.0,0.0,1487531000.0,0.0,67108000.0,816843232.65,925381232.65,10.88861248338335,0.0,0.12075514059535036,1.1283220588070317,0.0,10.88861248338335,0.024557152312680196,60.99486504256272,46.644771165486524,4.581851000403864,0.28688899040657834,0.0,0.0015376267437820217,0.008039337042842246,0.0,0.0026281524472493547,211.12515705608683,1.0,-0.03703703703703707,1.8931086176581262,0.15805550762939374,0.581650627376407,-0.05229636968367419,-0.004547521600727604,0.0,0.2154085603761079,0.142091179362291,0.3633948178615042,Banks—Regional,Financial Services,CNOB
2014Q1,2014,Q1,2014-05-12,2014-03-31,4398000.0,14131000.0,0.0,0.27,14131000.0,1.0,1676160000.0,173813000.0,1143844000.0,0.0,1502347000.0,0.0,65053000.0,800504959.6800001,845377959.6800001,10.630645540786913,0.0,0.09017933848797251,0.8696415112793634,0.0,10.630645540786913,0.02530305558272396,56.64885426933692,45.50391994542974,4.605552862444121,0.2855843565256935,0.0,0.0015690096417417365,0.008430579419625812,0.0,0.0026238545246277203,138.56758865847326,1.0,-0.09999999999999991,3.373597783288202,0.4463510169489879,0.5443092618923562,0.03736602554690941,-0.11757624398073836,0.0,0.451927329544597,0.20987569546995036,0.39004504945920243,Banks—Regional,Financial Services,CNOB
2013Q4,2013,Q4,2014-03-05,2013-12-31,4984000.0,13622000.0,0.0,0.3,13622000.0,1.0,1673082000.0,168584000.0,1104217000.0,0.0,1504498000.0,0.0,61914000.0,647957752.2900001,716420752.2900001,10.310832606583057,0.0,0.09034524309029683,0.8966153371612965,0.0,10.310832606583057,0.029563896929720494,47.567005747320515,32.50189367425763,3.8435305384259486,0.25240770465489565,0.0,0.0019414846038248639,0.008141860351136405,0.0,0.00297893348921332,130.97993779866587,1.0,-0.03225806451612906,1.3308538862004546,0.45517457133762684,0.6392892608507061,0.02691292875989446,-0.021594032194738908,0.0,0.9322076656650545,0.4013613693243613,0.38865460202210017,Banks—Regional,Financial Services,CNOB
2013Q3,2013,Q3,2013-11-08,2013-09-30,5094000.0,13265000.0,0.0,0.31,13265000.0,1.0,1644416000.0,165138000.0,1047478000.0,0.0,1479278000.0,0.0,58191000.0,574030242.8,691628242.8,10.100504725532556,0.0,0.09192017105160738,0.9153253642408168,0.0,10.100504725532556,0.03084692802383461,43.27404770448548,28.171880781311348,3.4760639150286425,0.2110325873576757,0.0,0.0018727236299543623,0.008066693586051218,0.0,0.0030977562855141277,77.65560643939394,1.0,0.03333333333333337,1.6662883770047208,0.5259410233186914,0.6274311707091171,0.02551217626594511,0.03473491773308958,0.0,1.1338503589827276,0.1301372366378432,0.21127977622815255,Banks—Regional,Financial Services,CNOB
2013Q2,2013,Q2,2013-08-09,2013-06-30,4923000.0,12935000.0,0.0,0.3,12935000.0,1.0,1605698000.0,161285000.0,1018843000.0,0.0,1444413000.0,0.0,54356000.0,487524645.3,576720645.3,9.865180655719355,0.0,0.09413663092312502,0.937191927333602,0.0,9.865180655719355,0.03052360727904021,37.69034752995748,24.757497730042658,3.022752551694206,0.23055047735120862,0.0,0.0023280874329985385,0.00805568668579023,0.0,0.0030659563629026132,262.8165203773585,1.0,0.0,1.795391716535373,0.3706377276880702,0.6039515150207247,-0.021188043889519486,-0.00020308692120227456,0.0,1.1791392900881994,0.13732852470352916,0.3385281068224378,Banks—Regional,Financial Services,CNOB
2013Q1,2013,Q1,2013-05-09,2013-03-31,4924000.0,13215000.0,0.0,0.3,13215000.0,1.0,1609795000.0,164753000.0,1043186000.0,0.0,1445042000.0,0.0,50690000.0,496822253.85,531222253.85,10.07773631555494,0.0,0.09389704900313393,0.9174643253840598,0.0,10.07773631555494,0.029887164421892164,37.59532757094211,25.22452547979285,3.0155581619151093,0.18826157595450854,0.0,0.0018658584490055447,0.008209119794756475,0.0,0.003058774564463177,62.211652122464315,1.0,0.111111111111111,2.253189463128829,0.6214698976134536,0.5511445322734144,0.06246985045827303,0.1018124860147684,0.0,14.622298840698686,0.9441410043061504,0.40417878779301014,Banks—Regional,Financial Services,CNOB
2012Q4,2012,Q4,2013-03-13,2012-12-31,4469000.0,12438000.0,0.0,0.27,12438000.0,1.0,1629765000.0,160691000.0,1044465000.0,0.0,1469074000.0,0.0,46753000.0,189304791.12,234321791.12,9.829660247850995,0.0,0.09274650026230775,0.9406562906447778,0.0,9.829660247850995,0.027811140636376647,15.219873863965269,10.589885383754755,1.178067166922852,0.19489818751398524,0.0,0.004601045725503453,0.0076317751332247285,0.0,0.002742113126739131,29.33593539748954,1.0,0.0,5.754573123812852,0.6541755407927462,0.5151433787607428,-0.03723198389968264,0.003367759317467445,0.0,2.838517388782045,0.4442851832106743,0.3970185247292236,Banks—Regional,Financial Services,CNOB
2012Q3,2012,Q3,2012-11-15,2012-09-30,4454000.0,12919000.0,0.0,0.27,12919000.0,1.0,1612079000.0,157185000.0,1015539000.0,50000.0,1454894000.0,0.0,43186000.0,193549521.92,242646521.92,9.615474022039889,20310.78,0.09379503113681154,0.961955657346439,0.0,9.615474022039889,0.028336037153672423,14.981772731635575,10.86380343062416,1.2313485505614403,0.2391109115401886,0.0,0.005502467737637695,0.008013875250530525,2170.72,0.0027628918930151687,35.57241718801691,1.0,0.03846153846153849,2.785091138179943,0.7141499150725561,0.42229325990072564,0.051179820992676976,0.023202389156903286,0.0,1.3076230162377447,0.3253731349106854,0.35542673172070877,Banks—Regional,Financial Services,CNOB
2012Q2,2012,Q2,2012-08-08,2012-06-30,4353000.0,12290000.0,0.0,0.26,12290000.0,1.0,1501022000.0,147983000.0,941813000.0,1652000.0,1353039000.0,0.0,39663000.0,183753596.25,264347596.25,9.06000635620213,570.1047215496368,0.11076586485741048,1.1235209449734092,0.0,9.06000635620213,0.029415540974301102,14.951472436940602,10.55327338904204,1.2417209831534703,0.12611991729841487,0.0,0.0029876966285496574,0.0081877547431017,55.770581113801455,0.0029000241169016843,54.93381053811659,1.0,0.040000000000000036,2.6452353127659136,0.6349108184801993,0.3153618550471432,-0.005502508496520473,0.028834790829591114,0.0,1.8834972084001214,0.06531417331620448,0.3160322088043249,Banks—Regional,Financial Services,CNOB
2012Q1,2012,Q1,2012-05-09,2012-03-31,4231000.0,12358000.0,0.0,0.25,12358000.0,1.0,1476595000.0,142081000.0,922836000.0,0.0,1334514000.0,0.0,36293000.0,163813239.81,251761239.81,8.69937272257652,0.0,0.11252577721040638,1.169438559694822,0.0,8.69937272257652,0.029778788156051828,13.255643292603981,9.67934529721106,1.1529566923796988,0.15504608839517844,0.0,0.004004560319793848,0.0083692549412669,0.0,0.002865376084843847,32.861231656970915,1.0,0.12730031750414142,1.8906633800499273,0.5719011614973448,0.29444119124050655,0.02743598270701696,0.16813914964108229,0.0,3.2121244316243165,0.2662619327999886,0.2637540981480394,Banks—Regional,Financial Services,CNOB
2011Q4,2011,Q4,2012-03-13,2011-12-31,3622000.0,12028000.0,0.0,0.2217687657123201,12028000.0,1.0,1432738000.0,135916000.0,916769000.0,0.0,1296822000.0,0.0,32695000.0,159566834.79,214620834.79,8.321900486072805,0.0,0.11597026113636967,1.2224830042084818,0.0,8.321900486072805,0.026648812501839373,13.266281575490522,11.01372410201546,1.174010674166397,0.1350082827167311,0.0,0.0030645465935546998,0.008395114808150549,0.0,0.002528026757160067,56.60405632848528,1.0,0.008039844146909532,0.41389610699745244,0.4717349366346158,0.24525147917857015,-0.00865408390340394,-0.021609940572663425,0.0,0.6957429236160404,0.28629976920366457,0.3230747328763289,Banks—Regional,Financial Services,CNOB
2011Q3,2011,Q3,2011-11-09,2011-09-30,3702000.0,12133000.0,0.0,0.22,12133000.0,1.0,1376517000.0,133808000.0,888216000.0,0.0,1242709000.0,0.0,30028000.0,157205255.0,210280255.0,8.213766136507333,0.0,0.12070682744927959,1.2417418988401292,0.0,8.213766136507333,0.027666507234246084,12.956833017390588,10.61623818206375,1.1748569218581848,0.17693138843868178,0.0,0.004166527384851098,0.008814275450285031,0.0,0.002689396498553959,21.840129897193666,1.0,0.047619047619047665,1.4253847711420775,0.48722465758202216,0.18063085847014718,0.03994171595097283,0.032924107142857144,0.0,0.9446828830368091,0.40075728666289934,0.3234327791240382,Banks—Regional,Financial Services,CNOB
2011Q2,2011,Q2,2011-08-09,2011-06-30,3584000.0,11667000.0,0.0,0.21,11667000.0,1.0,1307438000.0,130104000.0,858915000.0,36182000.0,1177334000.0,0.0,26963000.0,170074908.0,259136908.0,7.98639714683838,23.73873749378144,0.15184582366429614,1.5259254135153415,0.0,7.98639714683838,0.027547193014818915,14.577432759064028,11.863484095982143,1.3072227448810183,0.17131696428571427,0.0,0.003610173935828323,0.008923558899160036,3.169974020231054,0.002741238972708457,56.824225860340796,1.0,0.16666666666666666,1.2353691570362606,0.3903035634421135,0.18165890636817977,0.002577984016499098,0.18754141815772035,0.0,1.0423493381890503,0.2406938701844559,0.29848547637109046,Banks—Regional,Financial Services,CNOB
2011Q1,2011,Q1,2011-05-10,2011-03-31,3018000.0,11637000.0,0.0,0.18,11637000.0,1.0,1288646000.0,124584000.0,848581000.0,35917000.0,1164062000.0,0.0,24015000.0,156224849.69,278167849.69,7.647698572735301,23.626165882451208,0.15680955048942843,1.621973929236499,0.0,7.647698572735301,0.024224619533808514,13.4248388493598,12.941090928595097,1.253972016390548,0.20344599072233266,0.0,0.003930232618039781,0.009030408661494313,2.3633655372107913,0.0023419930686938073,32.83414243169399,1.0,0.14096123735408558,3.449387932333691,1.8507187616649152,0.09717163809475587,0.20154878678368612,0.1743190661478599,0.0,1.0010105594889007,0.4329188294061834,0.17711810014949048,Banks—Regional,Financial Services,CNOB
2010Q4,2010,Q4,2011-03-16,2010-12-31,2570000.0,9685000.0,0.0,0.15776171363842648,9685000.0,1.0,1207385000.0,120957000.0,799409000.0,41855000.0,1086428000.0,0.0,21633000.0,132766686.65,313279686.65,7.425051983098503,19.09948632182535,0.1805637804014461,1.8023760509933282,0.0,7.425051983098503,0.021247220086477014,13.708485973154364,12.915047339494164,1.0976354129980075,0.23852140077821013,0.0,0.004617122076835379,0.00802146788306961,0.9946481901803846,0.002128567109911089,40.37916260644769,1.0,0.12686938313161758,0.15193708250259053,0.10557839827208958,0.05283108484249319,-0.07911001236093942,0.20149602618045817,0.0,2.8980034061345217,0.29256444495158607,0.14449717136515972,Banks—Regional,Financial Services,CNOB
2010Q3,2010,Q3,2010-11-09,2010-09-30,2139000.0,10517000.0,0.0,0.14,10517000.0,1.0,1221278000.0,122157000.0,828613000.0,36386000.0,1099121000.0,0.0,19750000.0,112653862.93,269743862.93,8.338704999256967,22.77285219589952,0.1904300249410863,1.9038450518594923,0.0,8.338704999256967,0.017510253198752424,10.711596741466199,13.166650646330062,0.9222055463870265,0.262739597942964,0.0,0.004988732613183547,0.008611470934545616,2.1868026163909198,0.0017514439791759125,25.714189210225978,1.0,0.07692307692307698,0.011089619940561825,0.197678940485988,0.17484285391622964,0.03728178321333465,0.062065541211519366,0.0,1.0284185092429465,0.5571570958251821,0.23343725848136548,Banks—Regional,Financial Services,CNOB
2010Q2,2010,Q2,2010-08-06,2010-06-30,2014000.0,10139000.0,0.0,0.13,10139000.0,1.0,1195819000.0,107419000.0,871389000.0,42662000.0,1088400000.0,0.0,18194000.0,110477226.56,261709226.56,7.370170716204481,20.42541371712531,0.20812765142550838,2.3169364823727645,0.0,7.370170716204481,0.01874901088261853,10.896264578360785,13.713657715988084,1.0284700710302648,0.27904667328699106,0.0,0.005087021257677742,0.008478707898101635,2.3789086306314755,0.001684201371612259,31.474993321937323,1.0,12.0,-0.17714516703495484,0.031480801318453586,-0.1656964429860527,0.6731023102310231,6.167259786476868,0.0,0.8900623687869567,0.5115310583803239,0.07002589668653142,Banks—Regional,Financial Services,CNOB
2010Q1,2010,Q1,2010-05-10,2010-03-31,281000.0,6060000.0,0.0,0.01,6060000.0,1.0,1187655000.0,104603000.0,830907000.0,40217000.0,1083052000.0,0.0,16766000.0,121116853.92,312730853.92,7.176960941985472,20.6605912922396,0.21763643482324413,2.47102855558636,0.0,7.176960941985472,0.0026863474278940374,19.986279524752476,107.75520811387901,1.1578717046356224,2.00355871886121,0.0,0.004648403436666809,0.005102491885269712,1.763706890121093,0.0002366006963301632,19.636325214007783,1.0,-0.8595873603082851,-0.8729231004196698,-0.33974779429095714,0.23421440370033098,-0.21073196144829381,-0.7292870905587668,0.0,-0.7848678465804296,-0.13623783423442035,0.06791077558046842,Banks—Regional,Financial Services,CNOB
2009Q4,2009,Q4,2010-03-16,2009-12-31,1038000.0,7678000.0,0.0,0.07121865967305832,7678000.0,1.0,1196824000.0,102551000.0,863812000.0,46109000.0,1094273000.0,0.0,17870000.0,130007501.44,315247501.44,7.0361702968514495,18.734129996313083,0.2292801614940877,2.675819835984047,0.0,7.0361702968514495,0.010121793059063295,16.93246958061995,31.31201865125241,1.2677350921980282,0.5423892100192679,0.0,0.004330519345145873,0.006415312527155204,2.0213190483419723,0.0008672954419363248,-19.28608536418929,1.0,-0.35255763933583345,-0.6097520443070706,-0.1871424552027199,0.17896080099740166,-0.009545923632610939,-0.3237785016286645,0.0,-0.5459424354287256,0.052758597822749394,0.05286063977453017,Banks—Regional,Financial Services,CNOB
2009Q3,2009,Q3,2009-11-09,2009-09-30,1535000.0,7752000.0,0.0,0.11,7752000.0,1.0,1349516000.0,92227000.0,938217000.0,52171000.0,1257289000.0,0.0,17459000.0,97894525.53,206002525.53,7.094056651688641,17.98349657855897,0.2078589657328998,3.0415062834094138,0.0,7.094056651688641,0.016643716048445684,12.628292767027864,15.943733799674268,1.061451912455138,0.3355048859934853,0.0,0.005260764043870636,0.005744281653570614,3.3935136378447797,0.0011374448320731285,-10.366888227258286,1.0,0.375,-0.41697124489410886,-0.20058756614740184,0.04345450796575383,-0.15537154064066244,0.2781015820149875,0.0,0.2601693956001185,0.19068932527644583,0.019685982717842693,Banks—Regional,Financial Services,CNOB
2009Q2,2009,Q2,2009-08-10,2009-06-30,1201000.0,9178000.0,0.0,0.08,9178000.0,1.0,1341603000.0,89458000.0,927212000.0,24122000.0,1252145000.0,0.0,16458000.0,105904596.35000001,181618596.35000002,6.884334817636081,38.43843794046928,0.188206198107786,2.8225312437121333,0.0,6.884334817636081,0.013425294551633169,11.538962339289606,22.045086667360533,1.1838471277023856,1.077435470441299,0.0,0.012218544280396568,0.006841069973755276,7.522386203465716,0.0008951977596949321,7.3509124973971,1.0,0.6,-0.4868376872075534,-0.04532309078343518,0.3319974224896198,0.18227489372665207,0.5031289111389237,0.0,-0.06091088579252052,0.3711375888135332,0.01859892541164901,Banks—Regional,Financial Services,CNOB
2009Q1,2009,Q1,2009-05-11,2009-03-31,799000.0,7763000.0,0.0,0.05,7763000.0,1.0,1121013000.0,89429000.0,819581000.0,26951000.0,1031584000.0,0.0,15806000.0,93797272.64,258528272.64,6.883754312112587,30.41004044376832,0.2277984287425748,2.8555054847979964,0.0,6.883754312112587,0.008934461975421843,12.082606291382199,29.348333116395494,1.0488462650817967,1.525657071339174,0.0,0.012996113486994455,0.006924986596944014,3.5214648807094355,0.0007127482018495771,20.141136491303413,1.0,-0.6176776927604473,-0.6303719092923002,-0.14790180804823166,0.23363244769608887,0.043694541543425655,-0.5297233666862861,0.0,1.8131367939687997,1.384632294610002,-0.012427082078223533,Banks—Regional,Financial Services,CNOB
2008Q4,2008,Q4,2009-03-16,2008-12-31,1699000.0,7438000.0,0.0,0.13077970877768158,7438000.0,1.0,1023293000.0,81713000.0,744981000.0,15000000.0,941580000.0,0.0,16309000.0,106268932.16,334689932.15999997,6.289818918982163,49.6654,0.2379103541214491,2.9793545702642175,0.0,6.289818918982163,0.020792285193298496,14.287299295509545,15.636982366097703,1.300514387673932,0.6880517951736316,0.0,0.011000392835790778,0.007268690394637704,1.279,0.0016603260258791959,-21.696392846059616,1.0,0.08983090648067987,-0.20804807191210942,-0.13031180386364927,0.20283929070208676,0.07687852902852178,0.11923583662714098,0.0,-0.04507885528439967,0.06469346607249118,-0.10813865128370546,Banks—Regional,Financial Services,CNOB
2008Q3,2008,Q3,2008-11-10,2008-09-30,1518000.0,6907000.0,0.0,0.12,6907000.0,1.0,1042778000.0,80624000.0,722752000.0,8000000.0,962154000.0,0.0,15784000.0,131723071.74000001,352260071.74,6.206409774695101,90.344,0.2267874849680373,2.9332332804127805,0.0,6.206409774695101,0.018828140504068266,19.070952908643406,21.693523013833993,1.6337947973308198,0.7661396574440053,0.0,0.008829129055656805,0.006623653356706796,2.563375,0.001455726914069917,80.71266650735295,1.0,0.09090909090909087,-0.24276216475005127,-0.11014229765283204,0.18577187905845588,-0.08455931080185554,0.078125,0.0,-0.19081747980403937,-0.11297910764832465,-0.1255769123711534,Banks—Regional,Financial Services,CNOB
2008Q2,2008,Q2,2008-08-11,2008-06-30,1408000.0,7545000.0,0.0,0.11,7545000.0,1.0,986436000.0,80393000.0,686974000.0,10900000.0,906043000.0,0.0,15438000.0,114370095.0,327624095.0,6.150547920765477,63.0251376146789,0.2325807249532661,2.85380567959897,0.0,6.150547920765477,0.01751396265844041,15.158395626242545,20.307190163352274,1.4226374808752005,0.8345170454545454,0.0,0.010273664632349917,0.007648747612617544,1.8641284403669725,0.0014273607208171641,62.090171009771986,1.0,0.22222222222222227,-0.2994826547230973,-0.14429991006271556,0.07651911470359428,0.15138104684877154,0.15694330320460148,0.0,-0.358545964793982,-0.14409729549593103,-0.3037577818113316,Banks—Regional,Financial Services,CNOB
2008Q1,2008,Q1,2008-05-12,2008-03-31,1217000.0,6553000.0,0.0,0.09,6553000.0,1.0,995167000.0,85401000.0,678838000.0,1026000.0,909766000.0,0.0,15205000.0,139597213.14,344031213.14,6.4969679522930335,661.635477582846,0.22065542768198704,2.5712696572639664,0.0,6.4969679522930335,0.014250418613365182,21.302794619258353,28.67650228841413,1.6346086479081041,0.9597370583401807,0.0,0.008366929208168577,0.006584824456598742,19.15204678362573,0.0012229103256036424,-65.29336442469597,1.0,1.223735394736842,0.07313193443743828,0.36408185827461853,1.422251264287685,0.08385709560039696,1.287593984962406,0.0,-0.389757859634762,-0.20835817661997943,0.11727672644700013,Banks—Regional,Financial Services,CNOB
2007Q4,2007,Q4,2008-03-17,2007-12-31,532000.0,6046000.0,0.0,0.04047244119647187,6046000.0,1.0,1017645000.0,85278000.0,668828000.0,1123000.0,932367000.0,0.0,15161000.0,145380901.82,299562901.82,6.487610602166782,595.5725734639359,0.17169346874401192,2.0488637163160486,0.0,6.487610602166782,0.006238420225615047,24.04579917631492,68.31809296052631,1.7047878916015853,2.2011278195488724,0.0,0.00805470309607686,0.005941168089068388,22.329474621549423,0.0005227756241125343,51.92175065,1.0,-0.4218222686218305,-0.5549136090446636,0.2879382918183301,1.4832894489977981,-0.054130162703379225,-0.46693386773547096,0.0,-0.7782282408664826,-0.29028202928868585,0.08704568954398438,Banks—Regional,Financial Services,CNOB
2007Q3,2007,Q3,2007-11-09,2007-09-30,998000.0,6392000.0,0.0,0.07,6392000.0,1.0,987790000.0,93730000.0,608919000.0,10202000.0,894060000.0,0.0,15805000.0,165262122.24,299823122.24,6.760542493684486,59.68623799255048,0.15169013656748903,1.598613037447989,0.0,6.760542493684486,0.010647604822362104,25.854524755944933,41.39832721442885,1.7631721139443082,1.2635270541082164,0.0,0.007630302593892189,0.006471011044857713,2.0035287198588514,0.0010103362050638293,-545.4195453465347,1.0,0.0,-0.6662946723341575,-0.39041353248154204,0.3178754495540615,-0.001562011871290222,-0.018682399213372666,0.0,-0.644550018666728,-0.3818978408916166,-0.005601606007765092,Banks—Regional,Financial Services,CNOB
2007Q2,2007,Q2,2007-08-09,2007-06-30,1017000.0,6402000.0,0.0,0.07,6402000.0,1.0,1001622000.0,95813000.0,599742000.0,26326000.0,905809000.0,0.0,16080000.0,205318242.0,351957242.0,6.887843312042385,22.781356833548582,0.17072508391389166,1.7847473724859884,0.0,6.887843312042385,0.010614426017346289,32.07095313964386,50.47154424778761,2.1429058895974453,1.2369714847590954,0.0,0.006127073696646983,0.006391632771644393,1.110803008432728,0.001015353097276218,-510.74189552238806,1.0,-0.1833306111020369,-0.6595279945754329,-0.3963567248535357,0.37114341332907463,-0.08946095861186175,-0.22307104660045837,0.0,-0.5940722698446568,-0.37792885652837127,0.332676254305592,Banks—Regional,Financial Services,CNOB
2007Q1,2007,Q1,2007-05-10,2007-03-31,1309000.0,7031000.0,0.0,0.085714,7031000.0,1.0,1048966000.0,98163000.0,624044000.0,1228000.0,950803000.0,0.0,16321000.0,217008883.229481,378812883.229481,6.720562341066741,508.17915309446255,0.17259758657573268,1.844371097052861,0.0,6.720562341066741,0.01333496327536852,30.864583022255868,41.445546835271394,2.21069937990364,0.9129106187929718,0.0,0.005506687017675309,0.006702791129550433,19.77198697068404,0.0012478955466621415,-555.0099315331995,1.0,-0.4535267826110869,-0.5532281918840877,-0.3502581296263755,0.49432806906412025,-0.03803529894650431,-0.428633784373636,0.0,-0.4613971580953643,-0.3135831120269552,0.2043869369532959,Banks—Regional,Financial Services,CNOB
