Quarters,Year,Quarter,FillingDate,Date,NetIncome,Revenue,OperatingIncome,EPSDiluted,GrossProfit,GrossProfitRatio,TotalAssets,CommonStockEquity,CurrentAssets,CurrentLiability,TotalLiability,Inventory,RetainedEarnings,MarketCap,EnterpriseValue,bookValuePerShare,currentRatio,debtToAssets,debtToEquity,roic,shareholdersEquityPerShare,roe,priceToSalesRatio,peRatio,pbRatio,payoutRatio,inventoryTurnover,dividendYield,assetTurnover,quickRatio,returnOnAssets,priceToFreeCashFlowsRatio,grossProfitMargin,epsdilutedGrowth,fiveYNetIncomeGrowthPerShare,fiveYRevenueGrowthPerShare,fiveYShareholdersEquityGrowthPerShare,grossProfitGrowth,netIncomeGrowth,operatingIncomeGrowth,threeYNetIncomeGrowthPerShare,threeYRevenueGrowthPerShare,threeYShareholdersEquityGrowthPerShare,Industry,Sector,Symbol
2023Q2,2023,Q2,2023-05-04,2023-03-31,12349000.0,152786000.0,12929000.0,0.96,30878000.0,0.2020996688,687664000.0,405759000.0,519879000.0,75861000.0,281905000.0,397481000.0,149514000.0,628328960.0,719955960.0,32.34685905612245,6.853047020208012,0.15776018520672888,0.26736560372043505,0.019833868145344363,32.34685905612245,0.030434321851148097,4.11247732122053,12.720239695521906,1.548527475669055,0.22730585472507894,0.30670145239646673,0.004467405099392522,0.22218118150724772,1.5652311464388817,0.017957898043230416,-37.8511421686747,0.20209966881782362,0.5737704918032787,6.913392903401689,0.3728838649614246,0.2953133675961156,0.3403073183436062,0.5956841969246672,0.16341221992261315,2.018704073166877,0.3618619036201198,0.3289814627421558,Metal Fabrication,Industrials,HAYN
2023Q1,2023,Q1,2023-02-02,2022-12-31,7739000.0,132673000.0,11113000.0,0.61,23038000.0,0.1736449767,665802000.0,389144000.0,498529000.0,88919000.0,276658000.0,390535000.0,139976000.0,569068950.0,646136950.0,31.24399839421919,5.606552030499668,0.13306508541578427,0.22766636515017577,0.018009557238733293,31.24399839421919,0.01988723968505232,4.289259683582944,18.383155123400957,1.4623608484262893,0.3612869879829435,0.2807302802565711,0.0049132886269756945,0.1992679505318398,1.165847569135955,0.011623575777783786,-54.61838468183127,0.1736449767473412,-0.5307692307692308,1.3423448591436318,0.4739645650545795,0.24810263728657583,-0.2782807556154256,-0.5262610186092067,-0.4091029935662253,1.3690657235079333,0.22381364221719813,0.28217023572411826,Metal Fabrication,Industrials,HAYN
2022Q4,2022,Q4,2022-11-17,2022-09-30,16336000.0,143810000.0,18807000.0,1.3,31921000.0,0.2219664836,632295000.0,375488000.0,464422000.0,80879000.0,256807000.0,357556000.0,135040000.0,433556399.99999994,500413399.99999994,30.41620089104901,5.742182766849244,0.11950434528187001,0.20123679052326574,0.03527680060154956,30.41620089104901,0.043506050792568605,3.0147861762047143,6.634984084231146,1.154647818305778,0.167911361410382,0.31292720580832095,0.006326743187276212,0.22744130508702426,1.2778595185400412,0.025836041721032113,-16.980902396992008,0.2219664835546902,0.04838709677419359,5.486024872859403,0.43481219219749,0.13099801438949113,-0.039160797062187704,0.04664274730907227,-0.0789009697325889,1.7294338081090732,0.11891753953903438,0.27834793180437867,Metal Fabrication,Industrials,HAYN
2022Q3,2022,Q3,2022-07-28,2022-06-30,15608000.0,130165000.0,20418000.0,1.24,33222000.0,0.2552299005,614524000.0,354073000.0,437695000.0,138613000.0,260451000.0,344088000.0,121495000.0,404349030.00000006,442175030.00000006,28.695437231542265,3.157676408417681,0.0769115608178037,0.13348659739658206,0.038182179709688825,28.695437231542265,0.04408130526755782,3.106434371758922,6.476631054587392,1.141993402490447,0.1756791389031266,0.28173897375090096,0.006781270131895703,0.21181434736478966,0.6421619905780843,0.02539851982998223,-16.487218348623855,0.25522990051089,0.8235294117647057,4.954228839011887,0.3352015520680838,0.16292301619081054,0.41895528125400416,0.8396982555398397,0.9105455225975484,3.1421376876515654,0.042084129406226654,0.08214149613103887,Metal Fabrication,Industrials,HAYN
2022Q2,2022,Q2,2022-04-28,2022-03-31,8484000.0,117056000.0,10687000.0,0.68,23413000.0,0.2000153773,565513000.0,345310000.0,386827000.0,95884000.0,220203000.0,292097000.0,108619000.0,525300600.0,535444600.0,28.003406049793202,4.034322723290643,0.03951456465191781,0.06471286669948742,0.02183777191267921,28.003406049793202,0.024569227650516928,4.487600806451613,15.479154879773692,1.5212435203150794,0.3272041489863272,0.32058870854544896,0.005284593240517905,0.20699082072383834,0.9339827291310333,0.015002307639258514,-30.243571880937303,0.20001537725533078,0.8378378378378379,5.51437118734175,0.1416760183844315,0.13058786629558475,0.3170388704505822,0.8209916291049582,0.6177717226763548,4.676067993950174,-0.07293916320153247,0.05739417976133966,Metal Fabrication,Industrials,HAYN
2022Q1,2022,Q1,2022-01-27,2021-12-31,4659000.0,99430000.0,6606000.0,0.37,17777000.0,0.1787890979,530609000.0,340209000.0,349057000.0,64024000.0,190400000.0,271423000.0,102865000.0,498841770.0,488065770.0,27.504972107688577,5.451971135824066,0.006569809407680608,0.010246642505048368,0.014180463335801911,27.504972107688577,0.013694523072581854,5.017014683697074,26.767641661300704,1.4662803453171431,0.6033483580167418,0.300833017098772,0.005635053375742774,0.18738845364477422,1.1365737848306885,0.00878047677291565,-18.360696749972394,0.1787890978577894,0.8499999999999999,7.94032243627502,0.06619358775635746,0.1067381317407651,0.06449101796407186,0.8241973375097885,0.38374528697109345,3.9209940009099484,-0.06669161017684919,0.0404422935350939,Metal Fabrication,Industrials,HAYN
2021Q4,2021,Q4,2021-11-18,2021-09-30,2554000.0,95278000.0,4774000.0,0.2,16700000.0,0.175276559121728,546455000.0,343321000.0,361606000.0,74213000.0,203134000.0,248495000.0,101015000.0,464768250.0,417934250.0,27.516310010419172,4.872542546454126,0.001632339350907211,0.0025981515840860303,0.008613038728431714,27.516310010419172,0.007439102181340495,4.878022733474674,45.49415133124511,1.3537425616260002,1.0884886452623337,0.3162156180204833,0.005981475713971425,0.17435653438983997,1.4415533666608276,0.004673760876924907,-24.82869010096693,0.175276559121728,5.666666666666667,-0.19843332731593616,-0.12062951762532174,0.09446850310797712,0.22272660711670816,5.052132701421801,2.5310650887573964,0.1937754388262196,-0.22446506906564662,0.025771571182482918,Metal Fabrication,Industrials,HAYN
2021Q3,2021,Q3,2021-07-29,2021-06-30,422000.0,88143000.0,1352000.0,0.03,13658000.0,0.15495274724028,563608000.0,295012000.0,362589000.0,56543000.0,268596000.0,230726000.0,101329000.0,442780700.00000006,369931700.00000006,23.57267279264882,6.412624020656845,0.002333181927864757,0.004457445798814964,0.0027423176111782727,23.57267279264882,0.0014304502867679958,5.023435780493063,262.3108412322275,1.5008904722519765,6.613744075829384,0.32282880993039365,0.006303346103387072,0.15639061191466408,2.2511716746546875,0.000748747356318576,63.13713104234993,0.15495274724028,1.103448275862069,-0.8506045908806281,-0.13957788399059637,-0.13454838487954457,0.628861061419201,1.1161894273127753,1.3618843683083512,-0.4125328427766064,-0.22655018762039192,-0.04530037288717292,Metal Fabrication,Industrials,HAYN
2021Q2,2021,Q2,2021-04-29,2021-03-31,-3632000.0,82063000.0,-3736000.0,-0.29,8385000.0,0.10217759526217662,555420000.0,293891000.0,350464000.0,46450000.0,261529000.0,226865000.0,103721000.0,371290380.0,302989380.0,23.48497682595493,7.54497308934338,0.00273486730762306,0.005168582909990439,-0.010404896398451517,23.48497682595493,-0.012358323323953438,4.524455357469262,-25.556881883259916,1.2633608378616563,-0.7734030837004405,0.3247658298988385,0.007565507083700902,0.1477494508660113,2.561506996770721,-0.006539195563717547,31.745073529411766,0.10217759526217662,0.5538461538461539,-2.0872727335745407,-0.20929915130186028,-0.1414667213070945,7.495440729483283,0.5475270960508285,0.6080981852512326,-0.7433744612223862,-0.260841587346133,-0.05955615759896796,Metal Fabrication,Industrials,HAYN
2021Q1,2021,Q1,2021-01-28,2020-12-31,-8027000.0,72177000.0,-9533000.0,-0.65,987000.0,0.013674716322374164,554401000.0,297891000.0,346123000.0,38377000.0,256510000.0,236313000.0,110134000.0,297833120.0,238192120.0,23.844632994476907,9.019021809938245,0.0029256801484845805,0.00544494462739727,-0.02493229207217831,23.844632994476907,-0.02694609773373482,4.126426978123225,-9.275978572318426,0.9998057007428892,-0.3481998255886383,0.30125299920021326,0.009384449922829267,0.13018915911046336,2.75852724287985,-0.014478689612753224,17.189952672284427,0.013674716322374164,-0.41304347826086957,-35.79065547864699,-0.24976118712057807,-0.13403705745182587,-0.7503793626707133,-0.4040580724156026,-0.8428378117146723,0.6459951444779244,-0.20057023868076748,-0.04747948869938908,Metal Fabrication,Industrials,HAYN
2020Q4,2020,Q4,2020-11-19,2020-09-30,-5717000.0,79938000.0,-5173000.0,-0.46,3954000.0,0.04946333408391503,560724000.0,301501000.0,351535000.0,38215000.0,259223000.0,246124000.0,120943000.0,213180660.0,167856660.0,24.170354337021003,9.198874787387151,0.0034134440473387977,0.0063482376509530645,-0.013352576168582465,24.170354337021003,-0.01896179448824382,2.6668250394055395,-9.322225817736575,0.7070645205156866,-0.48504460381318876,0.30872243259495213,0.01300774657513491,0.14256211612130032,2.672406123250033,-0.010195746927186994,14.924437132455894,0.04946333408391503,0.2923076923076923,-1.9782392935812716,-0.3238097566117669,-0.1274670928878696,0.4982948086396362,0.2939360256885266,0.35755091902632885,-0.5537083481634151,-0.21069545251552893,-0.10124795466136269,Metal Fabrication,Industrials,HAYN
2020Q3,2020,Q3,2020-07-30,2020-06-30,-8097000.0,80576000.0,-8052000.0,-0.65,2639000.0,0.03275168784749802,604012000.0,295124000.0,390523000.0,74725000.0,308888000.0,263885000.0,129408000.0,291416000.0,257934000.0,23.657234468937876,5.226135831381733,0.05295259034588717,0.10837478483620444,-0.01950304271670874,23.657234468937876,-0.02743592523820496,3.6166600476568704,-8.997653451895765,0.9874357897019558,-0.3411139928368532,0.29534456297250694,0.009477859829247537,0.13340132315252015,1.6436533957845434,-0.013405362807361444,18.406771096513392,0.03275168784749802,-3.03125,-2.212540249842308,-0.3430990786388477,-0.2037113377898468,-0.8632359038142621,-2.9904129793510323,-2.0760390217827074,-1.0289815224095782,-0.18248125429134798,-0.04125724792548116,Metal Fabrication,Industrials,HAYN
2020Q2,2020,Q2,2020-04-30,2020-03-31,4068000.0,111563000.0,7483000.0,0.32,19296000.0,0.172960569364395,622784000.0,303612000.0,403530000.0,82940000.0,319172000.0,280337000.0,140297000.0,257089140.0,236989140.0,24.33958633958634,4.865324330841572,0.05187352276230603,0.10640554391789521,0.016372934751391257,24.33958633958634,0.013398679894075333,2.304430142610005,15.799480088495574,0.8467687047942769,0.6792035398230089,0.3291288698958753,0.010747245099501286,0.17913594440448052,1.4317940680009646,0.006531959716370363,-32.036029906542055,0.172960569364395,0.23076923076923075,-0.6567798719091491,-0.20464016085044331,-0.16005588995261547,0.02950434829002828,0.24479804161566707,0.17768334907145106,3.139784847721356,0.07562760956320069,-0.01733235816886299,Metal Fabrication,Industrials,HAYN
2020Q1,2020,Q1,2020-01-30,2019-12-31,3268000.0,108453000.0,6354000.0,0.26,18743000.0,0.17282140650788821,606967000.0,303626000.0,385797000.0,65043000.0,303341000.0,282019000.0,139010000.0,445818800.0,414761800.0,24.368057784911716,5.93141460264748,0.004220987302439836,0.008438012554919539,0.01522631789763327,24.368057784911716,0.010763241619624143,4.110709708352927,34.10486536107712,1.4683156251440919,0.8445532435740514,0.31809913516465205,0.006190856015941902,0.1786802247898156,1.5391356487246899,0.005384147737850657,94.21360946745563,0.17282140650788821,-0.4583333333333333,-0.49305206342162966,-0.030030291772662126,-0.1397623775864892,-0.12045987799155326,-0.45867152559218155,-0.27975515756064384,5.832652105786134,0.15445429530676189,-0.019484235743492027,Metal Fabrication,Industrials,HAYN
2019Q4,2019,Q4,2019-11-14,2019-09-30,6037000.0,129640000.0,8822000.0,0.48,21310000.0,0.16437827830916385,593800000.0,296275000.0,371873000.0,60080000.0,297525000.0,258802000.0,125296000.0,446279680.00000006,424020680.00000006,23.793366527465466,6.189630492676431,0.014784439205119569,0.0296312547464349,0.022523506012632328,23.793366527465466,0.020376339549405112,3.442453563714903,18.481020374358128,1.5063021854695808,0.4560212025840649,0.41858254572994025,0.006168777390895323,0.21832266756483665,1.8271304926764314,0.010166722802290333,37.0264398904837,0.16437827830916385,0.6,-0.061291543514536966,0.06945951723693747,-0.15364498100879162,0.17248968363136177,0.5878485007890584,0.38710691823899374,0.898501733055947,0.1989176034439554,-0.05361255788461453,Metal Fabrication,Industrials,HAYN
2019Q3,2019,Q3,2019-08-01,2019-06-30,3802000.0,126032000.0,6360000.0,0.3,18175000.0,0.14420940713469596,587823000.0,330140000.0,374976000.0,67472000.0,257683000.0,269138000.0,122019000.0,396408000.0,382700000.0,26.517269076305222,5.5575053355465975,0.014182840753083837,0.025252923002362634,0.013185031180786917,26.517269076305222,0.011516326406978857,3.145296432652025,26.065754865860075,1.200726964318168,0.724092582851131,0.4007498012172194,0.006944864886682408,0.21440467623757492,1.5137390324875504,0.006467933374502188,27.711149947570778,0.14420940713469596,1.5,0.793672817606303,-0.013211815337172325,-0.07409734492428578,0.23782605734522919,1.5195493704440026,1.01202151217969,0.3530019297246291,0.23670486022743883,-0.026439914024985873,Metal Fabrication,Industrials,HAYN
2019Q2,2019,Q2,2019-05-02,2019-03-31,1509000.0,127474000.0,3161000.0,0.12,14683000.0,0.11518427287133062,587732000.0,329692000.0,369974000.0,66380000.0,258040000.0,272025000.0,120977000.0,423514980.00000006,421106980.00000006,26.48341232227488,5.573576378427237,0.014244587669209776,0.02539339747400604,0.0067526384029477585,26.48341232227488,0.004576999138589956,3.322363619247847,70.16484095427435,1.2845776664280604,1.824387011265739,0.41463468431210365,0.006500360388669132,0.21689137225810404,1.4208948478457366,0.002567496750219488,232.31759736697754,0.11518427287133062,1.923076923076923,2.2178848598767025,0.09080586333149512,-0.07159691072523909,0.2953683281870313,1.9413599500935745,6.0414673046252,2.2893774808447382,0.23466208825808016,-0.031853811033333464,Metal Fabrication,Industrials,HAYN
2019Q1,2019,Q1,2019-01-31,2018-12-31,-1603000.0,107069000.0,-627000.0,-0.13,11335000.0,0.10586631051004493,582534000.0,328624000.0,363327000.0,60769000.0,253910000.0,281041000.0,122226000.0,328178400.0,324978400.0,26.435845869197973,5.9788214385624245,0.014435208932010836,0.02558851453332684,-0.0017074827832331732,26.435845869197973,-0.004877915185744194,3.0651112833780085,-51.18190892077355,0.99864404304007,-1.7167810355583282,0.34064068943677256,0.008385682909051907,0.18379871389481128,1.2956770721914135,-0.002751770712095775,68.01624870466321,0.10586631051004493,-1.7647058823529413,0.5478067565262655,0.1256125775518859,-0.08175074075860418,-0.2891634265646557,-1.752582159624413,-1.1345204891654153,-7.982381021131381,0.11847201277336797,-0.039932261362831054,Metal Fabrication,Industrials,HAYN
2018Q4,2018,Q4,2018-11-15,2018-09-30,2130000.0,122313000.0,4661000.0,0.17,15946000.0,0.13037044304366666,588694000.0,333220000.0,366349000.0,62198000.0,255474000.0,273045000.0,126588000.0,437627059.99999994,436415059.99999994,26.824987924649815,5.890044695970931,0.01459162145359049,0.02577876478002521,0.006511030588947535,26.824987924649815,0.006392173338935238,3.577927611946399,51.36467840375587,1.3133277114218833,1.292018779342723,0.389558497683532,0.006288459401939177,0.20777008089092125,1.454693076947812,0.0036181785443710995,-236.42736898973524,0.13037044304366666,1.8333333333333337,-0.4762514056783925,0.04250047970225981,-0.07678940977667033,0.20165787490580256,1.9873772791023843,4.250348675034868,-0.6340087273215571,0.03896867802993686,-0.03163667479658271,Metal Fabrication,Industrials,HAYN
2018Q3,2018,Q3,2018-08-02,2018-06-30,713000.0,113114000.0,-1434000.0,0.06,13270000.0,0.11731527485545556,597464000.0,306714000.0,361777000.0,61438000.0,290750000.0,271666000.0,127213000.0,456384280.0,450363280.0,24.691193044598293,5.888489208633094,0.014323875580788131,0.027902215092887837,0.0019205242184610245,24.691193044598293,0.0023246411966848595,4.034728503987128,160.02253856942497,1.4879799422263087,3.8597475455820476,0.3675248282817872,0.0060300061167751,0.18932354083258573,1.4301897848237248,0.0011933773415636758,1129.6640594059406,0.11731527485545556,1.352941176470588,-0.867412710499471,-0.09845812082286622,-0.03924359728420431,0.15874956339504018,1.3447775628626693,0.2020033388981636,-0.8927714128527964,-0.07389643347772847,-0.16890889745919924,Metal Fabrication,Industrials,HAYN
2018Q2,2018,Q2,2018-05-03,2018-03-31,-2068000.0,110206000.0,-1797000.0,-0.17,11452000.0,0.10391448741447834,597887000.0,310205000.0,365659000.0,56818000.0,287682000.0,267870000.0,129256000.0,460980420.0,452038420.0,24.972226694574143,6.435618993980781,0.014370608492909194,0.02769781273673861,-0.005650079926093555,24.972226694574143,-0.006666559210844442,4.18289766437399,-55.72780705996131,1.486050901822988,-1.3322050290135397,0.36866390413260164,0.005976392663271902,0.1843258006947801,1.6565173008553626,-0.003458847574876189,-33.07126910108329,0.10391448741447834,0.9065934065934066,-1.3164367273164284,-0.15997589249889171,-0.004406326971117568,0.6336661911554922,0.9081949746959069,0.6133820998278829,-1.175209057741572,-0.21102557015072612,-0.1382238615632898,Metal Fabrication,Industrials,HAYN
2018Q1,2018,Q1,2018-02-01,2017-12-31,-22526000.0,89693000.0,-4648000.0,-1.82,7010000.0,0.07815548593535727,604615000.0,310687000.0,369708000.0,61386000.0,293928000.0,267228000.0,134082000.0,397772549.99999994,372432549.99999994,25.033196358069453,6.022676180236536,0.014266930195248216,0.027764277230782106,-0.06569326723000289,25.033196358069453,-0.07250383826809619,4.43482267289532,-4.414593691733995,1.2802999481793573,-0.12225872325312971,0.30940994207193856,0.006923554679678124,0.14834729538632022,1.6110025087153423,-0.0372567667027778,-42.15478486646884,0.07815548593535727,-5.169904397705545,-4.791970768419563,-0.2292135324447952,-0.0023729748389063584,0.21427334141694093,-5.1529636711281075,0.2482613617984797,-4.50813791436842,-0.19464674415555197,-0.11628175267172851,Metal Fabrication,Industrials,HAYN
2017Q4,2017,Q4,2017-11-16,2017-09-30,-3661000.0,100765000.0,-6183000.0,-0.2949802594472645,5773000.0,0.057291718354587406,621819000.0,333772000.0,355168000.0,54700000.0,288047000.0,244457000.0,159366000.0,445679009.99999994,408173009.99999994,26.893239867859158,6.493016453382084,0.014187408232942383,0.026431216519060916,-0.010331477480007765,26.893239867859158,-0.010968565367975743,4.422954498089614,-30.43423996175908,1.3352798017808563,-0.7517071838295548,0.388583677292939,0.006174847677928562,0.16204876338613006,1.973126142595978,-0.005887565352618688,1342.4066566265058,0.057291718354587406,0.07818668922729838,-1.2797149162961254,-0.3412730554414979,0.08883931004985438,0.5764609503003824,0.07713637509452988,0.21165370393981894,-1.57113874080154,-0.16599746073341812,-0.04337923291254203,Metal Fabrication,Industrials,HAYN
2017Q3,2017,Q3,2017-08-03,2017-06-30,-3967000.0,97977000.0,-7843000.0,-0.32,3662000.0,0.03737611888504445,642759000.0,305998000.0,363383000.0,59047000.0,336761000.0,247396000.0,165779000.0,450280310.0,409769310.0,24.675268123538423,6.154131454603959,0.012393447621892498,0.026032849887907765,-0.012046091944393135,24.675268123538423,-0.012964137020503402,4.59577564122192,-28.3766265439879,1.4715138987836522,-0.6937232165364255,0.38123090106549823,0.006111748479519346,0.15243193794252588,1.9183531762832997,-0.006171831121773479,-123.02740710382514,0.03737611888504445,-1.1333333333333335,-1.283644272982834,-0.3205050267376099,-0.017410387026190414,-0.6258684102983245,-1.0989417989417989,-3.4971330275229358,-2.878909916346626,-0.22984188811796832,-0.13841443458804584,Metal Fabrication,Industrials,HAYN
2017Q2,2017,Q2,2017-05-04,2017-03-31,-1890000.0,103112000.0,-1744000.0,-0.15,9788000.0,0.0949259058111568,647837000.0,307159000.0,372991000.0,61555000.0,340678000.0,242753000.0,172498000.0,472726119.99999994,426355119.99999994,24.76888960567696,6.059475266022257,0.012339523676480349,0.026025608886602703,-0.005268691906380299,24.76888960567696,-0.006153164973189781,4.584588796648304,-62.529910052910054,1.5390274092570948,-1.4566137566137567,0.3844401511000894,0.005823668046944392,0.1591634932861198,2.049078060271302,-0.0029174005189577007,-77.15458136118818,0.0949259058111568,-1.5,-1.122125175552477,-0.36464096858331335,0.016767645951553556,-0.06665395251263469,-1.8125,-1.2708333333333333,-0.5312868584767811,-0.11424661623727023,-0.13170125707423455,Metal Fabrication,Industrials,HAYN
2017Q1,2017,Q1,2017-02-02,2016-12-31,-672000.0,93355000.0,-768000.0,-0.06,10487000.0,0.11233463660221735,647069000.0,307721000.0,366541000.0,58345000.0,339348000.0,241590000.0,177141000.0,532302180.0,477363180.0,24.85228557583589,6.282303539292141,0.01239744138569457,0.02606906905931022,-0.001811414844942249,24.85228557583589,-0.002183796360989338,5.701913984253656,-198.02908482142857,1.7298207792123386,-4.095238095238095,0.3430108862121777,0.005169995734377792,0.14427364006002452,2.041683091953038,-0.0010385291213147285,70.2616393875396,0.11233463660221735,-1.2349525616698291,-1.0786555526333699,-0.2840104350048823,0.08677964103618638,-0.21280588500225192,-1.2125237191650853,-1.4530973451327434,0.8096840941373161,-0.014678315098155155,-0.13675571671203435,Metal Fabrication,Industrials,HAYN
2016Q4,2016,Q4,2016-11-17,2016-09-30,3162000.0,107523000.0,1695000.0,0.25537069940235824,13322000.0,0.12389907275652651,649601000.0,311299000.0,366260000.0,55388000.0,338302000.0,236558000.0,180565000.0,459496020.0,408838020.0,25.141253432401875,6.612623672997762,0.013298932729475478,0.027751454389509763,0.010529851811313043,25.141253432401875,0.01015743706211713,4.2734672581680195,36.32953984819735,1.476060058014963,0.8690702087286527,0.39821523685523214,0.0059804652932576,0.16552160480048522,2.192659059724128,0.004867603344206674,25.37250248481502,0.12389907275652651,0.16077590637435563,-0.7224642398179664,-0.3113999985506535,0.12747233774107544,0.0042970222389747455,0.13252148997134672,-0.4598470363288719,-0.21997978542786895,-0.08059736626406099,-0.13473692940776782,Metal Fabrication,Industrials,HAYN
2016Q3,2016,Q3,2016-08-04,2016-06-30,2792000.0,101255000.0,3138000.0,0.22,13265000.0,0.13100587625302454,636662000.0,336928000.0,377506000.0,61903000.0,299734000.0,245626000.0,180151000.0,396830851.12,356987851.12,27.23742423124131,6.098347414503336,0.0071859165459851534,0.01357856871497768,0.008357859912275181,27.23742423124131,0.008286636907588565,3.9191235111352527,35.532848416905445,1.1777912524931142,0.9842406876790831,0.3582275492008175,0.006924864818962919,0.15904043275709875,1.9325073098234333,0.004385372458227442,-855.2389032758621,0.13100587625302454,3.4444444444444446,-0.6753742797948947,-0.30928045232235857,0.16067474439322574,0.48961257720381807,3.4027538726333906,3.048302872062663,-0.478627365419284,-0.1895868500731418,0.05983253528433095,Metal Fabrication,Industrials,HAYN
2016Q2,2016,Q2,2016-05-05,2016-03-31,-1162000.0,102511000.0,-1532000.0,-0.09,8905000.0,0.08686872628303303,644141000.0,338115000.0,385692000.0,66428000.0,306026000.0,249402000.0,180107000.0,451153468.5,407937468.5,27.35476586499966,5.806166074546878,0.007102482220507622,0.01353089925025509,-0.00310308617435959,27.35476586499966,-0.0034367005308844623,4.401024948542108,-97.06399924698795,1.3343195909675702,-2.3631669535283994,0.37532176967305797,0.006086620610786682,0.15914372784840586,1.8576202806045643,-0.0018039528612524276,279.52507342007436,0.08686872628303303,-5.5,-1.1824699883464147,-0.2807233633065762,0.19655710920637404,-0.2633189940436797,-6.0964912280701755,-2.7079152731326643,-1.178690953668196,-0.21473350267195515,0.0905808342792852,Metal Fabrication,Industrials,HAYN
2016Q1,2016,Q1,2016-02-04,2015-12-31,228000.0,95070000.0,897000.0,0.02,12088000.0,0.1271484169559272,647547000.0,339940000.0,390228000.0,65647000.0,307607000.0,257372000.0,184015000.0,452958743.15999997,409276743.15999997,27.535396519753977,5.944338659801667,0.007066668519814006,0.013461199035123845,0.0007463073811652301,27.535396519753977,0.0006707065952815202,4.764476103502682,496.6652885526316,1.3324667387185973,12.043859649122806,0.3224204653186827,0.006062362282363588,0.14681559794115331,1.822032994653221,0.00035209799443129225,146.3990766515837,0.1271484169559272,-0.9573113278008298,-0.9576596213926494,-0.1274764398028757,0.23218248438801004,-0.43527213267928055,-0.9605809128630706,-0.9074589910244506,-0.9614156144645739,-0.17867533482997036,0.09734511421184598,Metal Fabrication,Industrials,HAYN
2015Q4,2015,Q4,2015-11-19,2015-09-30,5784000.0,117001000.0,9693000.0,0.4685083646239248,21405000.0,0.18294715429782651,638191000.0,341989000.0,385442000.0,53427000.0,296202000.0,247836000.0,186533000.0,467156141.76000005,423153141.76000005,27.701367065935585,7.214367267486477,0.007900456133038542,0.01474316425382103,0.017201899340901314,27.701367065935585,0.016912824681495603,3.9927534103127327,20.191741950207472,1.3659975664714363,0.4733748271092669,0.38572281670136704,0.0058609954044158506,0.18333226259850108,2.4021000617665225,0.009063117467968054,93.07753372384938,0.18294715429782651,-0.11602195353976455,0.034355908669392296,0.09130548506007649,0.25560302394108775,-0.11370129601258747,-0.12390184792487124,-0.10754074210477857,-0.5557371254592576,-0.2310800429694213,0.12155833777241881,Metal Fabrication,Industrials,HAYN
2015Q3,2015,Q3,2015-08-06,2015-06-30,6602000.0,121270000.0,10861000.0,0.53,24151000.0,0.19915065556196915,635108000.0,366422000.0,399647000.0,65536000.0,268686000.0,261062000.0,183487000.0,608290686.0,565522686.0,29.709369970527543,6.0981292724609375,0.0070334494290734805,0.01219086190239669,0.017612960909225733,29.709369970527543,0.018017477116548677,5.016003018058877,23.034333762496214,1.6600823258428807,0.41487428052105424,0.37201507687828944,0.0045027814218414645,0.19094390245438572,1.893463134765625,0.010395082411180461,34.96124409448819,0.19915065556196915,-0.4361702127659574,0.7214040083127228,0.1699283421527147,0.3133971301728862,-0.13241369400438266,-0.4366413516511648,-0.3719060837381448,-0.5253691670075993,-0.1543627658403004,0.18305171781250912,Metal Fabrication,Industrials,HAYN
2015Q2,2015,Q2,2015-05-07,2015-03-31,11719000.0,138688000.0,17292000.0,0.94,27837000.0,0.20071671665897553,621799000.0,357397000.0,387424000.0,64021000.0,264402000.0,254390000.0,179624000.0,550199665.5,518715665.5,28.977626068731226,6.051514346854939,0.0011981363752595292,0.0020845166579462056,0.032646180491306034,28.977626068731226,0.03278986673083434,3.9671757145535302,11.737342467360696,1.539463581115678,0.23355235088318116,0.43575219151696215,0.004974557731714942,0.22304313773421958,1.8702925602536669,0.018846926418344193,47.964402885537446,0.20071671665897553,0.8431372549019607,10.976326987826804,0.4320280158484137,0.28280824435735435,0.37324256326772237,0.8365459959254036,0.7922885572139303,-0.238618079813405,-0.14075405553810566,0.1895370810815542,Metal Fabrication,Industrials,HAYN
2015Q1,2015,Q1,2015-02-05,2014-12-31,6381000.0,110676000.0,9648000.0,0.51,20271000.0,0.18315623983519463,606820000.0,349374000.0,388672000.0,56307000.0,257446000.0,266042000.0,170642000.0,598177175.0,560548175.0,28.327123982957055,6.902729678370362,0.0012277116772683827,0.0021323853520868754,0.018173348341201618,28.327123982957055,0.018264095210290404,5.404759613647042,23.43587114088701,1.7121399274130302,0.4290863501018649,0.3398147660895648,0.004577239176670357,0.1823868692528262,1.9118049265633048,0.010515474110938993,-148.06365717821782,0.18315623983519463,-0.01254152276295132,5.847733747559169,0.3348010131791091,0.2385810008499425,0.07123606193521112,0.001726844583987441,0.09301008270080435,-0.25018942846281134,-0.1478319150666677,0.238732813521123,Metal Fabrication,Industrials,HAYN
2014Q4,2014,Q4,2014-11-20,2014-09-30,6370000.0,120067000.0,8827000.0,0.5164774132346324,18923000.0,0.15760367128353336,610771000.0,346730000.0,384833000.0,62242000.0,264041000.0,254027000.0,166999000.0,567219964.5,522093964.5,28.112749370619166,6.182850808135985,0.0012197697664099966,0.0021486459204568395,0.018272332638509248,28.112749370619166,0.01837164364202694,4.724195361756353,22.261380082417585,1.6359125674155683,0.42888540031397177,0.39816240005983616,0.004816473627489887,0.19658267992422693,1.9527810802994763,0.010429440821519032,-160.09595385266724,0.15760367128353336,2.038102430791955,3.0655289372615315,0.37052367455258206,0.2150417218080052,0.3457791053267904,2.03912213740458,1.8391765841106464,-0.43869460421895085,-0.22804496087695325,0.26073058920645953,Metal Fabrication,Industrials,HAYN
2014Q3,2014,Q3,2014-08-07,2014-06-30,2096000.0,126293000.0,3109000.0,0.17,14061000.0,0.11133633693078793,614987000.0,352578000.0,391515000.0,71553000.0,262409000.0,247590000.0,163361000.0,696676943.45,645045943.45,28.63937038190782,5.471678336338099,0.0012471808347168313,0.0021754051585748404,0.005894384435915519,28.63937038190782,0.0059447838492475424,5.516354377914849,83.0960094763836,1.9759512602885037,1.3020038167938932,0.45329779070237086,0.003917167096826505,0.20535881246270246,1.8714239794278367,0.0034082021245977557,-92.59395845959597,0.11133633693078793,2.7,1.186725811393471,0.2522887699072357,0.03895049751234833,0.5513018534863195,2.7138184791496323,3.3860322333077515,-0.7551285710724529,-0.13434692982373767,0.22041620438823945,Metal Fabrication,Industrials,HAYN
2014Q2,2014,Q2,2014-05-08,2014-03-31,-1223000.0,115350000.0,-1303000.0,-0.1,9064000.0,0.07857824013870827,611734000.0,350522000.0,389851000.0,69961000.0,261212000.0,237459000.0,163994000.0,663546978.0,602230978.0,28.525769278690017,5.572404625434171,0.0012538129317644596,0.002188165079509988,-0.0035280315976089754,28.525769278690017,-0.003489081997706278,5.752466215864759,-135.63920237121832,1.893025196706626,-2.2281275551921507,0.4475972694233531,0.004106717520157254,0.18856234899482455,2.019596632409485,-0.001999234961600957,-40.37893129678087,0.07857824013870827,0.6551724137931034,0.9721883344640102,-0.06569067496424688,0.01736904774541208,0.7264761904761905,0.6497709049255441,0.7666547277936963,-1.1931813931307822,-0.18586466744608143,0.2477793520313044,Metal Fabrication,Industrials,HAYN
2014Q1,2014,Q1,2014-02-06,2013-12-31,-3492000.0,93700000.0,-5584000.0,-0.29,5250000.0,0.056029882604055496,598204000.0,352536000.0,386468000.0,54063000.0,245668000.0,229473000.0,167942000.0,676432581.6,596176581.6,28.789400702634634,7.148474927399516,0.0012821712994229393,0.0021756643293167222,-0.009912159381303779,28.789400702634634,-0.009905371366328545,7.219131073639274,-48.42730395189004,1.918761719654163,-0.7789232531500573,0.38544839697916533,0.004021095485327225,0.15663552901685712,2.717884690083791,-0.0058374735040220395,45.853618600867684,0.056029882604055496,-1.885794113245198,-1.7554490296030285,-0.31718324039589657,-0.09230310269230654,-0.67518406236466,-1.8710401596408082,-1.9241972856669978,-1.6537838861642666,-0.13301148012369468,0.28829796427174226,Metal Fabrication,Industrials,HAYN
2013Q4,2013,Q4,2013-11-21,2013-09-30,4009000.0,115658000.0,6042000.0,0.3273898478931577,16163000.0,0.13974822320980823,597852000.0,355803000.0,395904000.0,48694000.0,242049000.0,232157000.0,174154000.0,554101635.0,486542635.0,29.056196071321825,8.130447283032817,0.0012829262091621338,0.00215568727638609,0.011198713040420569,29.056196071321825,0.011267471044370059,4.790863018554704,34.5536065727114,1.5573270461463227,0.6767273634322774,0.4285677364886693,0.004896213670259247,0.1934559054749336,3.1897359017538096,0.006705672975920462,20.28710266173617,0.13974822320980823,-0.23862826071358667,-0.7594037343005371,-0.29612660476456704,-0.0825082909476049,-0.13125503896801935,-0.24315650368132904,-0.24389938681016143,-0.27720047457746405,0.0876083409223096,0.31701253459942413,Metal Fabrication,Industrials,HAYN
2013Q3,2013,Q3,2013-08-08,2013-06-30,5297000.0,123587000.0,7991000.0,0.43,18605000.0,0.1505417236440726,622495000.0,314458000.0,403272000.0,70319000.0,308037000.0,255788000.0,172858000.0,592948903.32,550362903.32,25.699743425912168,5.7348938409249275,0.0015743098338139262,0.0031164734241138723,0.016717501676227813,25.699743425912168,0.016844856864827736,4.7978258499680395,27.9851285312441,1.8856219378104548,0.5121767037946007,0.41042582138333306,0.004575436407436713,0.1985349279913895,1.9359490322672392,0.008509305295624865,-331.99826613661816,0.1505417236440726,-0.17307692307692313,-0.7061639475229241,-0.27610657945579115,-0.17813511484710473,-0.07364070902210715,-0.17697327532628962,-0.18608677938480342,0.39216753292305523,0.20180197422668789,0.13613884425207745,Metal Fabrication,Industrials,HAYN
2013Q2,2013,Q2,2013-05-02,2013-03-31,6436000.0,129201000.0,9818000.0,0.52,20084000.0,0.1554477132529934,629101000.0,306845000.0,412564000.0,75946000.0,322256000.0,262715000.0,170274000.0,672097941.52,625066941.52,25.08274949016243,5.432333500118506,0.0015577784807209018,0.0031937949127409603,0.020824662892197324,25.08274949016243,0.020974759243266142,5.201956188574392,26.106974111249222,2.1903499862145384,0.42153511497824736,0.41534362331804425,0.004036614059350259,0.20537401784451145,1.8143681036525952,0.010230471736652778,-47.26759557774808,0.1554477132529934,0.10638297872340435,-0.5841570916049569,-0.23219026453689526,-0.15524210445059328,0.06977735165654629,0.10299914310197086,0.21135101789019123,5.631218141261423,0.3450012651341658,0.11038626010330811,Metal Fabrication,Industrials,HAYN
2013Q1,2013,Q1,2013-01-31,2012-12-31,5835000.0,114300000.0,8105000.0,0.47,18774000.0,0.164251968503937,637914000.0,305898000.0,428436000.0,84128000.0,332016000.0,275705000.0,166551000.0,632331453.39,567848453.39,25.092740800628544,5.09266831494865,0.001536257238436529,0.003203682273176026,0.018925523001576353,25.092740800628544,0.019074985779573582,5.532208691076115,27.09217880848329,2.0671317020379343,0.4644387317909169,0.346479026495711,0.0042857270272914395,0.1791777575033625,1.6688023012552302,0.009147001006405251,30.776377562055874,0.164251968503937,-0.5543226827940262,-0.591241068579937,-0.2412110409869364,-0.11587789446896438,-0.3829416598192276,-0.5461263223397635,-0.5902012336940035,5.48487596481755,0.39466166975910416,0.09716016471031545,Metal Fabrication,Industrials,HAYN
2012Q4,2012,Q4,2012-11-15,2012-09-30,12856000.0,150254000.0,19778000.0,1.0545746481927982,30425000.0,0.20249044950550402,626926000.0,301098000.0,426225000.0,76193000.0,325828000.0,263236000.0,163426000.0,659882428.61,614142428.61,24.698997932603852,5.594017823159608,0.0,0.0,0.04265823873200902,24.698997932603852,0.04269706208609821,4.391779444207808,12.83218786189328,2.191586887358933,0.21017423771001867,0.4552150921606467,0.004094668811975475,0.23966783958553323,1.988686624755555,0.020506407454787327,-332.26708389224575,0.20249044950550402,-0.04993274937585754,-0.2992515952930782,-0.09470176203826988,-0.0770895130885956,-0.0606378708820896,-0.06379260122341975,-0.06584167768751181,5.217521224602047,0.7351957956842121,0.06749832893709558,Metal Fabrication,Industrials,HAYN
2012Q3,2012,Q3,2012-08-02,2012-06-30,13732000.0,141574000.0,21172000.0,1.11,32389000.0,0.22877788294460846,623354000.0,305768000.0,436392000.0,95490000.0,317586000.0,291425000.0,153272000.0,620242128.9,570244128.9,25.11248622795703,4.5700282752120645,0.0021624951472197177,0.0044085712043117654,0.044632639271875794,25.11248622795703,0.04490986630386437,4.381045452554847,11.291911755388872,2.0284729889981947,0.19691232158461985,0.3746590031740585,0.004359587770659092,0.22711653410421687,1.3900408419729815,0.02202921614363588,214.83967055767232,0.22877788294460846,-0.097560975609756,-0.2594075109073383,-0.03989195647767124,0.003400445711647664,-0.06213985811495584,-0.0936571843442677,-0.08083702353043327,2.236904856126939,0.41937820368598644,-0.08899428610378834,Metal Fabrication,Industrials,HAYN
2012Q2,2012,Q2,2012-05-03,2012-03-31,15151000.0,158882000.0,23034000.0,1.23,34535000.0,0.21736257096461525,617943000.0,295751000.0,431158000.0,95670000.0,322192000.0,274142000.0,142244000.0,769109227.25,719068227.25,24.360422663229723,4.506721020173513,0.002181430973406932,0.004557888223539397,0.0509765512881039,24.360422663229723,0.05122890539676958,4.840757463085812,12.690733734571976,2.60052959161592,0.178602072470464,0.45358609771578234,0.0035183559163312586,0.25711432931516337,1.5067105675760426,0.024518442639531478,-426.3354918237251,0.21736257096461525,0.8088235294117645,-0.2671725698823287,-0.02613266944574812,-0.08572486341442646,0.4701374994678813,0.7945043231079001,0.7841982958946553,1.3487212014635994,0.30251968605251145,-0.13118767226094916,Metal Fabrication,Industrials,HAYN
2012Q1,2012,Q1,2012-02-02,2011-12-31,8443000.0,128851000.0,12910000.0,0.68,23491000.0,0.18231135187154154,602220000.0,279816000.0,415398000.0,93841000.0,322404000.0,269316000.0,129799000.0,668098267.2,615083267.2,22.867824016412897,4.426615232147995,0.0022383846434857694,0.004817451468107614,0.029945234311768175,22.867824016412897,0.030173399662635447,5.185045263133387,19.782608883098423,2.387634256797324,0.318725571479332,0.391213295905182,0.004027850590419852,0.21396001461260006,1.4193476199102737,0.01401979343097207,-157.0887061368446,0.18231135187154154,-0.260978971489475,-0.4766383544735743,-0.12584908566348693,0.37098910157273446,-0.21688835550221688,-0.2501110222932765,-0.2771151800212778,0.8278934110621154,-0.06032965709923318,-0.2790036471312589,Metal Fabrication,Industrials,HAYN
2011Q4,2011,Q4,2011-11-17,2011-09-30,11259000.0,154309000.0,17859000.0,0.920136198790608,29997000.0,0.19439566065491967,596569000.0,272853000.0,411435000.0,92674000.0,323716000.0,250051000.0,124047000.0,531664280.40000004,472950280.40000004,22.298776289955928,4.439594708332434,0.0022595877425746224,0.004940389147269775,0.041065718279977625,22.298776289955928,0.041263977306461724,3.4454521797173205,11.805317532640556,1.9485374190498181,0.21680433431032953,0.49714658209725215,0.004591243177298845,0.2586607751995159,1.6219759587370783,0.01887292165700866,48.69612386884045,0.19439566065491967,0.3335307228849393,-0.10431597508945006,0.1053886664214081,0.47140023556602056,0.18466885194107657,0.3408360128617363,0.28685689580631213,-0.3237990280133374,-0.06020468772287896,-0.2958836622030692,Metal Fabrication,Industrials,HAYN
2011Q3,2011,Q3,2011-08-04,2011-06-30,8397000.0,143122000.0,13878000.0,0.69,25321000.0,0.17691899218848256,588490000.0,283412000.0,413135000.0,97591000.0,305078000.0,259721000.0,115229000.0,747934926.86,697219926.86,23.46688800011791,4.233330942402476,0.002249825825417594,0.004671644108224069,0.029380388903868147,23.46688800011791,0.029628244393321384,5.225855751456799,22.26792089019888,2.6390376090638363,0.29069905918780514,0.45356748202879243,0.003263652909281654,0.24320209349351732,1.431361498498837,0.014268721643528352,106.31626536744848,0.17691899218848256,0.3529411764705881,-0.4193881479597542,0.031104537522990715,0.6625614067487483,0.2295925800029136,0.35086872586872586,0.4497022876841116,-0.52807782230571,-0.1506643338428424,-0.24954070974627965,Metal Fabrication,Industrials,HAYN
2011Q2,2011,Q2,2011-05-05,2011-03-31,6216000.0,139114000.0,9573000.0,0.51,20593000.0,0.1480296735051828,563559000.0,275821000.0,387232000.0,78195000.0,287738000.0,239964000.0,109273000.0,669004915.4,623016915.4,22.861228816017753,4.952132489289596,0.0023493547259470613,0.004800214631953332,0.022449798608608077,22.861228816017753,0.022536355099865492,4.809040897393505,26.906568347812097,2.4255039152203786,0.39253539253539255,0.4939115867380107,0.003647207881187415,0.24684904331223528,1.7043672869109279,0.011029901039642699,-74.2101958291736,0.1480296735051828,0.186046511627907,-0.48267017710909355,0.03894951889658155,0.812527556392087,0.15244277799541106,0.182648401826484,0.19722361180590295,-0.5927693833344481,-0.16174774652318763,-0.23006034279188783,Metal Fabrication,Industrials,HAYN
2011Q1,2011,Q1,2011-02-03,2010-12-31,5256000.0,106351000.0,7996000.0,0.43,17869000.0,0.16801910654342694,551337000.0,269279000.0,373611000.0,70147000.0,282058000.0,244097000.0,105497000.0,504050496.08,447543496.08,22.346849487501053,5.326115158167847,0.002401435056961532,0.004916833470118353,0.019300187743169123,22.346849487501053,0.019518789062645064,4.739499356658611,23.97500457001522,1.871852227912314,0.4634703196347032,0.36248704408493343,0.004832849127110813,0.1928965405913262,1.6625087316635065,0.009533189319780824,-133.38197832230748,0.16801910654342694,-0.050661473067057525,0.3086811922028534,-0.06513005316970735,0.9417690826346661,-0.10395145923177214,-0.037009893733968485,-0.13882606354334948,-0.6275018618226901,-0.2857360922662982,-0.2126271188207676,Metal Fabrication,Industrials,HAYN
2010Q4,2010,Q4,2010-11-18,2010-09-30,5458000.0,104645000.0,9285000.0,0.4529469602263108,19942000.0,0.19056811123321707,551543000.0,265849000.0,371630000.0,71431000.0,285694000.0,231783000.0,102677000.0,420785161.92,358217161.92,22.06220161766297,5.202643110134256,0.0,0.0,0.020475321390841954,22.06220161766297,0.02053045149690238,4.021072788188638,19.273779860754857,1.5827976103728059,0.44503481128618544,0.3654409512345599,0.005772541952089563,0.18973135367505345,1.785177303971665,0.009895873939112634,55.688877967178406,0.19056811123321707,0.4611192265364865,1.4805419508560282,-0.06733292576938635,0.9721461367906187,0.18322060045093153,0.4566319722444622,0.37820988570580377,-0.6990238098940066,-0.3621383821826281,-0.17561686944324,Metal Fabrication,Industrials,HAYN
2010Q3,2010,Q3,2010-08-05,2010-06-30,3747000.0,101271000.0,6737000.0,0.31,16854000.0,0.16642474153508902,545706000.0,272569000.0,372569000.0,77204000.0,273137000.0,235304000.0,99648000.0,371494686.57,314685686.57,22.62024888589243,4.825773275996062,0.0032636621184300705,0.0065341253040514516,0.013643560288407347,22.62024888589243,0.013746977829467034,3.668322486891608,24.786141351080865,1.3629381425253788,0.6482519348812383,0.3587571821983477,0.006538451525180317,0.18557794856571122,1.6417154551577637,0.0068663346197403,-12.139555799294163,0.16642474153508902,2.8749999999999996,-0.44021591371487023,0.05532365248826988,1.058463439096946,0.6539744847890089,2.9194560669456067,3.4883411059293805,-0.7958015501831527,-0.3060232142724498,-0.09617997962524552,Metal Fabrication,Industrials,HAYN
2010Q2,2010,Q2,2010-05-06,2010-03-31,956000.0,94619000.0,1501000.0,0.08,10190000.0,0.10769507181432905,553538000.0,272195000.0,377471000.0,83098000.0,281343000.0,204524000.0,98330000.0,428128647.87,338153647.87,22.589210972251028,4.542479963416689,0.003213871495723871,0.006535755616377964,0.0034210076345070465,22.589210972251028,0.0035121879534892263,4.524764031219945,111.95832841788703,1.5728747694483733,2.540794979079498,0.4128072988989067,0.0056735283006278964,0.17093496742771047,1.9427543382512213,0.0017270720348015855,-137.39687030487806,0.10769507181432905,1.7272727272727273,1.270684253345502,-0.08901304189829956,1.1270443476695884,0.48867786705624544,1.7433903576982892,1.7542713567839197,-0.9534112957607508,-0.4156597881034403,-0.15220050848341946,Metal Fabrication,Industrials,HAYN
2010Q1,2010,Q1,2010-02-08,2009-12-31,-1286000.0,81008000.0,-1990000.0,-0.11,6845000.0,0.08449782737507407,537591000.0,275586000.0,360119000.0,61100000.0,262005000.0,186463000.0,99803000.0,397160715.84000003,301135715.84000003,22.87062692187135,5.893927986906711,0.0027623230299614393,0.005388517558947117,-0.004634423035203084,22.87062692187135,-0.0046664199197346745,4.90273449338337,-77.20853729393468,1.441149825607977,-1.8818040435458787,0.3977357438204899,0.0060932511788877935,0.15068704647213216,2.6607692307692306,-0.002392153142444721,-76.42114986338272,0.08449782737507407,0.5600810852970461,0.8756710752038204,0.017939660387699154,0.0,0.3957993474714519,0.5731828742117491,0.5380687093779016,-1.0809495972732408,-0.4419216772703252,0.37115714348321616,Metal Fabrication,Industrials,HAYN
2009Q4,2009,Q4,2009-11-23,2009-09-30,-3013000.0,85591000.0,-4308000.0,-0.2500460796832871,4904000.0,0.05729574371137152,544150000.0,278799000.0,369477000.0,62386000.0,265351000.0,182771000.0,103509000.0,383423967.78000003,279920967.78000003,23.137270816336134,5.922434520565512,0.0029256638794450058,0.005710206995003569,-0.010713379531387034,23.137270816336134,-0.010807068891925724,4.479722958955965,-31.814136058745436,1.375270240495841,0.0,0.44146500265359384,0.0,0.15729302582008636,2.83582855127753,-0.005537076173849123,18.15970293549304,0.05729574371137152,0.725224088260124,-1.0142202527146174,0.04129912112125637,1.001909636631838,1.6003917727717925,0.7246893274853801,0.7574597455241527,-1.2434012262078138,-0.3773837204876594,0.5267288790572052,Metal Fabrication,Industrials,HAYN
2009Q3,2009,Q3,2009-08-06,2009-06-30,-10944000.0,98325000.0,-17762000.0,-0.91,-8168000.0,-0.08307144673277396,516075000.0,330864000.0,368243000.0,53468000.0,185211000.0,198881000.0,106522000.0,284465269.8,202146269.8,27.565673677890924,6.88716615545747,0.00309451145666812,0.004826756612989023,-0.03283495947024435,27.565673677890924,-0.03307703467285652,2.8931123295194507,-6.498201521381579,0.8597649481357899,0.0,0.5354609037565177,0.0,0.19052463304752215,2.9831862048327973,-0.02120622002615899,5.417044727972121,-0.08307144673277396,0.7458100558659218,-5.371000690432629,0.3485225551620391,0.0,-2.167357438902387,0.7448296766070555,0.6125725254111591,-1.7614118948010407,-0.28724202434110263,0.9529485634252403,Metal Fabrication,Industrials,HAYN
2009Q2,2009,Q2,2009-05-07,2009-03-31,-42889000.0,120413000.0,-45846000.0,-3.58,6997000.0,0.058108343783478525,522923000.0,336034000.0,372112000.0,51756000.0,186889000.0,243320000.0,117466000.0,213565981.86,184781981.86,28.038762671132833,7.189736455676637,0.0030444252786739154,0.004737615836492736,-0.12671324636381526,28.038762671132833,-0.12763291809757346,1.77361233305374,-1.2448762028725315,0.6355487297713922,0.0,0.4661186914351471,0.0,0.23026908359356923,2.2780740397248627,-0.0820178114177422,8.23911044558466,0.058108343783478525,-10.421052631578947,-4.505644768556919,0.7322916264421098,0.0,-0.6268266666666666,-10.480327144120247,-7.250306748466258,-4.5934020479586275,-0.0946836455461533,1.2230226729089133,Metal Fabrication,Industrials,HAYN
2009Q1,2009,Q1,2009-02-09,2008-12-31,4524000.0,134304000.0,7335000.0,0.38,18750000.0,0.139608649035025,586483000.0,380116000.0,392345000.0,66141000.0,206367000.0,291753000.0,160355000.0,295061418.26,291796418.26,31.71697599498958,5.931948413238385,0.002707665865847774,0.004177672079049554,0.012421098616065307,31.71697599498958,0.011901630028728072,2.1969667192339766,16.30533920534925,0.776240458859927,0.0,0.39606790675674286,0.0,0.22899896501688882,1.3349813277694622,0.007713778574997059,26.50807818345162,0.139608649035025,-0.7207409406426294,1.8701791468935347,1.4068125720018485,2.8141402028798836,-0.45517942757518526,-0.7225901398086828,-0.671400412149449,0.13256439820706703,0.18702638750281314,1.7559608980309838,Metal Fabrication,Industrials,HAYN
2008Q4,2008,Q4,2008-11-24,2008-09-30,16308000.0,160818000.0,22322000.0,1.3607436796301393,34415000.0,0.21399967665311098,617567000.0,379543000.0,423350000.0,92993000.0,238024000.0,304915000.0,155831000.0,561239895.09,569090895.09,31.669164728836275,4.552493198412784,0.02414151015193493,0.03928145164052558,0.04176062812054823,31.669164728836275,0.04296746350215917,3.489907193784278,8.603751151122148,1.4787254542700037,0.0,0.4145515963465228,0.0,0.2604057535457691,1.143666727603153,0.02640685140235796,78.52803904995103,0.21399967665311098,-0.06798378107524702,1.2547827440889265,1.93131811594036,2.9913580658628254,-0.1421342572974051,-0.07150990662719198,-0.21098582588102224,6.452046438281156,0.44113486331946333,1.8309151533343713,Metal Fabrication,Industrials,HAYN
2008Q3,2008,Q3,2008-08-06,2008-06-30,17564000.0,166340000.0,28291000.0,1.46,40117000.0,0.2411747024167368,624528000.0,372787000.0,442937000.0,116614000.0,251741000.0,321946000.0,139523000.0,686084684.55,701807684.55,31.270034637300665,3.7983175261975406,0.040958932185586557,0.0686182726328976,0.04412430991022139,31.270034637300665,0.047115376877412574,4.124592308224119,9.76549596546914,1.8404200912317221,0.0,0.3920626440458959,0.0,0.2663451438526375,0.9216217606805358,0.028123638972151768,54.03943640122873,0.2411747024167368,0.16799999999999998,6.06810962128024,2.224462510866048,4.000819023780113,0.11684298440979955,0.16603598220805948,0.13078060673887845,1.6522042608571843,0.7520397520052694,1.8456018925734758,Metal Fabrication,Industrials,HAYN
2008Q2,2008,Q2,2008-05-08,2008-03-31,15063000.0,163771000.0,25019000.0,1.25,35920000.0,0.21933065072570845,615600000.0,353518000.0,434415000.0,113071000.0,262082000.0,304225000.0,121959000.0,653405450.88,680154450.88,29.692234452392206,3.841966551989458,0.06212800519818064,0.10818685328611273,0.038942585362365785,29.692234452392206,0.04260886291504252,3.9897506327738124,10.844543764190401,1.8482947144982718,0.0,0.4202514586243734,0.0,0.2660347628330084,1.0206418975687843,0.024468810916179338,-162.98464726365677,0.21933065072570845,0.0775862068965518,4.225783649727899,1.9800350190574043,3.8978211325335934,0.050138868586463964,0.0881311854366828,0.0734543270262153,5.316452908301883,0.5958102047618413,1.7958789503194172,Metal Fabrication,Industrials,HAYN
2008Q1,2008,Q1,2008-02-07,2007-12-31,13843000.0,146077000.0,23307000.0,1.16,34205000.0,0.2341573279845561,597821000.0,335522000.0,419214000.0,110905000.0,262299000.0,304054000.0,106896000.0,821618019.0,844575019.0,28.381533097803203,3.779937784590415,0.05252575603734228,0.09358849792263994,0.03849191409558006,28.381533097803203,0.04125809931986576,5.6245543035522365,14.838149588239544,2.448775397738449,0.0,0.36793464318838104,0.0,0.24434906100655548,0.9223930390875074,0.023155760670836252,121.46925177409817,0.2341573279845561,-0.22919809341802044,5.230376124997188,1.878834775788179,3.8779846168779106,-0.14893881714811774,-0.22190995447136191,-0.19661507703974354,2.3641287411454126,0.8709832419239012,0.0,Metal Fabrication,Industrials,HAYN
2007Q4,2007,Q4,2007-12-12,2007-09-30,17791000.0,160950000.0,29011000.0,1.504926220465474,40191000.0,0.24971109040074557,586969000.0,316377000.0,412561000.0,113249000.0,270592000.0,286302000.0,93880000.0,1047769856.4599999,1080785856.46,26.76207311855462,3.64295490467907,0.06598815269630935,0.12242672507799239,0.05115980997346222,26.76207311855462,0.056233544157761155,6.509909018080148,14.723313142319148,3.311776318948596,0.0,0.4217888802732779,0.0,0.27420528170993697,1.0056689242289114,0.03030994822554513,-45.573044080727236,0.24971109040074557,0.010017597627834962,7.434058232002882,1.5720494962181681,3.7477025317311052,0.08803703402907496,0.0028183304210585647,0.14572884167291972,-0.914414050406313,0.9958702903116121,1.3155389629814684,Metal Fabrication,Industrials,HAYN
2007Q3,2007,Q3,2007-08-06,2007-06-30,17741000.0,141087000.0,25321000.0,1.49,36939000.0,0.26181717663569287,564875000.0,291569000.0,387878000.0,108922000.0,273306000.0,284384000.0,76089000.0,983260000.0000001,998754000.0000001,25.02738197424893,3.561062044398744,0.037034742199601685,0.07174974019871797,0.057369070041756336,25.02738197424893,0.06084666065322445,6.969175048020017,13.855757849050224,3.3723063837376404,0.0,0.3662231349161697,0.0,0.24976676255808808,0.8186225005049484,0.03140694843992033,-49.47220125786164,0.26181717663569287,-0.08588957055214719,1170.4097061736545,1.2876708797091485,3.7190967237322696,-0.08414945578062628,0.019363364743737073,-0.1749698608712652,6.300252243651731,0.9935917992665138,0.0,Metal Fabrication,Industrials,HAYN
2007Q2,2007,Q2,2007-05-07,2007-03-31,17404000.0,137336000.0,30691000.0,1.63,40333000.0,0.2936811906564921,517217000.0,272307000.0,342241000.0,79319000.0,244910000.0,234296000.0,58349000.0,745344600.0000001,741003600.0000001,26.644520547945206,4.314741739053694,0.006012950077046965,0.011420932991072576,0.06520004459365973,26.644520547945206,0.0639131568413592,5.427161123084989,10.70651287060446,2.737148145291895,0.0,0.4140190186772288,0.0,0.26552878192325463,1.1441268800665667,0.03364931933791813,-40.32813548317282,0.2936811906564921,0.28346456692913374,9.819157692145108,1.31147047869669,3.804597807221372,0.19963713155468307,0.32008495145631066,0.3057777399591559,3.6199006472979076,1.316890478439841,0.0,Metal Fabrication,Industrials,HAYN
2007Q1,2007,Q1,2007-02-05,2006-12-31,13184000.0,120463000.0,23504000.0,1.27,33621000.0,0.27909814631878666,471364000.0,166798000.0,299066000.0,137991000.0,304566000.0,203972000.0,40944000.0,,,,,,,,,,,,,,,,,,,,,,,,,,,,,,,Metal Fabrication,Industrials,HAYN
