Quarters,Year,Quarter,FillingDate,Date,NetIncome,Revenue,OperatingIncome,EPSDiluted,GrossProfit,GrossProfitRatio,TotalAssets,CommonStockEquity,CurrentAssets,CurrentLiability,TotalLiability,Inventory,RetainedEarnings,MarketCap,EnterpriseValue,bookValuePerShare,currentRatio,debtToAssets,debtToEquity,roic,shareholdersEquityPerShare,roe,priceToSalesRatio,peRatio,pbRatio,payoutRatio,inventoryTurnover,dividendYield,assetTurnover,quickRatio,returnOnAssets,priceToFreeCashFlowsRatio,grossProfitMargin,epsdilutedGrowth,fiveYNetIncomeGrowthPerShare,fiveYRevenueGrowthPerShare,fiveYShareholdersEquityGrowthPerShare,grossProfitGrowth,netIncomeGrowth,operatingIncomeGrowth,threeYNetIncomeGrowthPerShare,threeYRevenueGrowthPerShare,threeYShareholdersEquityGrowthPerShare,Industry,Sector,Symbol
2023Q1,2023,Q1,2023-05-05,2023-03-31,22002000.0,81839000.0,16955000.0,0.23,55227000.0,0.6748249612,4194210000.0,1671082000.0,246567000.0,392298000.0,2000678000.0,0.0,-304173000.0,1327893385.5,3091735385.5,17.555320445565997,0.6285196457794839,0.4246251379878451,1.0657567970931408,0.004836132782694879,17.555320445565997,0.013166319785623925,16.225679510991093,15.088325896509408,0.7946308951326146,0.7782019816380329,0.0,0.012894107453930081,0.019512375393697504,0.5639921692182983,0.005245803142904146,22.34307082884641,0.6748249612043158,6.502392344497608,1.599389057454338,0.13637141322307292,-0.039324559529346874,0.02205977607106505,6.530920060331825,-0.37804922783463557,3.3891745107314675,0.046956622310126754,0.06437907469842821,REIT—Retail,Real Estate,AKR
2022Q4,2022,Q4,2023-03-01,2022-12-31,-3978000.0,80578000.0,27261000.0,-0.0418,54035000.0,0.6705924694,4302582000.0,1691832000.0,216687000.0,393678000.0,2053722000.0,-17496000.0,-300402000.0,1364197100.0,3175370100.0,17.796394084109988,0.5504168381265908,0.4249380953111411,1.08068117874588,0.007677067786334358,17.796394084109988,-0.0023512972919296953,16.930143463476384,-85.7338549522373,0.8063431239035553,-4.296631473102061,-1.5170896204846822,0.012528981332682793,0.018727824362208552,0.48406819786729255,-0.0009245611123739187,41.67650688907219,0.6705924694085235,0.9555319148936171,-1.1656255893803316,0.06169092549556061,-0.06007907666483196,-0.006472134885174766,0.9555754090122285,1.6029790890862217,-1.1729207532304633,-0.04039610848401336,0.016136176452391893,REIT—Retail,Real Estate,AKR
2022Q3,2022,Q3,2022-11-04,2022-09-30,-89545000.0,79946000.0,10473000.0,-0.94,54387000.0,0.6802967003,4363498000.0,1702550000.0,251632000.0,304617000.0,2082295000.0,0.0,-287262000.0,1198651802.46,3041489802.46,17.925289859743913,0.8260602658420245,0.426471147689308,1.0930110716278523,0.0029033481191566277,17.925289859743913,-0.052594637455581336,14.993267986640983,-3.3465067911664526,0.7040332456961615,-0.19082025797085264,0.0,0.014255182334796689,0.018321539278807964,0.6905130048552773,-0.020521379865419898,33.55782083652958,0.6802967002726841,-4.529411764705881,-7.219217178011752,0.13986466799489303,-0.026887352085422034,-0.07918529053230394,-4.6584518167456554,-0.40740112035308096,-8.652574981538816,-0.02557658283070465,0.0013608889602066507,REIT—Retail,Real Estate,AKR
2022Q2,2022,Q2,2022-08-05,2022-06-30,-15825000.0,84259000.0,17673000.0,-0.17,59064000.0,0.7009814975,4438884000.0,1692612000.0,259458000.0,213921000.0,2075666000.0,333529000.0,-214279000.0,1483037338.6399999,3317186338.64,17.82733229376758,1.2128683018497484,0.41858944725746383,1.0977530585863742,0.004982445610199154,17.82733229376758,-0.009349455161608212,17.60093685707165,-23.42870993112164,0.8761826919813874,-1.0749447077409162,0.07554065763396886,0.011470378767131861,0.01898202340948761,2.6481598347053352,-0.0035650852781915453,38.80671285953527,0.7009814975254869,-1.3617021276595747,-2.156254280368716,0.24774857375964343,-0.05013683883866234,0.03845139511577615,-1.358867950200694,0.022033310201249132,-2.536499541785276,0.04533005951981403,0.007440602055122905,REIT—Retail,Real Estate,AKR
2022Q1,2022,Q1,2022-05-05,2022-03-31,44097000.0,81507000.0,17292000.0,0.47,56877000.0,0.6978173654,4496181000.0,1661613000.0,289856000.0,307643000.0,2087975000.0,0.0,-196818000.0,2021498193.5500002,3849641193.55,17.812112731482088,0.942182984823318,0.414639446232258,1.1219784630957992,0.0048633477712576355,17.812112731482088,0.026538670556862518,24.801528623921875,11.460519953454885,1.2165878538203543,0.303784837970837,0.0,0.006626768227022242,0.01812805133957018,0.8447161157575501,0.00980765676470765,76.1593713427269,0.6978173653796607,6.9720457433290965,1.5292740982047575,0.17864722706519365,-0.05626609987652817,0.06871476888387824,7.302272402458196,-0.1753934191702432,2.1792844454933173,-0.0417768142054864,-0.0032420301439932356,REIT—Retail,Real Estate,AKR
2021Q4,2021,Q4,2022-03-01,2021-12-31,-6997000.0,79357000.0,20970000.0,-0.0787,53220000.0,0.6706402712,4261602000.0,1521355000.0,289022000.0,373719000.0,2112033000.0,-28621000.0,-196903000.0,1941756669.9999998,3775229670.0,17.103677388166254,0.7733671555366465,0.4343950936760401,1.2168225036234146,0.0058895876341835815,17.103677388166254,-0.004599189538273447,24.468624948019706,-69.37818600828926,1.2763337090948528,-9.674717736172646,-0.9132105796443171,0.03486224666863125,0.018621401059976977,9.812249310310689,-0.0016418708269800887,35.44192363151842,0.6706402711796061,-1.6053846153846154,-1.3245547166522267,1.0951767745522807,-0.11951105332573,0.07671764991502791,-1.579749772143508,16.63758389261745,-1.8997980130410865,0.04777237757384447,-0.04424260986950897,REIT—Retail,Real Estate,AKR
2021Q3,2021,Q3,2021-10-28,2021-09-30,12069000.0,73446000.0,-1341000.0,0.13,49428000.0,0.6729842333142717,4244645000.0,1504994000.0,279426000.0,193140000.0,2103134000.0,0.0,-185373000.0,1805897210.0,3622693210.0,17.00923362077734,1.446753650201926,0.43211034138308385,1.2187124998504977,-0.00039537293212043526,17.00923362077734,0.008019301073625543,24.588094790730604,37.40776389924601,1.1999364847966172,1.0989311459110116,0.0,0.007344271825969541,0.01730321381411166,1.277208242725484,0.0028433473235099753,84.55762560284684,0.6729842333142717,2.25,0.7507548226995342,0.27433801204592656,-0.10859569386902028,0.003288271830471319,2.080398162327718,-1.101907439775059,0.2060436235862679,0.024681937851282174,-0.06622328128035916,REIT—Retail,Real Estate,AKR
2021Q2,2021,Q2,2021-07-29,2021-06-30,3918000.0,74660000.0,13159000.0,0.04,49266000.0,0.6598714170908117,4089612000.0,1498691000.0,250820000.0,148222000.0,1973262000.0,0.0,-184174000.0,1906664812.2,3583469812.2,17.261164180202936,1.6921914425658808,0.41848713276467303,1.1419632199032355,0.0034896685883377423,17.261164180202936,0.0026142813962317783,25.537969624966514,121.66059291730474,1.27222009887295,3.303981623277182,0.0,0.006789342267801883,0.018256010594648098,1.485737609801514,0.0009580370949615758,94.86366546594358,0.6598714170908117,-0.3333333333333333,-0.816415258816142,0.22110503435513143,-0.028834029459016693,0.10822179732313575,-0.2409918636187524,0.5158391890335214,-0.5186862057392448,0.10590708927542054,-0.0545841560354763,REIT—Retail,Real Estate,AKR
2021Q1,2021,Q1,2021-04-30,2021-03-31,5162000.0,69394000.0,8681000.0,0.06,44455000.0,0.6406173444390005,4153682000.0,1466847000.0,225229000.0,190839000.0,2069313000.0,0.0,-174829000.0,1637552374.99,3431475374.99,16.992487089257175,1.1802042559434915,0.43560075133339526,1.2334940181218628,0.0023833845264761458,16.992487089257175,0.0035191127636351985,23.59789571130069,79.30803830831073,1.1163757194785824,0.0,0.0,0.0,0.01670662318396064,0.978395401359261,0.0012427528154538552,52.93697468772225,0.6406173444390005,1.5,-0.8537216551896186,0.07965954614220629,0.04258222367009125,0.0477750542094843,1.4813053613053613,1.1762532231539196,-0.3275062416019319,0.06253449771529614,-0.07012434949388266,REIT—Retail,Real Estate,AKR
2020Q4,2020,Q4,2021-02-22,2020-12-31,-10725000.0,69010000.0,-49253000.0,-0.12,42428000.0,0.6148094479061006,4186882000.0,1441314000.0,219068000.0,207194000.0,2138329000.0,0.0,-167046000.0,1224753090.0,3064463090.0,16.69907659510375,1.0573086093226638,0.44399197302431737,1.2897550429677365,-0.014970476840005261,16.69907659510375,-0.007441126638608936,17.747472685118098,-28.549023076923078,0.8497475844958143,0.0,0.0,0.0,0.016482432511831,0.9020917594138826,-0.002561572072009672,57.007684323217276,0.6148094479061006,-0.1999999999999999,-1.9889917408178828,0.03295706526067023,0.07366901189577801,0.4613715427272414,-0.1877076411960133,-2.511800356506239,-1.4918345475934403,0.0015040769954260133,-0.11803416928550377,REIT—Retail,Real Estate,AKR
2020Q3,2020,Q3,2020-11-06,2020-09-30,-9030000.0,51281000.0,-14025000.0,-0.1,29033000.0,0.5661551061796767,4251408000.0,1453230000.0,253119000.0,214402000.0,2199308000.0,0.0,-156321000.0,906244500.0,2775355500.0,16.837525634638336,1.1805813378606542,0.4434340340894123,1.2972612731639177,-0.004091971702452819,16.837525634638336,-0.006213744555232138,17.67213002866559,-25.08982558139535,0.6236070683924774,0.0,0.0,0.0,0.012062121537147223,1.0397244428690031,-0.0021240022129139333,40.13305433771755,0.5661551061796767,-1.4545454545454546,-1.5235988799743634,-0.2794820066643357,0.06676732127541136,-0.19953129307968018,-1.465224111282844,-1.4357415769364363,-1.6901758129366613,-0.19538033688143389,-0.085938956476848,REIT—Retail,Real Estate,AKR
2020Q2,2020,Q2,2020-08-07,2020-06-30,19410000.0,63773000.0,-5758000.0,0.22,36270000.0,0.5687359854483872,4328748000.0,1455592000.0,290497000.0,272320000.0,2235417000.0,0.0,-147291000.0,1118615751.0,2989917751.0,16.890146722062383,1.066748678025852,0.44021389094491065,1.3091408856327873,-0.0016629357144608296,16.890146722062383,0.013334780625340067,17.540585373120287,14.407724768160742,0.7684953963748083,1.284750128799588,0.0,0.022292730973712167,0.014732435336961173,0.9574985311398355,0.004483975505157611,36.36001140906875,0.5687359854483872,3.1999999999999997,-0.4149384009320589,-0.041959898703938986,0.06763292152445531,-0.23887268377646736,3.3068695032089375,0.8757525408368039,0.5624279102226449,0.04042899607618635,-0.1000712897742017,REIT—Retail,Real Estate,AKR
2020Q1,2020,Q1,2020-05-07,2020-03-31,-8414000.0,71420000.0,-46343000.0,-0.1,47653000.0,0.6672220666479978,4305138000.0,1434464000.0,299134000.0,106969000.0,2293578000.0,0.0,-166701000.0,1077577529.28,3054853529.2799997,16.493485134081546,2.796455047724107,0.4647191332774931,1.3947230463782987,-0.012780715307176893,16.493485134081546,-0.005865605550226426,15.087895957434892,-32.01739747088187,0.7512056972360408,-3.0003565486094605,0.0,0.023427548658023552,0.01658947982619837,2.523852704989296,-0.001954408894674224,38.852624095186584,0.6672220666479978,-1.4166666666666665,-1.3992959728202634,0.0686350966818429,0.04943985707640254,-0.12181412749018668,-1.394838104176443,-2.6525103408928827,-1.5176385187085857,0.10776082418122998,-0.12613055582653898,REIT—Retail,Real Estate,AKR
2019Q4,2019,Q4,2020-02-21,2019-12-31,21310000.0,77784000.0,28044000.0,0.24,54263000.0,0.6976113339504268,4309114000.0,1542308000.0,242222000.0,111275000.0,2122149000.0,0.0,-132961000.0,2283460625.0,4036611625.0,17.513788502484033,2.1767872388227363,0.4105242980343523,1.1469797213008037,0.00822515937565592,17.513788502484033,0.013816954849485317,29.35643094980973,26.78860423510089,1.4805477407884804,1.1384795870483342,0.0,0.010624663168868963,0.018051042511291183,1.8798831723208267,0.00494533214948595,-324.30913577616815,0.6976113339504268,1.0,0.6369829584489799,0.10273815175956583,0.05967993332295495,0.08695565081527182,1.0376745075540257,0.3187867387726311,-0.0015885331875000724,1.074320034700641,-0.09839873374263788,REIT—Retail,Real Estate,AKR
2019Q3,2019,Q3,2019-10-25,2019-09-30,10458000.0,73327000.0,21265000.0,0.12,49922000.0,0.6808133429705293,4329545000.0,1519582000.0,261509000.0,113102000.0,2100022000.0,0.0,-129026000.0,2426111758.1,4178556758.1,17.900928683521062,2.312151862920196,0.38233925273902913,1.0893489130563536,0.0055275229020449665,17.900928683521062,0.006882155750726186,33.08619960042004,57.99655187655383,1.596565212078058,2.2611397972843754,0.0,0.00974687168513583,0.01693642172560858,2.0105922088026738,0.0024154963165875397,73.61222641240366,0.6808133429705293,0.09090909090909087,-0.7425733473791036,0.08176711645034686,0.2700547510845611,0.04386918701906992,0.15176211453744493,2.0009878633926053,0.5812630608218816,0.326117025606734,-0.061864557334183175,REIT—Retail,Real Estate,AKR
2019Q2,2019,Q2,2019-07-25,2019-06-30,9080000.0,71062000.0,7086000.0,0.11,47824000.0,0.6729897835692775,4209922000.0,1481196000.0,252830000.0,113342000.0,2109816000.0,0.0,-115224000.0,2260004922.0,3950331922.0,17.695665885810847,2.230682359584267,0.4095268273378937,1.1639755980977535,0.002227660847241939,17.695665885810847,0.006130181285933799,31.803283358194253,62.22480512114537,1.525797343498092,2.550440528634361,0.0,0.010246880338431404,0.016879647651429172,1.9197826048596285,0.0021568095560915383,53.24674681933842,0.6729897835692775,-0.26666666666666666,-0.4510543160391192,-0.005246600715898799,0.28286092308116045,-0.09509933774834436,-0.2555546445847339,-0.5007749753416937,-0.558679203320991,0.20558783624103832,-0.004387632551884198,REIT—Retail,Real Estate,AKR
2019Q1,2019,Q1,2019-04-25,2019-03-31,12197000.0,74800000.0,14194000.0,0.15,52850000.0,0.7065508021390374,4038875000.0,1465931000.0,258475000.0,99776000.0,1932523000.0,0.0,-100634000.0,2239496859.6,3819910859.6,17.870047965661367,2.590552838357922,0.39817498684658476,1.0970359450751774,0.0047223542223812295,17.870047965661367,0.008320309755370478,29.939797588235294,45.9026166188407,1.5276959554030851,1.8722636713946053,0.0,0.010196933254051884,0.018520008665779457,2.303479794740218,0.003019900343536257,113.19165325246398,0.7065508021390374,0.7157956144264095,-0.614756445303557,0.09284809808828681,0.3519091110732313,0.0880530335783254,0.7106591865357644,0.8693533517713684,-0.636290103161491,0.22463470499445556,0.09642539360286613,REIT—Retail,Real Estate,AKR
2018Q4,2018,Q4,2019-02-19,2018-12-31,7130000.0,69445000.0,7593000.0,0.087423,48573000.0,0.6994456044351646,3958780000.0,1459505000.0,255050000.0,105450000.0,1876833000.0,0.0,-89696000.0,1937805534.72,3538193534.7200003,17.895417356732196,2.418681839734471,0.39167243443687194,1.062377312856071,0.0024953780920760706,17.895417356732196,0.004885217933477446,27.90417646655627,67.94549560729313,1.3277142145590457,3.088078541374474,0.0,0.011362337244630406,0.017542020521473786,2.1152015173067804,0.0018010599225013768,67.06833955352508,0.6994456044351646,-0.20524545454545454,-0.6033778436859437,0.01998393922442934,0.4122477621390394,0.1070516911295469,-0.22710027100271002,0.09283246977547496,-0.3041954145890399,0.10005302096701485,0.15058787600859183,REIT—Retail,Real Estate,AKR
2018Q3,2018,Q3,2018-10-29,2018-09-30,9225000.0,66075000.0,6948000.0,0.11,43876000.0,0.6640332954975406,3918716000.0,1485764000.0,237900000.0,102761000.0,1794912000.0,0.0,-73990000.0,2276501617.55,3776705617.55,18.215525488898198,2.3150806239721295,0.3852611416596661,1.0161297487353307,0.002411004093247527,18.215525488898198,0.006208926855139847,34.45329727657965,61.693810773712734,1.532209434035284,2.3854742547425474,0.0,0.00966658658634433,0.01686139031254115,2.019326398147157,0.002354087410263974,125.44782154350582,0.6640332954975406,0.22222222222222227,-0.3386965656883021,0.11432001131398192,0.4478168713650539,-0.0031353660199027584,0.2035225048923679,0.10303222733767264,-0.43398845263649394,-0.017633655782525362,0.15407262047107168,REIT—Retail,Real Estate,AKR
2018Q2,2018,Q2,2018-07-27,2018-06-30,7665000.0,63569000.0,6299000.0,0.09,44014000.0,0.692381506709245,3880768000.0,1492675000.0,242255000.0,92053000.0,1768219000.0,0.0,-61196000.0,2237653563.7400002,3695577563.7400002,18.257747942767345,2.6316904392035023,0.3801448579250293,0.9883290066491366,0.002068376643217121,18.257747942767345,0.0051350762892123205,35.20038955685948,72.98282986757992,1.4990895966905051,2.9043705153294193,0.0,0.009948814401274627,0.016380520556755776,2.3023910138724433,0.0019751245114369115,85.74370861554969,0.692381506709245,0.0,-0.40944137728543695,-0.06631923907105762,0.43922866020774165,0.004266776188194492,0.03315810756166599,-0.05999104611252052,-0.7564565783045907,0.006654422714088342,0.15407954101026664,REIT—Retail,Real Estate,AKR
2018Q1,2018,Q1,2018-05-03,2018-03-31,7419000.0,63124000.0,6701000.0,0.09,43827000.0,0.6943001077244788,3938976000.0,1524669000.0,284964000.0,99550000.0,1774309000.0,0.0,-46856000.0,2052478441.8000002,3482417441.8,18.273934885818786,2.8625213460572576,0.37301141210304406,0.9636734268224776,0.0024139949289452133,18.273934885818786,0.004865974188495995,32.515025058614796,69.1629074605742,1.3461796900179646,3.046367434964281,0.0,0.011011565110608022,0.016025484796048515,2.3019387242591662,0.0018834844385952085,89.47549770260257,0.6943001077244788,-0.64,-0.5064325734812615,-0.14510785552846783,0.4484601165956467,0.021441722795814203,-0.6452276205049732,2.32326224328594,-0.6329953926042268,-0.015449897555235742,0.16272549184706095,REIT—Retail,Real Estate,AKR
2017Q4,2017,Q4,2018-02-27,2017-12-31,20912000.0,66081000.0,-5064000.0,0.25,42907000.0,0.6493091811564595,3960247000.0,1567199000.0,364234000.0,101132000.0,1744608000.0,0.0,-32013000.0,2264641920.0,3655727920.0,18.93392693181269,3.6015702250524066,0.37015595239387844,0.9353687693777242,-0.0016296597756714057,18.93392693181269,0.013343551138049475,34.2706968720207,27.073473603672532,1.4450251180609484,1.0404074215761285,0.0,0.009607258351907571,0.016686080438922116,3.077047818692402,0.00528047871761534,63.935008046074365,0.6493091811564595,0.6666666666666667,-0.4057355140958358,3.126304513943505,0.5215009724780781,-0.03447422309232881,0.6252428693557162,-1.8816155988857939,0.7090856990124306,-0.0032957837915976633,0.1456060706567998,REIT—Retail,Real Estate,AKR
2017Q3,2017,Q3,2017-11-06,2017-09-30,12867000.0,62678000.0,5744000.0,0.15,44439000.0,0.7090047544592999,4092957000.0,1563538000.0,515110000.0,97756000.0,1923163000.0,0.0,-30325000.0,2429265600.0,4042857600.0,18.420570216776625,5.269344081181718,0.4060260100460376,1.0628759902221756,0.000701144263966361,18.420570216776625,0.008229413036331705,38.75786719423083,47.19953369083703,1.5536978314566068,1.6904484339783943,0.0,0.008953734824220126,0.01531362288927052,3.9036478579319938,0.0031436929339839145,100.13048101891926,0.7090047544592999,0.07142857142857129,-0.07342043349357563,-0.22481586350791172,0.7830454438644108,0.05540778036384363,0.06691542288557215,-0.14802729160486502,-0.6832436132970444,-0.07524178984584093,0.3069228493737655,REIT—Retail,Real Estate,AKR
2017Q2,2017,Q2,2017-07-28,2017-06-30,12060000.0,59504000.0,6742000.0,0.14,42106000.0,0.7076162947028771,4048845000.0,1570194000.0,449667000.0,97594000.0,1868448000.0,0.0,-21439000.0,2325802293.4,3850113293.4,18.768316345663123,4.607527102075947,0.38720993270920473,0.9984454150251497,0.0019641077905110478,18.768316345663123,0.007680579597170795,39.08648651183114,48.213148702321725,1.4812197049536555,1.8029850746268656,0.0,0.009349031971334628,0.014696536913613636,3.829702645654446,0.002978627238138284,63.42174665684991,0.7076162947028771,-0.22222222222222213,-0.06740967634707828,-0.2582624348658065,0.8631961298349179,-0.025233817946106123,-0.22845627279124817,-0.3187834697383045,-0.2705282858698433,-0.16662246549560503,0.3606235440499994,REIT—Retail,Real Estate,AKR
2017Q1,2017,Q1,2017-04-28,2017-03-31,15631000.0,61999000.0,9897000.0,0.18,43196000.0,0.6967209148534654,4014902000.0,1578534000.0,467130000.0,88388000.0,1818409000.0,0.0,-11753000.0,2514068100.0,4038504100.0,18.874083816583966,5.284993438023261,0.3740803636053881,0.9514498895810923,0.0031216907482550984,18.874083816583966,0.009902225736031027,40.55013951837933,40.20964909474762,1.592660088411146,2.192757980935321,0.0,0.013633282248798274,0.015442220009355148,4.576876951622392,0.0038932457130958615,107.07730738106393,0.6967209148534654,-0.25,0.9918113367266355,-0.20051511222807045,1.0103654485186067,1.3166362758768637,-0.21139195802431765,1.5513649025069638,-0.5157508464415542,-0.11153026784178681,0.4278666696267788,REIT—Retail,Real Estate,AKR
2016Q4,2016,Q4,2017-02-24,2016-12-31,19821000.0,34823000.0,-17950000.0,0.24,18646000.0,0.5354507078654912,3995960000.0,1588577000.0,476886000.0,99893000.0,1817835000.0,0.0,-5635000.0,2672543177.56,4159585177.56,19.425203976460168,4.77396814591613,0.37255578133915257,0.9371393391695838,-0.005675962644538654,19.425203976460168,0.012477204441459243,76.74649448812566,33.70848062105848,1.6823504164796543,0.9918773018515715,0.0,0.007356289007816647,0.008714551697214187,4.185808815432512,0.004960259862461086,48.35694315884705,0.5354507078654912,1.9999999999999996,0.31330291689313666,-0.4927177418124056,1.1612217131841114,-0.5320953575909662,2.242964659685864,-3.1120131780209435,0.09959834156984342,-0.4899184593544908,0.532973514838421,REIT—Retail,Real Estate,AKR
2016Q3,2016,Q3,2016-10-28,2016-09-30,6112000.0,51100000.0,8499000.0,0.08,39850000.0,0.7798434442270059,3578519000.0,1496916000.0,442932000.0,86645000.0,1569466000.0,0.0,8815000.0,2842991760.0,4089268760.0,19.081390457494678,5.112031854117376,0.36202658138743987,0.8654587164543635,0.002390860625785834,19.081390457494678,0.00408306144098934,55.63584657534246,116.28729384816755,1.8992326623537996,3.0585732984293195,0.0,0.006575467527911512,0.01427965032461753,4.134445149748975,0.0017079691347174628,207.0039143730887,0.7798434442270059,-0.6666666666666666,-0.2164275364826041,-0.2972852450654889,1.2727074642160539,-0.01818271410269045,-0.6588905011720058,-0.4956382410539434,-0.544447469247839,-0.1039868717825527,0.5166380486965558,REIT—Retail,Real Estate,AKR
2016Q2,2016,Q2,2016-07-27,2016-06-30,17918000.0,51333000.0,16851000.0,0.24,40588000.0,0.7906804589640193,3235040000.0,1295628000.0,483013000.0,82518000.0,1474123000.0,0.0,22919000.0,2589265920.0,3750177920.0,17.77365013169447,5.853425919193388,0.3847757678421287,0.9607425896939553,0.006605193664295253,17.77365013169447,0.013829586887594279,50.44057273099176,36.12660341555977,1.9984640035565764,0.9972095099899543,0.0,0.0069007975820420935,0.015867809980711214,4.7942509513075935,0.005538725950838321,104.47328599096191,0.7906804589640193,-0.4000000000000001,-0.672084821723887,-0.26803933001146035,1.0865565424765835,-0.009589809911910397,-0.3805358686257563,0.16302022223755952,0.5482986744932412,-0.15440183802314258,0.40106801486287497,REIT—Retail,Real Estate,AKR
2016Q1,2016,Q1,2016-04-29,2016-03-31,28925000.0,52683000.0,14489000.0,0.4,40981000.0,0.7778790122050756,3148327000.0,1153214000.0,392512000.0,80918000.0,1519851000.0,0.0,23695000.0,2485658280.0,3697356280.0,16.298462321216576,4.85073778392941,0.41182443882099923,1.1242995662556994,0.005920599002280682,16.298462321216576,0.025082074966138113,47.1814110813735,21.483649783923944,2.155418057706549,1.2138980121002594,0.0,0.014125835511066305,0.016733649331851487,3.4773845127165774,0.009187419222971439,138.28418803894297,0.7778790122050756,2.3333333333333335,0.7491211199873973,-0.2458501201288116,1.05111355784292,0.023092670261633714,2.253655793025872,-0.06757191582469914,1.2691056158224476,-0.15866774987309834,0.29187680604244126,REIT—Retail,Real Estate,AKR
2015Q4,2015,Q4,2016-02-19,2015-12-31,8890000.0,54768000.0,15539000.0,0.12,40056000.0,0.731375985977213,3032319000.0,1100488000.0,346301000.0,89550000.0,1510965000.0,0.0,12642000.0,2345561400.0,3631391400.0,15.553281700491832,3.8671245114461197,0.4480419111577641,1.234548672952363,0.006545177132941974,15.553281700491832,0.008078234383291775,42.82722392638037,65.96066929133858,2.131382986456917,1.8633295838020247,0.0,0.007062275155107856,0.018061424276271724,2.907749860413177,0.0029317495949469697,83.01109144960363,0.731375985977213,-0.4000000000000001,-0.2775703520066567,-0.17956361011366948,0.9706271655387908,-0.09773623155760784,-0.3546747967479675,-0.17935040929495644,-0.7044668903566258,3.000660756017189,0.24983757029098516,REIT—Retail,Real Estate,AKR
2015Q3,2015,Q3,2015-11-06,2015-09-30,13776000.0,56852000.0,18935000.0,0.2,44395000.0,0.7808872159290791,2968084000.0,1088175000.0,364561000.0,72611000.0,1453543000.0,0.0,38865000.0,2073116010.0,3317555010.0,15.783690875070711,5.020740659128782,0.44380583568389576,1.21051577181979,0.007579550311436303,15.783690875070711,0.012659728444413812,36.46513772602547,37.62187881097561,1.9051310772623888,1.19904181184669,0.0,0.007967716191627887,0.019154444415993618,3.6371348693724093,0.004641378074205447,65.62362729891424,0.7808872159290791,-0.47368421052631576,0.5685868139093788,-0.15630547090035576,0.9980621110275765,0.09492921619888521,-0.48005284015852046,0.4521819157910883,0.22136014804955717,-0.13433334832965477,0.5278049360560888,REIT—Retail,Real Estate,AKR
2015Q2,2015,Q2,2015-07-31,2015-06-30,26495000.0,53161000.0,13039000.0,0.38,40546000.0,0.7627019807753804,2973699000.0,1088824000.0,425498000.0,68409000.0,1453829000.0,0.0,41654000.0,2003495750.0,3225511750.0,15.820181620050853,6.219912584601441,0.4461335864860566,1.2184402621543977,0.005401613983948226,15.820181620050853,0.024333592940640546,37.687322473241665,18.904470183053405,1.840054728771592,0.6224193244008304,0.0,0.00823111304328946,0.017877061531782472,4.5530412665000215,0.008909778696498873,73.83709552590845,0.7627019807753804,0.5833333333333334,0.20725458998627821,-0.1606030977735896,0.9974235305688008,0.05429299495553591,0.6011965915271651,-0.1392263005017164,1.4905157897906853,-0.19447498157900256,0.5705245278740958,REIT—Retail,Real Estate,AKR
2015Q1,2015,Q1,2015-05-01,2015-03-31,16547000.0,52481000.0,15148000.0,0.24,38458000.0,0.7327985366132506,2870866000.0,1073356000.0,374734000.0,66490000.0,1429138000.0,0.0,31678000.0,2382129600.0,3567313600.0,15.716465334211875,5.635945254925553,0.4544757574892036,1.21556967119949,0.00614389428467776,15.716465334211875,0.015416134069218414,45.39032411729959,35.99035474708407,2.2193285359191175,2.222698978666828,0.0,0.01543954619429606,0.018280546706115855,3.857647766581441,0.005763766055259981,89.49654731938234,0.7327985366132506,0.6,0.8882810939298852,-0.1885257106414308,1.0162361640530242,0.006832997355813284,0.7526745048194047,-0.13336003203844612,1.5821404173145726,-0.17124372861361717,0.6740329855363832,REIT—Retail,Real Estate,AKR
2014Q4,2014,Q4,2015-02-20,2014-12-31,9441000.0,51156000.0,17479000.0,0.15,38197000.0,0.7466768316522011,2732600000.0,1055541000.0,520371000.0,111429000.0,1296643000.0,0.0,31617000.0,2045627980.0,2958528980.0,16.527432436664267,4.669978192391568,0.41370160286906243,1.070996768481755,0.007546788891670142,16.527432436664267,0.00894422859936279,39.98803620298694,54.16873159622921,1.9379900733368007,1.462874695477174,0.0,0.0067514719856344545,0.018720632364780793,3.2022902476016117,0.003454951328405182,98.18228845692344,0.7466768316522011,-0.6808510638297872,-0.07537598913980828,-0.15827251025649014,1.116640057178513,0.037285466000434496,-0.6694790645567847,0.14774443495961653,-0.1990040672953785,-0.04577006814566091,0.8388196020277422,REIT—Retail,Real Estate,AKR
2014Q3,2014,Q3,2014-11-05,2014-09-30,28564000.0,47660000.0,15229000.0,0.47,36824000.0,0.7726395300041964,2454651000.0,841251000.0,393522000.0,66476000.0,1252317000.0,0.0,58954000.0,1646139880.0,2656073880.0,14.094611801762557,5.919760515073109,0.4648587518144127,1.356391849757088,0.007683600157927921,14.094611801762557,0.033954194408089854,34.53923373898447,14.407469892171964,1.956776134590033,0.4755986556504691,0.0,0.008252640109782166,0.019416202140345003,3.894458150309886,0.011636684807738452,104.97002168090805,0.7726395300041964,1.4736842105263157,1.5992303565797086,-0.18860723777115534,0.7873056919522141,-0.03614710116476901,1.491625959525471,-0.19140915365827757,3.813154269080072,-0.13855580698223946,0.6787523696687282,REIT—Retail,Real Estate,AKR
2014Q2,2014,Q2,2014-08-01,2014-06-30,11464000.0,49511000.0,18834000.0,0.19,38205000.0,0.7716467047726768,2372196000.0,800226000.0,375880000.0,62415000.0,1179835000.0,0.0,44202000.0,1629585170.0,2616817170.0,13.793908261941288,6.022270287591124,0.4527572763801979,1.3421570906218994,0.010123095597437648,13.793908261941288,0.01432595291830058,32.91359839227646,35.53701086008374,2.036406177754784,1.135380321004885,0.0,0.007987308819213173,0.0208713782503638,3.4277497396459187,0.00483265295110522,68.39811836306401,0.7716467047726768,-0.5,0.06884360102406066,-0.0674647419266071,0.7045449696123257,0.12729043108789945,-0.4691363741606853,0.27939678011004687,-0.7363750331803934,-0.11290287524516525,0.6193505170303166,REIT—Retail,Real Estate,AKR
2014Q1,2014,Q1,2014-05-02,2014-03-31,21595000.0,46685000.0,14721000.0,0.38,33891000.0,0.7259505194387919,2345862000.0,739608000.0,406724000.0,63989000.0,1215061000.0,0.0,46325000.0,1476040140.0,2511932140.0,13.218379711543617,6.35615496413446,0.47261262597714615,1.499015694800489,0.007895259884653354,13.218379711543617,0.029197899427805,31.617010602977402,17.087753415142394,1.995706022649836,0.5926371845334568,0.0,0.008670495912123367,0.019901000144083497,3.476269358796043,0.009205571342218766,66.55725030436939,0.7259505194387919,0.7272727272727273,0.270494832777264,-0.19434535168222467,0.8226074807241878,0.00947189706013761,0.7628571428571429,0.18756050338818975,0.6513518639136041,-0.1549071483280869,0.6634942183330541,REIT—Retail,Real Estate,AKR
2013Q4,2013,Q4,2014-02-26,2013-12-31,12250000.0,46395000.0,12396000.0,0.22,33573000.0,0.7236340122858067,2264957000.0,704236000.0,429682000.0,62713000.0,1143369000.0,0.0,37747000.0,1379952080.0,2340760080.0,12.671584856772707,6.851561877122766,0.4591685405065085,1.476773411186023,0.007142242393204777,12.671584856772707,0.017394736991576686,29.743551675827135,28.162287346938776,1.9595023259248319,0.950530612244898,0.0,0.008437974165015934,0.02048383258490117,3.753910672428364,0.0054084911987291595,58.442829069964425,0.7236340122858067,0.29411764705882343,2.825766305148496,-0.2090789437575503,0.9412951829621826,0.14085224955824385,0.2915129151291513,-0.03163815326927584,0.26737715911303334,-0.1151590780027515,0.6055112888745932,REIT—Retail,Real Estate,AKR
2013Q3,2013,Q3,2013-11-05,2013-09-30,9485000.0,40318000.0,12801000.0,0.17,29428000.0,0.7298973163351357,2349368000.0,697763000.0,623228000.0,193135000.0,1236212000.0,0.0,38294000.0,1368752800.0,2284886800.0,12.581373963216732,3.2269034613094467,0.4275852058936701,1.4396793753753065,0.007304334180432307,12.581373963216732,0.013593440752805752,33.948926037997914,36.07677385345282,1.9616299517171303,1.227622561939905,0.0,0.008507014560993044,0.017161211015047452,1.0743987366349963,0.0040372559769265605,81.66295567090269,0.7298973163351357,0.06250000000000006,0.11654394465639524,-0.13380302346935172,0.6175150882528259,-0.14602437608821822,0.08313349320543566,-0.2363083164300203,0.3425580507364595,-0.2562126662245093,0.5926798630019159,REIT—Retail,Real Estate,AKR
2013Q2,2013,Q2,2013-08-07,2013-06-30,8757000.0,45936000.0,16762000.0,0.16,34460000.0,0.7501741553465692,2310544000.0,699748000.0,467393000.0,66693000.0,1196657000.0,0.0,40454000.0,1360797200.0,2353971200.0,12.685786802030456,7.008126789917982,0.4731335997063895,1.5622709889846058,0.009336197040345483,12.685786802030456,0.012514505221879876,29.62376349703936,38.848840927258195,1.9446960905926136,1.3029576338928857,0.0,0.008384790915207644,0.019881032345629428,3.5767022026299613,0.0037900165502150144,65.97164880981238,0.7501741553465692,-0.11111111111111106,-0.7117638552379829,-0.4664666169928425,0.6225843920958315,-0.05428398924200011,-0.08999272576119713,-0.10229220222793488,-0.5021342464677618,-0.09499837696342071,0.6016812999188135,REIT—Retail,Real Estate,AKR
2013Q1,2013,Q1,2013-05-09,2013-03-31,9623000.0,47271000.0,18672000.0,0.18,36438000.0,0.7708320111696388,2295869000.0,673877000.0,459173000.0,67237000.0,1209177000.0,0.0,43341000.0,1491853020.0,2512343020.0,12.61611188078032,6.829171438344959,0.4801323594682449,1.635789617393085,0.01065063581760749,12.61611188078032,0.014280054075150213,31.55958240781875,38.757482593785724,2.213835789023813,0.9785929543801309,0.0,0.006312284034522382,0.020589589388593163,3.2790130434135967,0.004191441236412008,352.43397590361445,0.7708320111696388,-0.5714285714285714,-0.33274534371518316,0.06643994689727428,0.6947939512769693,4.833813640730067,-0.5477275931757296,9.84509711037423,0.4040794110311662,-0.06545275929146627,0.618497574540279,REIT—Retail,Real Estate,AKR
2012Q4,2012,Q4,2013-02-27,2012-12-31,21277000.0,9683000.0,-2111000.0,0.42,6246000.0,0.6450480223071362,1908440000.0,622797000.0,319281000.0,74788000.0,838184000.0,0.0,45127000.0,1255178760.0,1891343760.0,12.444242412132596,4.269147456811253,0.38145186644589296,1.1688848854442138,-0.00046852105626335054,12.444242412132596,0.034163619927520525,129.6270535990912,14.748070216665882,2.015389862186234,0.3981764346477417,0.0,0.006749636203212999,0.005073777535578797,3.330012836283896,0.011148896480895391,5.790397888997043,0.6450480223071362,1.625,0.5250553617452702,-0.735359110899892,0.6738792670305471,-0.7956686731222193,1.80662181770215,-1.1677260448116955,1.6591891513091588,-0.7966816711924918,0.5937128813987645,REIT—Retail,Real Estate,AKR
2012Q3,2012,Q3,2012-11-08,2012-09-30,7581000.0,44141000.0,12586000.0,0.16,30568000.0,0.6925080990462382,1899583000.0,478716000.0,172879000.0,43448000.0,970964000.0,0.0,33269000.0,1134817620.0,1902663620.0,10.330959471707885,3.978986374516664,0.4591391900222312,1.8219006676192147,0.010990405961199268,10.330959471707885,0.01583611159852606,25.70892412949412,37.423084685397704,2.3705445817561976,1.0813876797256299,0.0,0.007224068304473454,0.023237205218197887,3.1043085987847543,0.003990875892235296,-30.352455868193005,0.6925080990462382,0.06666666666666674,-0.37076066791147616,0.14119843805325313,0.37363514052670205,0.010211837800323871,0.10849539406345957,-0.07551050389305126,-0.11143862252102138,-0.03204660259653841,0.31004549304452017,REIT—Retail,Real Estate,AKR
2012Q2,2012,Q2,2012-08-08,2012-06-30,6839000.0,42426000.0,13614000.0,0.15,30259000.0,0.7132183095271767,1854264000.0,445688000.0,148477000.0,46246000.0,954798000.0,0.0,34161000.0,1025599100.0,2649154100.0,10.073183410554865,3.210591186264758,0.9220413058766174,3.8361095654359105,0.005623986074302632,10.073183410554865,0.015344815207050673,24.17383444114458,37.490828337476245,2.3011593311913265,1.1415411609884487,0.0,0.007612136165096089,0.022880237118339135,2.5017947498162005,0.003688255825491947,-16.328595765005574,0.7132183095271767,0.6666666666666666,0.7174570830247736,0.28035727570849633,0.3957926402831784,0.08990382883694126,0.7054862842892768,0.16818259824952805,-0.1639510361612488,0.047747843364280625,0.24476644214155266,REIT—Retail,Real Estate,AKR
2012Q1,2012,Q1,2012-05-09,2012-03-31,4010000.0,39626000.0,11654000.0,0.09,27763000.0,0.7006258517135214,1726736000.0,401222000.0,135271000.0,42802000.0,903397000.0,0.0,35519000.0,963269440.0,1707528440.0,9.388384500187195,3.1603897014158218,0.47061623780357853,2.025387441366625,0.00898050829284483,9.388384500187195,0.009994466903609472,24.30902538737193,60.05420448877805,2.400839036742751,1.9117206982543642,0.0,0.007958313304323244,0.022948499365276452,2.2424653053595627,0.002322300571714495,-16.929461677709625,0.7006258517135214,-0.5,-0.5531814386372479,0.1112019141980749,0.2268516977099438,-0.04486187085010493,-0.49156840370229493,0.18027141989062184,-0.6911173081362942,-0.10467379615171571,0.2945111424672462,REIT—Retail,Real Estate,AKR
2011Q4,2011,Q4,2012-02-28,2011-12-31,7887000.0,35873000.0,9874000.0,0.18,29067000.0,0.8102751372898838,1653319000.0,384114000.0,225227000.0,70201000.0,884010000.0,0.0,39317000.0,860703040.0,1538762040.0,8.988066267315611,3.208316120852979,0.47712510410876546,2.053661152678632,0.012162095911364851,8.988066267315611,0.020532966775488527,23.993059961530957,27.28233295296057,2.240748944323821,0.9205020920502092,0.0,0.008434964979326666,0.021697567136166704,2.828449737183231,0.004770404259553057,-46.28928901796279,0.8102751372898838,0.7999999999999998,-0.770152803490382,-0.04518261363074316,0.19266967506722663,-0.032583372162683887,0.9663425579655947,-0.09304675300817489,2.5286721558380165,-0.20471448708160603,0.3769776982205043,REIT—Retail,Real Estate,AKR
2011Q3,2011,Q3,2011-11-02,2011-09-30,4011000.0,37393000.0,10887000.0,0.1,30046000.0,0.8035193752841441,1606467000.0,338690000.0,176396000.0,39499000.0,956918000.0,0.0,39098000.0,754358000.0,1500001000.0,8.395884977689638,4.465834578090584,0.5423223757475255,2.5723316306947357,0.01008052055939558,8.395884977689638,0.011842688003779267,20.173775840397937,47.0180752929444,2.227281584930172,1.8100224382946897,0.0,0.009624077692554465,0.02327654411824208,3.7661459783791993,0.002496783313942957,-30.29185238726258,0.8035193752841441,-0.8648648648648649,-0.23515503583441774,0.12541418975239793,0.2086852497378442,0.13604053236539626,-0.8673347886485414,1.0254883720930232,-0.3508648614309947,0.10446501534758748,0.07941077583040498,REIT—Retail,Real Estate,AKR
2011Q2,2011,Q2,2011-08-05,2011-06-30,30234000.0,38804000.0,5375000.0,0.74,26448000.0,0.6815792186372539,1612867000.0,343572000.0,224919000.0,43842000.0,958569000.0,0.0,42346000.0,819990219.9999999,1510841220.0,8.518173253334655,5.130217599562064,0.5397475427298097,2.5337949541871865,0.004722917417465172,8.518173253334655,0.08799902203904858,21.13159004226368,6.780364986439108,2.3866619514977936,0.2400277832903354,0.0,0.008850105553697946,0.02405902036559741,4.592308745039004,0.018745501023952997,-12.97411822410683,0.6815792186372539,2.217391304347826,3.99727277235087,0.26950545560015016,0.23454554220246393,-0.030214139043707833,2.2085323145495064,-0.5664623326342959,0.3609484111781413,-0.3836351234128319,0.08952287987503893,REIT—Retail,Real Estate,AKR
2011Q1,2011,Q1,2011-05-05,2011-03-31,9423000.0,39806000.0,12398000.0,0.23,27272000.0,0.6851228458021403,1561041000.0,320373000.0,182173000.0,31524000.0,968275000.0,0.0,19371000.0,762816560.0000001,1522620560.0,7.946153082990228,5.778866895064078,0.5721092527358346,2.787644401993926,0.009767103373374508,7.946153082990228,0.02941259094867545,19.16335627794805,20.23815557678022,2.381026366141966,0.7700307757614347,0.0,0.00951211651723974,0.025499650553701025,4.8593769826164195,0.006036356508253147,-90.09289713003426,0.6851228458021403,0.3529411764705882,0.7978226735461353,0.31136027161023455,0.19458668771574403,0.12722162519632968,0.34383913291500284,0.5009685230024213,-0.13438167862814204,0.18972414382874073,0.06745186696455692,REIT—Retail,Real Estate,AKR
2010Q4,2010,Q4,2011-02-28,2010-12-31,7012000.0,38038000.0,8260000.0,0.17,24194000.0,0.6360481623639518,1524806000.0,318212000.0,192976000.0,35118000.0,937284000.0,0.0,17206000.0,735400319.9999999,1441122320.0,7.892554194156456,5.4950737513525825,0.5606772271357799,2.686649152137569,0.00632372482366674,7.892554194156456,0.02203562404937589,19.33330669330669,26.219349686252137,2.311038930021495,1.0345122646891043,0.0,0.009864015288978935,0.024946124293844595,4.762401047895666,0.004598617791378051,404.73325261419916,0.6360481623639518,0.30769230769230776,0.26297023234791117,0.39690673535180854,0.19813188451129848,-0.11165779328070498,0.3703341801837014,-0.28651636866200225,-0.3761269977128159,0.2904576546232731,0.06163014123167111,REIT—Retail,Real Estate,AKR
2010Q3,2010,Q3,2010-11-08,2010-09-30,5117000.0,39261000.0,11577000.0,0.13,27235000.0,0.6936909401186928,1490748000.0,317315000.0,209341000.0,84757000.0,916908000.0,0.0,17449000.0,763211000.0,1455100000.0,7.899499614130299,2.4698962917517138,0.5582103749258761,2.6224760884294787,0.007492953513480877,7.899499614130299,0.016125931645210596,19.43941825220957,37.28801055305843,2.4052156374580465,1.414109829978503,0.0,0.009480995425904502,0.02633644318154376,1.8667248722819354,0.00343250502432336,-35.893853172177025,0.6936909401186928,-0.59375,-0.4461443962200877,0.480017690769874,0.12381999237867682,0.04689602152604267,-0.6001719018596656,-0.09093050647820966,-0.5100508068897718,0.17091837944620863,0.05034099613524473,REIT—Retail,Real Estate,AKR
2010Q2,2010,Q2,2010-08-05,2010-06-30,12798000.0,36932000.0,12735000.0,0.32,26015000.0,0.7044026860175457,1462233000.0,317881000.0,283356000.0,69838000.0,885547000.0,0.0,19587000.0,675070700.0,1411849700.0,7.920294007723932,4.057332684212033,0.5535793543163093,2.5464308970967124,0.01104424428555317,7.920294007723932,0.040260348998524605,18.27874742770497,13.187035083606814,2.123658538887194,0.5646194717924675,0.0,0.01070406403358937,0.025257260641771865,3.181520089349638,0.008752367098813937,-44.69482918432203,0.7044026860175457,1.4615384615384615,1.2776699856167255,0.40366108756288727,0.13634021800966972,0.020756493761280703,1.4947368421052631,0.27019748653500897,2.5430422207876364,0.228691475230577,0.09747709679109991,REIT—Retail,Real Estate,AKR
2010Q1,2010,Q1,2010-05-05,2010-03-31,5130000.0,37861000.0,10026000.0,0.13,25486000.0,0.6731465096009086,1360172000.0,311650000.0,269791000.0,61054000.0,822261000.0,0.0,14024000.0,714060660.0,1402541660.0,7.794952602486181,4.418891473122154,0.5548570327870299,2.4216300336916414,0.007236961754531305,7.794952602486181,0.016460773303385207,18.86005810728718,34.79827777777778,2.2912262473929084,1.4021442495126706,0.0,0.010073373878348096,0.027835450222471865,3.5699380875945885,0.0037715818293568753,-448.24900188323915,0.6731465096009086,-0.1875,-0.08349323071316024,0.5063351860670894,0.1338125862028131,0.03286727456940223,-0.1974342928660826,0.06342808655070004,-0.38899548896084324,0.13486720065542265,0.018625817225320758,REIT—Retail,Real Estate,AKR
2009Q4,2009,Q4,2010-03-01,2009-12-31,6392000.0,38046000.0,9428000.0,0.16,24675000.0,0.6485570099353414,1382464000.0,312185000.0,244393000.0,24925000.0,849987000.0,0.0,16125000.0,674479470.0,1352286470.0,7.8083339586303495,9.805135406218655,0.5643524894680801,2.499149542739081,0.008052289323909004,7.8083339586303495,0.02047503883914986,17.727999526888503,26.37982908322904,2.1605121001969985,1.122340425531915,0.0,0.010636350428872208,0.027520427295032637,9.805135406218655,0.004623628535715939,-111.28187922785018,0.6485570099353414,-0.11111111111111106,-0.49622259537154706,0.6722030024257093,0.14286387484332577,-0.12141712658002493,-0.1252223894895306,-0.24145144420307346,-0.8008848273618953,0.08243504059266026,0.03612532977434459,REIT—Retail,Real Estate,AKR
2009Q3,2009,Q3,2009-11-06,2009-09-30,7307000.0,39056000.0,12429000.0,0.18,28085000.0,0.7190956575174109,1397367000.0,312962000.0,262543000.0,65247000.0,879675000.0,0.0,16921000.0,598068020.0,1278550020.0,7.885954744746258,4.0238325133722626,0.5776649942355874,2.5792588237549605,0.02261312151288445,7.885954744746258,0.023347882490526006,15.313089410077836,20.462160257287533,1.9109924527578428,0.981798275626112,0.0,0.011995291104179087,0.02794970827277301,4.0238325133722626,0.005229120195338805,106.51255921638469,0.7190956575174109,0.0,0.8412034470594162,0.5229822993807102,0.2561813021921657,0.17368047139454218,0.024106517168885774,1.036205766710354,0.4163103301479445,0.19483629092141122,0.13527486446078782,REIT—Retail,Real Estate,AKR
2009Q2,2009,Q2,2009-08-06,2009-06-30,7135000.0,35319000.0,6104000.0,0.18,23929000.0,0.6775106882980831,1395294000.0,312303000.0,115083000.0,30493000.0,878285000.0,0.0,16784000.0,503625600.0,1189360600.0,8.092428482587065,3.7740792968878103,0.5739421225920845,2.564234093172336,0.0029970798648142503,8.092428482587065,0.022846402372055343,14.259339165888049,17.646306937631394,1.6126185147116743,1.0032235459004906,0.0,0.014212939135738928,0.02531294479873059,3.7740792968878103,0.005113617631839598,-200.88775428799363,0.6775106882980831,-0.4,0.42217597152223746,0.46052256834900346,0.27730159917378294,-0.004575897499896002,-0.30721429264977185,-0.3440790887599398,0.23255251520176898,0.2076483218984487,0.1728420180769494,REIT—Retail,Real Estate,AKR
2009Q1,2009,Q1,2009-05-07,2009-03-31,10299000.0,35111000.0,9306000.0,0.3,24039000.0,0.6846572299279428,1398064000.0,245880000.0,122083000.0,26738000.0,941722000.0,0.0,16818000.0,359710830.0,1102211830.0,7.252455534908415,4.565898720921535,0.6184151798487051,3.516284366357573,0.0050609827573217196,7.252455534908415,0.0418862859931674,10.244961123294694,8.731693125546169,1.4629527818448023,0.8437712399262064,0.0,0.02415829403857538,0.02511401480905023,4.565898720921535,0.0073666155483583014,-4.677218328630683,0.6846572299279428,3.4956326428749684,2.037784266879037,0.6454167329288825,0.15641967105238314,0.0,3.5162472514048377,16.484193011647253,1.3367571015277238,0.375553649219722,0.09029951282938457,REIT—Retail,Real Estate,AKR
2008Q4,2008,Q4,2009-02-27,2008-12-31,-4093000.0,35784000.0,-601000.0,-0.12021,0.0,0.0,106167000.0,221298000.0,86691000.0,309800000.0,855752000.0,0.0,13767000.0,483795810.0,1152178810.0,6.527386956906469,0.2798289218850872,7.176128175421741,3.442724290323455,0.0044633906870802775,6.527386956906469,-0.018495422462019538,13.51989185110664,-29.55019606645492,2.1861734403383672,-1.6782311263132177,0.0,0.014198138673420922,0.33705388680098336,0.3410135571336346,-0.03855246922301657,26.742347576142834,0.0,-1.8014000000000001,-6.213235243648315,0.6572768304447526,0.09601216180514426,0.0,-1.8207339081612193,-1.151959544879899,-1.8767056444210344,0.5627858607344545,-0.009107794102555617,REIT—Retail,Real Estate,AKR
2008Q3,2008,Q3,2008-11-06,2008-09-30,4987000.0,27325000.0,3955000.0,0.15,0.0,0.0,84228000.0,253243000.0,61476000.0,295700000.0,814724000.0,0.0,24819000.0,823066240.0,1475055240.0,7.778211192333681,0.20789989854582347,8.841442275727786,2.9406419920787545,0.003788224356919882,7.778211192333681,0.019692548263920424,30.12136285452882,41.26058953278525,3.250104603088733,1.3773811910968519,0.0,0.008345622340189776,0.3244170584603695,0.3541021305377071,0.059208339269601555,97.77455927773818,0.0,-0.7222222222222222,0.7019199712921563,0.35323141454315016,0.2074046129980352,0.0,-0.7215677516609904,-0.8640893470790378,-0.3340313174784591,0.27086383580713586,0.1065649306763789,REIT—Retail,Real Estate,AKR
2008Q2,2008,Q2,2008-08-07,2008-06-30,17911000.0,50758000.0,29100000.0,0.54,0.0,0.0,44900000.0,254242000.0,30278000.0,301100000.0,744284000.0,0.0,26701000.0,752814850.0,1369654850.0,7.818260094098835,0.10055795416805048,15.118841870824053,2.670038781947908,0.030156348227629196,7.818260094098835,0.07044862768543356,14.83145218487726,10.50771662665401,2.961016865820753,0.38250237284350397,0.0,0.009100511234601708,1.130467706013363,0.3255064762537363,0.3989086859688196,-16.77507074893598,0.0,1.0,5.119840949987399,1.5732769790432122,0.2334419599417667,0.0,1.0486103168248886,2.9928649835345773,2.9341834960466247,1.3809486020871187,0.12170121098037866,REIT—Retail,Real Estate,AKR
2008Q1,2008,Q1,2008-05-08,2008-03-31,8743000.0,26872000.0,7288000.0,0.27,0.0,0.0,111199000.0,241049000.0,95890000.0,289500000.0,733946000.0,0.0,15660000.0,782012766.15,1344740766.15,7.444038770184724,0.3312262521588946,5.9895322799665465,2.763048176926683,0.006421584841845921,7.444038770184724,0.03627063377155682,29.10139796628461,22.361110778622894,3.2442066391065714,1.6151206679629417,0.0,0.01805724997242745,0.2416568494320992,0.6033264248704663,0.07862480777704836,-4.883062955203936,0.0,-0.03571428571428574,0.928571434971122,0.13253000952207725,0.13444239504288694,0.0,-0.03146117203943724,0.6773302646720368,0.928571457247431,0.32003812855744046,0.08277051577262785,REIT—Retail,Real Estate,AKR
2007Q4,2007,Q4,2008-02-29,2007-12-31,9027000.0,23674000.0,4345000.0,0.28,0.0,0.0,16104000.0,240736000.0,1000.0,240400000.0,587165000.0,0.0,13767000.0,829289728.41,1223849728.4099998,7.434372751511891,4.159733777038269e-06,32.15989816194734,2.15133174930214,0.003056556045903215,7.434372751511891,0.037497507643227436,35.02955683070034,22.966925014124293,3.444809785034228,0.7161847789963443,0.0,0.007795827897682233,1.4700695479384005,0.7547670549084858,0.5605439642324889,-21.659259517603427,0.0,0.1200000000000001,-0.0462536514651564,0.028095709896376046,0.13991506574258594,0.0,0.06325088339222615,-0.4504174045029092,-0.12157981758145105,0.28472029033836127,0.08812918284976551,REIT—Retail,Real Estate,AKR
2007Q3,2007,Q3,2007-11-08,2007-09-30,8490000.0,27257000.0,7906000.0,0.25,0.0,0.0,144690000.0,245586000.0,127956000.0,200400000.0,555489000.0,0.0,13767000.0,899613457.3000001,1260650457.3000002,7.520890494798071,0.6385029940119761,3.3795908494021702,1.9911273443925956,0.011037521900226539,7.520890494798071,0.03457037453275024,33.004859570018716,26.49038449057715,3.6631300534232407,0.768904593639576,0.0,0.0072564499197159795,0.18838205819337894,0.8790818363273453,0.058677171884719055,-35.522742637709776,0.0,1.777777777777778,2.250000015312132,0.21091342607250757,-0.02813916760221137,0.0,1.7982860909690177,0.24798737174427782,1.6000000122497056,0.2917787491767519,0.19802894147905886,REIT—Retail,Real Estate,AKR
2007Q2,2007,Q2,2007-08-09,2007-06-30,3034000.0,25247000.0,6335000.0,0.09,0.0,0.0,138095000.0,243287000.0,120759000.0,171400000.0,513335000.0,0.0,13967000.0,874803330.4499999,1219053330.4499998,7.21681940414245,0.7045449241540257,3.367312357435099,1.911359834269813,0.007922948457608015,7.21681940414245,0.01247086774056978,34.64979326058541,72.08333309574819,3.595766853346048,2.151285431773237,0.0,0.007461105568313854,0.18282341866106666,0.9871820303383897,0.021970382707556392,-75.66848286912897,0.0,-0.55,-0.39999999802241265,0.14706288161169853,-0.022976805479282957,0.0,-0.5484447090340825,-0.16743330266789327,-0.3076923090890505,0.19518153269035535,0.13909625345402157,REIT—Retail,Real Estate,AKR
2007Q1,2007,Q1,2007-05-09,2007-03-31,6719000.0,26698000.0,7609000.0,0.2,0.0,0.0,125162000.0,244841000.0,111643000.0,144400000.0,505271000.0,0.0,13967000.0,834115854.66,1174737854.6599998,7.652420025755083,0.7731509695290859,3.613436985666576,1.8471783729032312,0.005592595614960833,7.652420025755083,0.027442299288109425,31.242634454266234,31.035714193332343,3.406765430054607,0.9702336657240661,0.0,0.007815461082030694,0.21330755341077964,0.9329224376731302,0.05368242757386427,-81.61603274559687,0.0,-0.736842105263158,-0.12499998656958736,0.1146923353761599,0.0870220604754981,0.0,-0.7384585441806151,-0.1730246712313879,1.10000000625093,0.3257579008985249,0.2201948714257252,REIT—Retail,Real Estate,AKR
