Quarters,Year,Quarter,FillingDate,Date,NetIncome,Revenue,OperatingIncome,EPSDiluted,GrossProfit,GrossProfitRatio,TotalAssets,CommonStockEquity,CurrentAssets,CurrentLiability,TotalLiability,Inventory,RetainedEarnings,MarketCap,EnterpriseValue,bookValuePerShare,currentRatio,debtToAssets,debtToEquity,roic,shareholdersEquityPerShare,roe,priceToSalesRatio,peRatio,pbRatio,payoutRatio,inventoryTurnover,dividendYield,assetTurnover,quickRatio,returnOnAssets,priceToFreeCashFlowsRatio,grossProfitMargin,epsdilutedGrowth,fiveYNetIncomeGrowthPerShare,fiveYRevenueGrowthPerShare,fiveYShareholdersEquityGrowthPerShare,grossProfitGrowth,netIncomeGrowth,operatingIncomeGrowth,threeYNetIncomeGrowthPerShare,threeYRevenueGrowthPerShare,threeYShareholdersEquityGrowthPerShare,Industry,Sector,Symbol
2023Q1,2023,Q1,2023-05-10,2023-03-31,-299000000.0,849000000.0,-185000000.0,-0.39,125000000.0,0.1472320377,16949000000.0,-3963000000.0,838000000.0,2275000000.0,20735000000.0,139000000.0,-16441000000.0,595612540.0569,19429612540.0569,-5.171885567932669,0.36835164835164835,1.124432119889079,-4.8089830936159474,-0.005990196934154074,-5.171885567932669,0.0754478930103457,0.7015459835770318,-0.4980037960341973,-0.15029334848773657,0.0,5.2086330935251794,0.0,0.05009145082305741,0.1454945054945055,-0.017641158770428933,-1.7364797086206998,0.14723203769140164,0.4347826086956521,0.41184149074905396,0.10027181443348353,-0.7454294929037792,-0.08088235294117647,0.43263757115749524,0.02631578947368421,0.41184149074905396,0.10027181443348353,-0.7454294929037792,Real Estate Services,Real Estate,WE
2022Q4,2022,Q4,2023-03-29,2022-12-31,-527000000.0,848000000.0,-190000000.0,-0.69,136000000.0,0.1603773585,17863000000.0,-3670000000.0,689000000.0,2230000000.0,21318000000.0,138000000.0,-16177000000.0,1091969488.61,20546969488.61,-4.8060866670189295,0.30896860986547087,1.105189497844707,-5.379291553133515,-0.005838226606453967,-4.8060866670189295,0.14359673024523162,1.2876998686438679,-0.5180120913709677,-0.2975393701934605,0.0,5.159420289855072,0.0,0.047472429043273805,0.17757847533632287,-0.029502323237977943,-6.999804414166666,0.16037735849056603,0.16867469879518074,0.40112184100450554,0.07759542952559928,-1.3682646791030464,0.5632183908045977,0.16216216216216217,0.304029304029304,0.40112184100450554,0.07759542952559928,-1.3682646791030464,Real Estate Services,Real Estate,WE
2022Q3,2022,Q3,2022-11-14,2022-09-30,-629000000.0,817000000.0,-273000000.0,-0.83,87000000.0,0.1064871481,18339000000.0,-3032000000.0,866000000.0,2094000000.0,21094000000.0,149000000.0,-15723000000.0,2020321405.3999999,21226321405.4,-3.9769909770416967,0.41356255969436484,1.0723594525328535,-6.486147757255937,-0.008288512062525009,-3.9769909770416967,0.20745382585751979,2.4728536173806606,-0.802989429809221,-0.6663329173482849,0.0,4.899328859060403,0.0,0.04454986640492938,0.2688634192932187,-0.03429848955777305,-9.855226367804878,0.10648714810281518,0.0,0.28385367764603103,0.1291256423122606,0.7405613926084303,0.10126582278481013,0.009448818897637795,0.10784313725490197,0.28385367764603103,0.1291256423122606,0.7405613926084303,Real Estate Services,Real Estate,WE
2022Q2,2022,Q2,2022-08-08,2022-06-30,-635000000.0,815000000.0,-306000000.0,-0.83,79000000.0,0.0969325153,19638000000.0,-2659000000.0,1211000000.0,2100000000.0,21955000000.0,179000000.0,-15155000000.0,3822993238.7599998,23685993238.76,-3.491552081407689,0.5766666666666667,1.04328343008453,-7.705152312899586,-0.008755839028466413,-3.491552081407689,0.23881158330199323,4.690789250012269,-1.5051154483307085,-1.4377560130725835,0.0,4.111731843575419,0.0,0.0415011711986964,0.3461904761904762,-0.03233526835726652,-12.828836371677852,0.09693251533742331,-0.25757575757575746,0.3277005367443306,-0.15464944883137202,0.0,1.7241379310344827,-0.25992063492063494,0.22921914357682618,0.3277005367443306,-0.15464944883137202,0.0,Real Estate Services,Real Estate,WE
2022Q1,2022,Q1,2022-05-12,2022-03-31,-504000000.0,765000000.0,-397000000.0,-0.66,29000000.0,0.0379084967,20686000000.0,-2251000000.0,1119000000.0,2121000000.0,22546000000.0,273000000.0,-14578000000.0,5180996185.2,25789996185.2,-2.963101969434741,0.5275813295615276,1.0213671081891134,-9.386050644158152,-0.010676165698052884,-2.963101969434741,0.22390048867170145,6.772544032941176,-2.5699385839285713,-2.301642019191471,0.0,2.695970695970696,0.0,0.03698153340423475,0.37482319660537483,-0.02436430436043701,-12.5752334592233,0.03790849673202614,0.42608695652173906,0.0,0.0,0.0,2.861838726245506,0.3720627737881061,0.5606531107309094,0.0,0.0,0.0,Real Estate Services,Real Estate,WE
2021Q4,2021,Q4,2022-03-17,2021-12-31,-802628000.0,717765000.0,-903614000.0,-1.15,-15576000.0,-0.0217006959,21756171000.0,-1413442000.0,1471443000.0,2132745000.0,23169613000.0,0.0,-14142517000.0,5989838088.599999,5731711088.599999,-2.0293705806730946,0.6899291757805082,0.030593526774541347,-0.4709057746975115,1.2106557111245497,-2.0293705806730946,0.5678535093764017,8.345124223945163,-1.8656955926655934,-4.2377671588929715,0.0,0.0,0.0,0.03299132921873063,0.49404312282996793,-0.0368919696393267,104.52739928451766,-0.02170069591022131,0.0017863683946468974,0.0,0.0,0.0,0.8296997660230478,-0.00028414755732801593,-0.4117909906756993,0.0,0.0,0.0,Real Estate Services,Real Estate,WE
2021Q3,2021,Q3,2021-11-15,2021-09-30,-802400000.0,661031000.0,-640048000.0,-1.152058,-91462000.0,-0.13836264865036588,21955877000.0,-10676690000.0,1013089000.0,2413471000.0,32626301000.0,0.0,-13427090000.0,6964928010.0,28651903010.0,-15.32921802590175,0.4197643145494601,1.0094891222063231,-2.0759447918783818,-0.02076469867235306,-15.32921802590175,0.07515437837007537,10.536461996487306,-2.1700299133848455,-0.6523489967396262,0.0,0.0,0.0,0.03010724645615386,0.25313707933511526,-0.03654602364551414,-15.79162549994105,-0.13836264865036588,0.09725562286617878,0.0,0.0,0.0,0.5109271647122362,0.09725542698670747,0.24699792351719715,0.0,0.0,0.0,Real Estate Services,Real Estate,WE
2021Q2,2021,Q2,2021-08-11,2021-06-30,-888845000.0,593478000.0,-849995000.0,-1.276173,-187011000.0,-0.3151102484001092,23186310000.0,-9964996000.0,1397610000.0,2336769000.0,33145308000.0,0.0,-12624690000.0,8009667211.5,30320720211.5,-14.307392676123296,0.5980950620279539,0.9986500654912317,-2.32363465073142,-0.025837846061234473,-14.307392676123296,0.08919672421343672,13.496148486548785,-2.2528301367223755,-0.8037802736197787,,0.0,,0.02559605215318867,0.49076695214631827,-0.03833490538166703,0.0,-0.3151102484001092,0.0,-0.028959435258598742,-0.3269194564347071,0.0,0.0,0.0,0.0,-0.028959435258598742,-0.3269194564347071,0.0,Real Estate Services,Real Estate,WE
2020Q2,2020,Q2,2020-09-16,2020-06-30,-863829000.0,881734000.0,-1027538000.0,-1.240255,266000.0,0.0003016782839268986,,,,,,,,6825629449.8,,,0.0,0.0,0.0,0.0,,0.0,7.74114353058859,-1.9753994858357387,0.0,,0.0,,0.0,0.0,0.0,0.0,0.0003016782839268986,0.0,0.0,0.0,0.0,0.0,0.0,0.0,0.0,0.0,0.0,Real Estate Services,Real Estate,WE
