Quarters,Year,Quarter,FillingDate,Date,NetIncome,Revenue,OperatingIncome,EPSDiluted,GrossProfit,GrossProfitRatio,TotalAssets,CommonStockEquity,CurrentAssets,CurrentLiability,TotalLiability,Inventory,RetainedEarnings,MarketCap,EnterpriseValue,bookValuePerShare,currentRatio,debtToAssets,debtToEquity,roic,shareholdersEquityPerShare,roe,priceToSalesRatio,peRatio,pbRatio,payoutRatio,inventoryTurnover,dividendYield,assetTurnover,quickRatio,returnOnAssets,priceToFreeCashFlowsRatio,grossProfitMargin,epsdilutedGrowth,fiveYNetIncomeGrowthPerShare,fiveYRevenueGrowthPerShare,fiveYShareholdersEquityGrowthPerShare,grossProfitGrowth,netIncomeGrowth,operatingIncomeGrowth,threeYNetIncomeGrowthPerShare,threeYRevenueGrowthPerShare,threeYShareholdersEquityGrowthPerShare,Industry,Sector,Symbol
2023Q1,2023,Q1,2023-03-30,2023-03-31,-7491000.0,14795000.0,-6556000.0,-0.2,6031000.0,0.4076377154,100766000.0,66953000.0,89171000.0,26255000.0,33813000.0,12449000.0,0.0,374821489.60858077,317300489.60858077,1.8133492601189427,3.3963435536088364,0.055723160589881506,0.08386480068107478,-0.08957533996945892,1.8133492601189427,-0.11188445626036175,25.334335221938545,-12.50906052625086,5.598277741230128,0.0,0.703992288537232,0.0,0.14682531806363258,2.8797181489240145,-0.07434055137645634,-86.90505207711124,0.4076377154444069,-0.4285714285714285,-67.10392500579506,0.2687959594026581,1.0670332503686564,-0.16444998614574674,-0.459949327616449,-3.175796178343949,-3.520186533377581,0.5344566255294051,1.0406177457834158,Medical Devices,Healthcare,EDAP
2022Q4,2022,Q4,2022-12-31,2022-12-31,-5131000.0,15718000.0,-1570000.0,-0.14,7218000.0,0.4592187301,101123000.0,71632000.0,90518000.0,21708000.0,29491000.0,11780000.0,-42372000.0,368044303.43276435,311563303.43276435,1.9431622334028318,4.169799152386217,0.0658109431088872,0.0929054054054054,-0.01894497241215868,1.9431622334028318,-0.0716299977663614,23.415466562715636,-17.932386641627577,5.13798726034125,0.0,0.7215619694397284,0.0,0.15543447089188414,3.5967845955408144,-0.05074018769221641,-50.841870898295944,0.45921873011833564,-351.00000000000006,-43.35357646166833,0.16357798443860933,1.2397471206167439,0.43870839146900537,-395.6923076923077,0.2694276407631456,-2.1660283893482686,0.5415909228441874,1.0631291688791062,Medical Devices,Healthcare,EDAP
2022Q3,2022,Q3,2022-09-30,2022-09-30,13000.0,12243000.0,-2149000.0,0.0004,5017000.0,0.4097851834,104801000.0,74242000.0,94027000.0,21521000.0,30559000.0,9561000.0,0.0,282816938.7088649,243323938.70886493,2.2032527194258473,4.369081362390223,0.06527609469375292,0.09214460817327119,-0.0003897927405430868,2.2032527194258473,0.00017510304140513455,23.1002972072911,5438.787282862788,3.809392779139368,0.0,0.7557786842380504,0.0,0.11682140437591244,3.8780725802704334,0.00012404461789486743,158.97523255135746,0.409785183370089,-0.9920000000000001,1.0213090819491624,0.4787122527329318,1.561014435485081,-0.1909369456539268,-0.9928845101258894,-4.021028037383178,-0.995507121275779,-0.679995601970534,1.3252038840501625,Medical Devices,Healthcare,EDAP
2022Q2,2022,Q2,2022-06-30,2022-06-30,1827000.0,14150000.0,-428000.0,0.05,6201000.0,0.4382332155,81294000.0,52265000.0,70853000.0,19802000.0,29029000.0,7906000.0,0.0,218212870.51151997,179437870.51151997,1.5615918382871485,3.578072921927078,0.09500086107215784,0.14776619152396442,-0.006512700376229555,1.5615918382871485,0.03495647182626997,15.421404276432506,29.859451356256155,4.175124280331388,0.0,1.0054389071591197,0.0,0.174059586193323,3.142207857792142,0.022473983319802198,-647.5159362359643,0.43823321554770317,3.761904761904762,1.906083572774935,0.3154160660652348,0.7839123413703278,0.0771235018238666,4.117647058823529,-2.855855855855856,0.14788186612953846,-0.018125405149738656,0.6909209150553088,Medical Devices,Healthcare,EDAP
2022Q1,2022,Q1,2022-03-31,2022-03-31,357000.0,12998000.0,-111000.0,0.0105,5757000.0,0.4429142945,76448000.0,50761000.0,66565000.0,16216000.0,25687000.0,7342000.0,0.0,219579684.83,227706684.83,1.51678699925202,4.104896398618648,0.09114692339891167,0.13727073934713657,-0.0015685815339395019,1.51678699925202,0.0070329583735545004,16.893343962917374,153.7672862955182,4.325755694923268,0.0,0.9862435303731953,0.0,0.17002406864796987,3.604526393685249,0.004669840937630808,555.8979362784811,0.4429142945068472,-0.7341772151898733,-0.8169892423547624,0.2911692230819344,0.6258835278524357,-0.07324533161622666,-0.7386530014641288,-1.2407809110629067,-0.056906309308770144,0.1115828010447834,0.74082110958807,Medical Devices,Healthcare,EDAP
2021Q4,2021,Q4,2021-12-31,2021-12-31,1366000.0,13974000.0,461000.0,0.0395,6212000.0,0.4445398597,77226000.0,50055000.0,67382000.0,17951000.0,27171000.0,7499000.0,-39438000.0,177008082.54712,139830082.54712,1.4956910472126212,3.7536627485933933,0.12955481314583173,0.19988013185495954,0.007941163314863608,1.4956910472126212,0.027289981020877034,12.666958819745242,32.395329895153736,3.536271752015183,0.0,1.0350713428457128,0.0,0.18094942117939555,3.3036042560303045,0.017688343304068578,87.9324801525683,0.44453985973951626,2.316666666666667,1.9175164531619626,0.1216944589601816,0.7572957367372317,0.7136551724137931,2.3458128078817735,1.2445623342175067,0.14580534769097153,-0.08878347628577642,0.7373757636785477,Medical Devices,Healthcare,EDAP
2021Q3,2021,Q3,2021-09-30,2021-09-30,-1015000.0,9440000.0,-1885000.0,-0.03,3625000.0,0.3840042372881356,73686000.0,48040000.0,64672000.0,14911000.0,25646000.0,8523000.0,0.0,184014050.552464,191931050.552464,1.4362534282926858,4.337200724297499,0.10744239068479766,0.16480016652789342,-0.036972514953841434,1.4362534282926858,-0.021128226477935053,19.493013829710172,-45.323657771542855,3.8304340248223148,0.0,0.6822715006453127,0.0,0.1281111744429064,0.6809067131647777,-0.013774665472409955,267.07409369007837,0.3840042372881356,-1.9999999999999996,-1.6913192056641924,0.014481626103152583,0.6030202015103856,-0.13997627520759193,-1.3938679245283019,-3.414519906323185,-0.27161038496661577,0.006271888424731823,0.7445038307645101,Medical Devices,Healthcare,EDAP
2021Q2,2021,Q2,2021-06-30,2021-06-30,-424000.0,10349000.0,-427000.0,-0.01,4215000.0,0.4072857280896705,74622000.0,48191000.0,65372000.0,15348000.0,26431000.0,8610000.0,0.0,192839934.96972898,200916934.96972898,1.4956666913094288,4.259317174876205,0.10823885717348772,0.16760390944367207,-0.00857881966601114,1.4956666913094288,-0.008798323338382685,18.633678130227942,-113.70279184535907,4.001575708529165,0.0,0.7124274099883856,0.0,0.13868564230387823,0.7286291373468856,-0.005681970464474283,-177.24258728835383,0.4072857280896705,-1.3333333333333335,-1.1490216139891356,0.10845812738886447,0.7370013356365609,-0.03546910755148741,-1.5485122897800776,-2.786610878661088,0.5024858755297897,0.08263829863734247,0.7667172713859701,Medical Devices,Healthcare,EDAP
2021Q1,2021,Q1,2021-03-31,2021-03-31,773000.0,10302000.0,239000.0,0.03,4370000.0,0.42418947777130656,53299000.0,26856000.0,43557000.0,19268000.0,26443000.0,8348000.0,0.0,208146563.5158,212373563.5158,0.9200425283286665,2.260587502594976,0.07930730407699957,0.15739499553172476,0.006321820122459494,0.9200425283286665,0.028783139708072683,20.204481024635992,67.31777604003881,7.7504678103887406,0.0,0.71058936272161,0.0,0.19328692846019624,0.5326966991903674,0.014503086361845437,175.6511084521519,0.42418947777130656,0.0,-0.505406407962844,0.027104679209233647,0.4696867894140767,-0.37820147979510527,-0.008974358974358974,-0.861046511627907,7.628237688792892,0.11751540734008578,0.048754666094417094,Medical Devices,Healthcare,EDAP
2020Q4,2020,Q4,2020-12-31,2020-12-31,780000.0,15364000.0,1720000.0,0.03,7028000.0,0.45743296016662327,55193000.0,26247000.0,45393000.0,21504000.0,28946000.0,7989000.0,-40139000.0,123898359.965787,110315359.965787,0.8999490930613606,2.1109095982142856,0.2013479970286087,0.42340076961176515,0.035350660848668815,0.8999490930613606,0.029717682020802376,8.064199425005663,39.711012809547114,4.7204770055925245,0.0,1.0434347227437726,0.0,0.27836863370354936,1.7222377232142858,0.014132226912833149,35.19839771755312,0.45743296016662327,2.0,-0.8679789619913919,0.1283211665421831,0.5750430051774852,0.7729566094853683,1.7792207792207793,6.870307167235495,9.52231380154952,0.43760242915027264,0.03730833959038338,Medical Devices,Healthcare,EDAP
2020Q3,2020,Q3,2020-09-30,2020-09-30,-1001000.0,9433000.0,-293000.0,-0.03,3964000.0,0.42022686314004026,51639000.0,25146000.0,41560000.0,19102000.0,26493000.0,9455000.0,0.0,114416935.16315998,118818935.16315998,0.8628188090794644,2.175688409590619,0.08524564766939716,0.17505766324663963,-0.010669821778801056,0.8628188090794644,-0.03980752405949256,12.129432329392555,-28.57565813265734,4.550104794526365,,0.5784241142252776,,0.18267201146420342,0.6058004397445294,-0.01938457367493561,0.0,0.42022686314004026,-1.9999999999999996,0.8224159142474047,0.26157248226526625,1.4172044132910941,-0.08346820809248555,-4.72,-1.966996699669967,-0.8971055975710504,0.317290916590925,0.0029223637297427314,Medical Devices,Healthcare,EDAP
2020Q2,2020,Q2,2020-08-26,2020-06-30,-175000.0,9256000.0,303000.0,-0.01,4325000.0,0.46726447709593777,0.0,25867000.0,38307000.0,14845000.0,0.0,0.0,0.0,64008308.9141158,64008308.9141158,0.8876324628539181,2.5804648029639607,0.0,0.0,0.032538240486591666,0.8876324628539181,-0.006765376734835891,6.915331559433427,-91.44044130587972,2.474516136935702,0.0,0.0,0.0,0.0,0.0,0.0,0.0,0.46726447709593777,0.75,-1.3077577580587292,0.011517547738098466,0.6554838929873429,0.4124755062050947,0.8662079510703364,1.2075342465753425,0.9003222339115672,-0.01176419197321211,0.014002805510868794,Medical Devices,Healthcare,EDAP
2020Q1,2020,Q1,2020-04-16,2020-03-31,-1308000.0,7610000.0,-1460000.0,-0.04,3062000.0,0.402365308804205,0.0,25896000.0,39188000.0,16664000.0,0.0,0.0,0.0,60456384.6835462,60456384.6835462,0.8886276049818325,2.3516562650024,0.0,0.0,-0.06187055267508061,0.8886276049818325,-0.0505097312326228,7.944334386799763,-11.555119396702255,2.3345839003531896,0.0,0.0,0.0,0.0,0.0,0.0,-1778.1289612807707,0.402365308804205,-0.3333333333333334,0.5420684440686634,0.0456502446871076,0.7243385408972158,-0.05347758887171561,-0.02427564604541895,-7.3428571428571425,-1.7700321046290775,-0.13187157764869215,-0.04745690327817575,Medical Devices,Healthcare,EDAP
2019Q4,2019,Q4,2020-03-30,2019-12-31,-1277000.0,8034000.0,-175000.0,-0.03,3235000.0,0.40266367936270847,53068000.0,27358000.0,42097000.0,17493000.0,25710000.0,8178000.0,-38435000.0,114873722.36418879,102648722.36418879,0.9418519512564246,2.406505459326588,0.16320569834928772,0.31658015936837486,-0.00589495563920485,0.9418519512564246,-0.04667738869800424,14.298446896214687,-22.48898245187721,4.198907901315476,0.0,0.5868182929811689,0.0,0.15139066857616643,1.9135654261704682,-0.024063465742066782,23.01156297359551,0.40266367936270847,-1.375,0.5856091074452064,0.061658838361099186,0.5467633806096379,-0.7960663178465612,-1.51285140562249,-1.0825082508250825,0.011770242820365314,-0.2569987725160067,0.10658710010000748,Medical Devices,Healthcare,EDAP
2019Q3,2019,Q3,2019-11-13,2019-09-30,2490000.0,32924000.0,2121000.0,0.08,15863000.0,0.48180658486210665,0.0,27477000.0,42383000.0,17463000.0,17463000.0,0.0,0.0,119024014.42969441,119024014.42969441,0.9475524854139267,2.427017121914906,0.0,0.0,0.06847440847602579,0.9475524854139267,0.09062124686101103,3.6151140332187586,11.950202251977352,4.331768913261797,,0.0,,0.0,0.0,0.0,0.0,0.48180658486210665,0.6,-0.6741527741480545,3.0840775524574284,0.32497807579133803,1.5052116234996842,0.8056562726613488,0.28234582829504234,0.9562205140567582,3.0812262012142027,0.057575039466058804,Medical Devices,Healthcare,EDAP
2019Q2,2019,Q2,2019-07-25,2019-06-30,1379000.0,12486000.0,1654000.0,0.05,6332000.0,0.5071279833413423,0.0,26780000.0,40749000.0,16357000.0,0.0,0.0,0.0,70175130.60203099,70175130.60203099,0.9235155969645511,2.4912269976156995,0.0,0.0,0.05829840142458845,0.9235155969645511,0.051493651979088874,5.620305189975252,12.722104895219543,2.620430567663592,,0.0,,0.0,0.0,0.0,0.0,0.5071279833413423,4.0,1.205542629961263,0.7397894898558491,0.8629405326904974,0.3012741471434443,3.2042682926829267,6.951923076923077,-0.4614668393496061,0.4859664835738896,0.07253028681424946,Medical Devices,Healthcare,EDAP
2019Q1,2019,Q1,2019-04-01,2019-03-31,328000.0,10132000.0,208000.0,0.01,4866000.0,0.48026056060007893,0.0,25266000.0,39904000.0,16837000.0,0.0,0.0,0.0,77382980.26095,77382980.26095,0.8713054953767977,2.370018411831086,0.0,0.0,0.006095326314916735,0.8713054953767977,0.012981872872635162,7.637483247231543,58.9809300769436,3.062731744674662,,0.0,,0.0,0.0,0.0,0.0,0.48026056060007893,-0.75,-0.7065871215028949,-0.0193946264876975,0.8686475603786364,-0.18655967903711135,-0.6824782187802517,-0.7541371158392435,-0.7887434311038409,0.016847277418066256,0.39183367797724056,Medical Devices,Healthcare,EDAP
2018Q4,2018,Q4,2019-04-01,2018-12-31,1033000.0,13288000.0,846000.0,0.04,5982000.0,0.45018061408789883,48740000.0,24964000.0,40376000.0,16812000.0,23776000.0,7212000.0,-39947000.0,46860899.430392,34144899.430392,0.8608909359054214,2.4016178919819176,0.1384489125974559,0.27030924531325107,0.02531008047391404,0.8608909359054214,0.041379586604710784,3.526557753641782,11.340972756629235,1.8771390574584201,,1.0130338325013866,,0.27263028313500204,1.9499167261479895,0.021194091095609355,0.0,0.45018061408789883,3.0,2.3617898102776422,0.23468675891841106,1.0205223394410043,0.7729697688203913,2.4927745664739884,2.2459499263622975,-0.8241491180222869,-0.018514822502998282,0.5066854972941026,Medical Devices,Healthcare,EDAP
2018Q3,2018,Q3,2018-11-14,2018-09-30,-692000.0,8133000.0,-679000.0,-0.02,3374000.0,0.41485306774867825,0.0,23874000.0,36110000.0,14092000.0,0.0,0.0,0.0,75933423.3361956,75933423.3361956,0.8233019629789309,2.562446778313937,0.0,0.0,-0.037187925287002044,0.8233019629789309,-0.028985507246376812,9.336459281470011,-27.432595135908812,3.180590740395225,,0.0,,0.0,0.0,0.0,0.0,0.41485306774867825,0.3333333333333333,-0.39406131900867414,0.09856643759412285,0.7919766340688363,-0.049577464788732394,0.09778357235984354,0.3712962962962963,0.8766158625583699,0.09319192221922054,1.3064971665454366,Medical Devices,Healthcare,EDAP
2018Q2,2018,Q2,2018-06-30,2018-06-30,-767000.0,8603000.0,-1080000.0,-0.03,3550000.0,0.4126467511333256,46679000.0,24549000.0,38551000.0,16016000.0,22130000.0,7074000.0,-40287000.0,75987020.0919234,63209020.0919234,0.8465795379563448,2.4070304695304694,0.0947963752436856,0.18025174141512892,-0.03843389086354368,0.8465795379563448,-0.03124363517862235,8.832618864573218,-24.76760759189159,3.095320383393352,,0.7143059089623975,,0.18430129180145247,1.9412462537462538,-0.016431371708905504,0.0,0.4126467511333256,-10.891196834817013,-1.7023992662080716,0.3129046725290479,0.7026455354777782,-0.11493393168785838,-9.617977528089888,-1.6865671641791045,-2.355542605430647,-0.05518485627529694,0.5789179056310011,Medical Devices,Healthcare,EDAP
2018Q1,2018,Q1,2018-03-31,2018-03-31,89000.0,9158000.0,-402000.0,0.003033,4011000.0,0.4379777243939725,0.0,25439000.0,37734000.0,13843000.0,0.0,0.0,0.0,54682505.4257184,54682505.4257184,0.8772714516302682,2.7258542223506463,0.0,0.0,-0.006306830531208305,0.8772714516302682,0.0034985651951727663,5.971009546376763,153.60254333066965,2.1495540479467903,,0.0,,0.0,0.0,0.0,0.0,0.4379777243939725,1.9665391969407267,1.014793465241206,-0.002729410413932331,2.918621454234122,-0.09519512745319197,1.978021978021978,-1.2584269662921348,1.0313133607746894,0.264588631494356,0.7023024790073292,Medical Devices,Healthcare,EDAP
2017Q4,2017,Q4,2017-12-31,2017-12-31,-91000.0,10626000.0,-178000.0,-0.003138,4433000.0,0.41718426501035194,46897000.0,25158000.0,39574000.0,16134000.0,21739000.0,6739000.0,-39608000.0,69251418.9757362,53965418.9757362,0.8675810833804115,2.452832527581505,0.1006034501140798,0.18753478018920422,0.005230967664430098,0.8675810833804115,-0.003617139677239844,6.517167229035969,-190.2511510322423,2.752659948157095,,0.9189790770143939,,0.22658165767533103,2.004896491880501,-0.0019404226283131116,0.0,0.41718426501035194,0.8431000000000001,0.9478194174677247,-0.2900128452981224,0.9408975234544708,0.5787037037037037,0.8266666666666667,0.8221778221778222,0.9704201231382166,0.4065611847790375,0.4247914947697611,Medical Devices,Healthcare,EDAP
2017Q3,2017,Q3,2017-09-30,2017-09-30,-525000.0,7125000.0,-1001000.0,-0.02,2808000.0,0.39410526315789474,0.0,24947000.0,37172000.0,12676000.0,0.0,0.0,0.0,73345305.7999636,73345305.7999636,0.8603046858689533,2.932470810981382,0.0,0.0,-0.041796942852179955,0.8603046858689533,-0.02104461458291578,10.294078007012434,-34.92633609522076,2.9400451276692023,,0.0,,0.0,0.0,0.0,0.0,0.39410526315789474,0.6666666666666666,0.3335808046630163,-0.20994131524483792,0.7753834648003528,-0.300796812749004,0.6994848311390955,-1.327906976744186,-1.0687027283422776,-0.11617505281074043,0.20297805643871272,Medical Devices,Healthcare,EDAP
2017Q2,2017,Q2,2017-06-30,2017-06-30,-1747000.0,9320000.0,-430000.0,-0.06,4016000.0,0.4309012875536481,45680000.0,25384000.0,39583000.0,13372000.0,20296000.0,8135000.0,-38992000.0,83635645.1172,67360645.1172,0.8753747603358123,2.960140592282381,0.04989054290718038,0.08978096438701544,-0.01633925514694911,0.8753747603358123,-0.06882288055468011,8.973781664935622,-11.96846667389811,3.294817409281437,,0.6519975414874001,,0.2040280210157618,2.30234819024828,-0.03824430823117338,0.0,0.4309012875536481,-2.0,0.6313926785459975,-0.04196871753759197,0.6729777009065737,0.13063063063063063,-2.0392623438429505,-0.026252983293556086,0.739606075269049,0.2986424178220718,0.7658295405988811,Medical Devices,Healthcare,EDAP
2017Q1,2017,Q1,2017-03-31,2017-03-31,1681000.0,8675000.0,-419000.0,0.06,3552000.0,0.40945244956772336,0.0,26904000.0,40542000.0,14052000.0,0.0,0.0,0.0,74748542.3110533,74748542.3110533,0.9329001575257257,2.885140905209223,0.0,0.0,-0.015054464090753877,0.9329001575257257,0.06248141540291406,8.616546664098363,11.116677916575446,2.778343083223807,,0.0,,0.0,0.0,0.0,0.0,0.40945244956772336,2.5,1.3673444138046926,0.1353966742236265,0.25071323672273316,-0.31718569780853517,2.315336463223787,-2.2507462686567163,0.5120195011409108,-0.15578527715634605,1.0007467101804703,Medical Devices,Healthcare,EDAP
2016Q4,2016,Q4,2016-12-31,2016-12-31,-1278000.0,10694000.0,335000.0,-0.04,5202000.0,0.4864409949504395,46591000.0,24451000.0,40514000.0,15010000.0,22140000.0,8030000.0,-38927000.0,89100654.50188799,69874654.50188799,0.8511322345717793,2.6991339107261827,0.05930329892039235,0.11300151323054272,0.019142263146406276,0.8511322345717793,-0.052267800907938325,8.331836029725826,-17.429705497239436,3.644049507254836,,0.6839352428393525,,0.22952930823549614,2.132911392405063,-0.02743019038011633,0.0,0.4864409949504395,-2.0,-0.01804316820485405,-0.3455830019605072,0.2920879909752109,0.505643994211288,-2.013481363996828,2.0090361445783134,-0.7006191460326427,0.0030066274737248254,0.9976185391729494,Medical Devices,Healthcare,EDAP
2016Q3,2016,Q3,2016-09-30,2016-09-30,1261000.0,7992000.0,-332000.0,0.04,3455000.0,0.4323073073073073,0.0,25739000.0,40694000.0,14547000.0,0.0,0.0,0.0,74254280.00831999,74254280.00831999,0.8959671418609884,2.797415274627071,0.0,0.0,-0.012502135565982397,0.8959671418609884,0.048991802323322585,9.291076077117117,14.721308486978588,2.884893741338824,,0.0,,0.0,0.0,0.0,0.0,0.4323073073073073,-0.5,-0.33340798041981,-0.3986349275916204,0.2678930043845505,-0.0017336030049118752,-0.4951961569255404,0.03768115942028986,3.5642320305979993,0.08967623983903025,0.9501376837472902,Medical Devices,Healthcare,EDAP
2016Q2,2016,Q2,2016-06-30,2016-06-30,2498000.0,8197000.0,-345000.0,0.08,3461000.0,0.4222276442600952,46694000.0,24358000.0,40963000.0,14817000.0,22336000.0,7932000.0,-38910000.0,84045207.8992303,65350207.8992303,0.8610624877621698,2.764594722278464,0.048078982310361076,0.09216684456851958,-0.012498694744169857,0.8610624877621698,0.10255357582724361,10.253166756036391,8.411249789754834,3.450414972462037,,0.5970751386787695,,0.17554717950914464,2.194303840183573,0.05349723733241958,0.0,0.4222276442600952,0.6,1.800545316719155,0.00017396016390896135,0.2992189514454927,-0.19361602982292636,0.836764705882353,-1.470668485675307,10.022059075232308,0.28232257567381797,0.7317737257089816,Medical Devices,Healthcare,EDAP
2016Q1,2016,Q1,2016-03-31,2016-03-31,1360000.0,8728000.0,733000.0,0.05,4292000.0,0.4917506874427131,33019000.0,15901000.0,33019000.0,16529000.0,17118000.0,0.0,0.0,89601339.75974998,75068339.75974998,0.6260126545027066,1.9976405106177022,0.0,0.0,0.044813578660820974,0.6260126545027066,0.08552921199924533,10.265964683747706,16.470834514659924,5.634949988035342,,0.0,,0.26433265695508645,0.8792425434085547,0.04118840667494473,0.0,0.4917506874427131,-0.7222222222222223,2.2884008703788212,-0.07508053805223706,-0.16032414934941985,-0.18957703927492447,-0.7341673182173573,-0.5372474747474747,1.2580735706992991,0.08505517666182481,1.7962914033024262,Medical Devices,Healthcare,EDAP
2015Q4,2015,Q4,2015-12-31,2015-12-31,5116000.0,11791000.0,1584000.0,0.18,5296000.0,0.4491561360359596,38581000.0,14430000.0,33039000.0,16271000.0,24151000.0,6151000.0,-42769000.0,95980392.89871481,86549392.89871481,0.5713806480858273,2.0305451416630818,0.10748814183147146,0.2873873873873874,0.07343375970933666,0.5713806480858273,0.3545391545391545,8.140140183081572,4.690206846106079,6.651447879328815,,1.0559258657128923,,0.30561675436095487,1.618831049105771,0.13260413156735182,0.0,0.4491561360359596,1.9473684210526316,1.3164515922183289,-0.34452350287790073,-0.2755126428536041,1.0559006211180124,2.0592132505175984,7.163424124513619,4.3683972296802285,-0.09540006114318443,0.2782566448988944,Medical Devices,Healthcare,EDAP
2015Q3,2015,Q3,2015-09-30,2015-09-30,-4830000.0,6407000.0,-257000.0,-0.19,2576000.0,0.4020602466052755,0.0,8914000.0,27003000.0,12570000.0,0.0,0.0,0.0,124856168.283392,124856168.283392,0.3569490459041118,2.1482100238663486,0.0,0.0,-0.029017330439175027,0.3569490459041118,-0.5418442898810859,19.487461882845636,-6.462534590237681,14.006749863517165,,0.0,,0.0,0.0,0.0,0.0,0.4020602466052755,-10.5,-0.1572690233368421,-0.45863246085179143,0.0,-0.226890756302521,-10.917864476386036,-0.18433179723502305,-6.119261731391441,-0.1750476935474912,-0.26337558741258044,Medical Devices,Healthcare,EDAP
2015Q2,2015,Q2,2015-06-30,2015-06-30,487000.0,7837000.0,-217000.0,0.02,3332000.0,0.42516268980477223,33901000.0,13382000.0,28442000.0,13942000.0,20519000.0,6023000.0,-43055000.0,73240323.161915,66275323.161915004,0.536177045644445,2.04002295223067,0.1146278870829769,0.29039007622179047,-0.011307442952939707,0.536177045644445,0.03639216858466597,9.345454020915529,37.59770182849846,5.473047613354879,,0.74796612983563,,0.23117312173682192,1.57861139004447,0.014365357954042654,0.0,0.42516268980477223,1.2,1.2132259472480176,-0.41665305969323896,-0.4281870991986087,0.29147286821705426,1.1995901639344262,0.6511254019292605,1.1193859566632416,-0.06401938290020409,0.02471796280373648,Medical Devices,Healthcare,EDAP
2015Q1,2015,Q1,2015-03-31,2015-03-31,-2440000.0,6217000.0,-622000.0,-0.1,2580000.0,0.41499115328936786,0.0,12829000.0,26792000.0,12021000.0,0.0,0.0,0.0,83907886.53820981,83907886.53820981,0.5153440486921191,2.228766325596872,0.0,0.0,-0.04908743772618377,0.5153440486921191,-0.19019409151141944,13.496523490141517,-8.597119522357563,6.540485348679539,,0.0,,0.0,0.0,0.0,0.0,0.41499115328936786,0.09090909090909087,0.5856414208362997,-0.36946336479998715,-0.5002729716944097,0.06260296540362438,0.07505686125852919,0.39552964042759964,0.3822941694627923,-0.057361552254383955,-0.30909259906760816,Medical Devices,Healthcare,EDAP
2014Q4,2014,Q4,2014-12-31,2014-12-31,-2638000.0,6478000.0,-1029000.0,-0.11,2428000.0,0.3748070392096326,32154000.0,15141000.0,26615000.0,12158000.0,17013000.0,5908000.0,-41102000.0,48065799.259417996,40079799.259417996,0.6089179269845432,2.189093600921204,0.09815264041798843,0.20844065781652465,-0.05567353171705126,0.6089179269845432,-0.17422891486691763,7.419851691790367,-4.55513639683643,3.174545885966449,,0.6855111712931619,,0.20146793556011694,1.6683665076492844,-0.08204266965229831,0.0,0.3748070392096326,-1.423076923076923,-1.6782266572428042,-0.66422316480414,-0.4958850339575381,-0.28734957440563547,-1.4026866127308808,-4.035398230088496,-1.427805656420021,-0.5420067019078004,-0.07561303756508514,Medical Devices,Healthcare,EDAP
2014Q3,2014,Q3,2014-09-30,2014-09-30,6551000.0,6911000.0,339000.0,0.26,3407000.0,0.49298220228621037,0.0,17778000.0,27578000.0,11622000.0,0.0,0.0,0.0,25725552.792709198,25725552.792709198,0.7151457844674182,2.372913440027534,0.0,0.0,0.01899313057279197,0.7151457844674182,0.3684891438857014,3.7224067128793514,0.9817414437761105,1.4470442565366857,,0.0,,0.0,0.0,0.0,0.0,0.49298220228621037,2.1304347826086953,1.4757852526743687,-0.37442962810940705,-0.3027974656190857,0.8896283971159179,2.2442545109211776,1.2113466334164589,3.0018784256944624,-0.39905477834734676,0.012010703158154772,Medical Devices,Healthcare,EDAP
2014Q2,2014,Q2,2014-06-30,2014-06-30,-5265000.0,5632000.0,-1604000.0,-0.23,1803000.0,0.3201349431818182,32584000.0,11281000.0,27473000.0,11484000.0,21303000.0,5127000.0,-45016000.0,82853046.74388601,79145046.74388601,0.4957300465360484,2.392284918146987,0.09501595875276209,0.27444375498626006,-0.10727591548592423,0.4957300465360484,-0.4667139437993086,14.71112335651385,-3.9341427703649576,7.344477151306267,,0.7468305051687146,,0.1728455683771176,1.9123998606757227,-0.16158237171617973,0.0,0.3201349431818182,-6.75,-3.1132991566416206,-0.6516436068660404,-0.6639278900724435,-0.4939657591916924,-7.267857142857143,-3.8745519713261647,-1.0974734036335296,-0.14574436090536616,-0.2520149461690595,Medical Devices,Healthcare,EDAP
2014Q1,2014,Q1,2014-03-31,2014-03-31,840000.0,7764000.0,558000.0,0.04,3563000.0,0.4589129314786193,0.0,10160000.0,22951000.0,12117000.0,0.0,0.0,0.0,45147228.778652,45147228.778652,0.4662759922477027,1.8941157052075597,0.0,0.0,0.0530274232962259,0.4662759922477027,0.08267716535433071,5.8149444588681085,13.436675231741667,4.443624879788582,,0.0,,0.0,0.0,0.0,0.0,0.4589129314786193,2.3333333333333335,1.1196284247977932,-0.36404774358937886,-0.68385105360639,0.09529664924684907,2.473684210526316,1.4581497797356828,1.367640740889385,-0.040896713278344994,-0.37458022994830636,Medical Devices,Healthcare,EDAP
2013Q4,2013,Q4,2013-12-31,2013-12-31,-570000.0,8087000.0,227000.0,-0.03,3253000.0,0.40225052553480894,26874000.0,9284000.0,22125000.0,11589000.0,17590000.0,4698000.0,-40590000.0,46762069.93822,43180069.93822,0.4260734559082354,1.9091379756665803,0.11531591873185978,0.33380008616975443,0.019002595068048942,0.4260734559082354,-0.06139595002154244,5.782375409697045,-20.509679797464916,5.036845103211978,0.0,1.0289484887186036,0.0,0.30092282503535017,1.4732073517991198,-0.0212100915382898,-126.383972806,0.40225052553480894,-0.4999999999999999,-1.0681579121069027,-0.6150203856082388,-0.7681053020299546,0.45158411423471667,-0.5281501340482574,1.6816816816816818,0.959135917176896,-0.4789443869256648,-0.45975623596054793,Medical Devices,Healthcare,EDAP
2013Q3,2013,Q3,2013-09-30,2013-09-30,-373000.0,5563000.0,-333000.0,-0.02,2241000.0,0.4028401941398526,0.0,10011000.0,20873000.0,10596000.0,0.0,0.0,0.0,40773671.585262,40773671.585262,0.45943788960548737,1.9698942997357494,0.0,0.0,-0.0361727464220844,0.45943788960548737,-0.03725901508340825,7.3294394365022475,-27.328198113446383,4.072886982845071,,0.0,,0.0,0.0,0.0,0.0,0.4028401941398526,-1.0,0.9598786879609192,-0.4770745337523194,-0.6720073396883967,0.37653562653562656,-0.9128205128205128,0.7716049382716049,0.8975736301658008,-0.46128099266839884,0.0,Medical Devices,Healthcare,EDAP
2013Q2,2013,Q2,2013-06-30,2013-06-30,-195000.0,4502000.0,-1458000.0,-0.01,1628000.0,0.3616170590848512,26939000.0,9906000.0,21470000.0,10902000.0,17033000.0,5060000.0,-39648000.0,41482438.59211754,38927438.59211754,0.4972142000882096,1.9693634195560448,0.1034559560488511,0.2813446396123562,-0.11535108114392002,0.4972142000882096,-0.01968503937007874,9.214224476258893,-53.182613579637874,4.187607368475423,0.0,0.5679841897233202,0.0,0.167118304317161,1.4749587231700605,-0.007238576042169345,-18.518945800052474,0.3616170590848512,0.9523809523809523,-1.0900362212496293,-0.5610616986676451,-0.7272607886746721,-0.2589895311788803,0.949781097089879,-0.22418136020151133,0.893044355180142,-0.5802017962312462,-0.4697395265581375,Medical Devices,Healthcare,EDAP
2013Q1,2013,Q1,2013-03-31,2013-03-31,-3883000.0,5927000.0,-1191000.0,-0.21,2197000.0,0.37067656487261685,0.0,4190000.0,22249000.0,12292000.0,0.0,0.0,0.0,59899027.461408004,52611027.461408004,0.22387246685498668,1.8100390497884804,0.0,0.0,-0.28795611779876673,0.22387246685498668,-0.9267303102625298,10.106129148204488,-3.8564915955065673,14.29571061131456,,0.0,,0.0,0.5929059550927432,0.0,0.0,0.37067656487261685,-2.491828169398907,-2.851779044627404,-0.3300882641720469,0.0,-0.435073283620468,-2.536429872495446,-5.707509881422925,0.1229262740078014,-0.2004482344700443,-0.7829117792961618,Medical Devices,Healthcare,EDAP
2012Q4,2012,Q4,2012-12-31,2012-12-31,-1098000.0,9423000.0,253000.0,-0.06014041636995843,3889000.0,0.4127135731720259,30444000.0,8161000.0,24729000.0,13124000.0,22283000.0,4263000.0,-35569000.0,28082607.03768,29127607.03768,0.446999943529354,1.884257848217007,0.2656024175535409,0.9908099497610587,0.015065725308307507,0.446999943529354,-0.1345423354981007,2.980219360891436,-6.3940362107650275,3.441074260223012,,1.2981468449448745,,0.3095191170674024,1.526363913441024,-0.036066219944816715,0.0,0.4127135731720259,-1.004680545665281,0.7307318608636526,-0.3300117640845179,-0.7179531317153082,0.729982206405694,-1.2137096774193548,1.7441176470588236,-1.3844698551077357,-0.33478984794765965,-0.629934755790163,Medical Devices,Healthcare,EDAP
2012Q3,2012,Q3,2012-09-30,2012-09-30,-496000.0,5678000.0,-340000.0,-0.03,2248000.0,0.39591405424445225,24831000.0,8847000.0,24831000.0,12968000.0,15984000.0,0.0,0.0,24349505.912824,24349505.912824,0.4845740105874519,1.91479025293029,0.0,0.0,-0.04443316752574128,0.4845740105874519,-0.05606420255453826,4.288394841990842,-12.272936447995969,2.752289579837685,,0.0,,0.22866578067737908,0.0,-0.019975031210986267,0.0,0.39591405424445225,0.8125,0.8278929776397733,-0.392059887383637,-0.7276431858445286,-0.06020066889632107,0.8337801608579088,0.6371398078975453,0.9509501749162251,-0.30018527538785306,-0.5275841155544313,Medical Devices,Healthcare,EDAP
2012Q2,2012,Q2,2012-06-30,2012-06-30,-2984000.0,6125000.0,-937000.0,-0.16,2392000.0,0.39053061224489793,30875000.0,9553000.0,25834000.0,13075000.0,21322000.0,4459000.0,-33973000.0,28469880.312556,27558880.312556,0.5232435314956401,1.975831739961759,0.1180242914979757,0.38145085313514077,-0.06491494894539925,0.5232435314956401,-0.31236260860462683,4.648143724498938,-2.385211152191354,2.9802031102853555,0.0,0.837183224938327,0.0,0.19838056680161945,1.5940344168260039,-0.09664777327935223,-237.24900260463332,0.39053061224489793,0.0,-1.0332768592143442,-0.48342497456329075,0.0,0.2576235541535226,-0.030031066620642043,0.06858846918489066,-1.9057429102749903,-0.5277916317299246,-0.645275571120948,Medical Devices,Healthcare,EDAP
2012Q1,2012,Q1,2012-03-31,2012-03-31,-2897000.0,4837000.0,-1006000.0,-0.16,1902000.0,0.39321893735786645,0.0,13618000.0,26754000.0,13744000.0,0.0,0.0,0.0,26054771.72557,26054771.72557,0.7458945265264971,1.9465948777648427,0.0,0.0,-0.07580926184515327,0.7458945265264971,-0.21273314730503745,5.386556073096961,-2.2484269697592336,1.9132597830496403,,0.0,,0.0,0.0,0.0,0.0,0.39321893735786645,-2.661465190311419,-0.18913909518061373,-0.48556294892515417,0.0,-0.3204715969989282,-4.0121107266435985,-1.7043010752688172,0.5075996683559161,-0.5271430064258357,-0.49426139753547543,Medical Devices,Healthcare,EDAP
2011Q4,2011,Q4,2011-12-31,2011-12-31,-578000.0,7524000.0,-372000.0,-0.04369835344150616,2799000.0,0.37200956937799046,32549000.0,8713000.0,27051000.0,20695000.0,23836000.0,3920000.0,-28093000.0,17253481.8688128,25309481.8688128,0.6587262171900401,1.3071273254409277,0.3980460229192909,1.486973487891656,-0.029970423484024098,0.6587262171900401,-0.06633765637553081,2.2931262451904306,-7.462578662981314,1.9801999160808905,0.0,1.2053571428571428,0.0,0.2311591753970936,1.0864460014496256,-0.0177578420227964,8.294943206160001,0.37200956937799046,-1.6242621920215166,0.658091410291014,0.0010233608795458553,-0.6942396371517175,0.09378663540445487,-1.6636050516647531,-0.9076923076923077,-1.1138563215221977,-0.40995251371219316,-0.6414817326401716,Medical Devices,Healthcare,EDAP
2011Q3,2011,Q3,2011-09-30,2011-09-30,871000.0,6119000.0,-195000.0,0.07,2559000.0,0.41820558914855366,25915000.0,9347000.0,25915000.0,12530000.0,16568000.0,0.0,0.0,17037820.223515,17037820.223515,0.7066583211379898,2.0682362330407025,0.0,0.0,-0.020056369681953415,0.7066583211379898,0.09318497913769123,2.784412522228305,4.890304312145522,1.8228116212169683,,0.0,,0.23611807833301177,0.0,0.03360987844877484,0.0,0.41820558914855366,1.6345976853776856,1.696423779594565,-0.17691725726916513,0.0,0.6791338582677166,1.6036036036036037,0.8452380952380952,1.1543378114622804,-0.052456682436177605,-0.49551670002575193,Medical Devices,Healthcare,EDAP
2011Q2,2011,Q2,2011-06-30,2011-06-30,-1443000.0,3790000.0,-1260000.0,-0.11030610670812484,1524000.0,0.4021108179419525,30768000.0,8670000.0,24990000.0,12235000.0,22098000.0,4660000.0,-28384000.0,29634999.4026144,36314999.4026144,0.6627539467494403,2.0425010216591746,0.3513065522620905,1.246712802768166,-0.06272643098166182,0.6627539467494403,-0.16643598615916955,7.819261056098786,-5.134268780771726,3.418108350935917,0.0,0.48626609442060087,0.0,0.12317992719708788,1.595096035962403,-0.046899375975039,-10.11433426710389,0.4021108179419525,-6.515305335406242,-0.016309683460539032,-0.5553877573300925,-0.6767212795650821,-0.22874493927125505,-7.774647887323944,-0.8805970149253731,-2.014698468731177,-0.4372374051468467,-0.6364565036414432,Medical Devices,Healthcare,EDAP
2011Q1,2011,Q1,2011-03-31,2011-03-31,213000.0,4860000.0,-670000.0,0.02,1976000.0,0.4065843621399177,0.0,9753000.0,27590000.0,13814000.0,0.0,0.0,0.0,32331801.592652068,32331801.592652068,0.7455408584368272,1.9972491675112205,0.0,0.0,-0.056230594526503475,0.7455408584368272,0.021839434020301446,6.6526340725621536,37.948123935037636,3.315062195493906,,0.0,,0.0,0.0,0.0,0.0,0.4065843621399177,1.0312426273532669,1.2042264505183962,-0.44183167896941494,0.0,-0.34699272967614014,1.029485049833887,-0.8157181571815718,-0.8546724535630967,-0.21410325247574657,0.0,Medical Devices,Healthcare,EDAP
2010Q4,2010,Q4,2010-12-31,2010-12-31,-7224000.0,8038000.0,-369000.0,-0.640151027436196,3026000.0,0.3764618064195073,35938000.0,8900000.0,29865000.0,14658000.0,27038000.0,3917000.0,-27151000.0,47850060.640030794,54861060.640030794,0.7886689014648595,2.0374539500614,0.4001335633591185,1.6157303370786518,-0.014978277206271273,0.7886689014648595,-0.8116853932584269,5.952980920630853,-1.6559406367674,5.376411307868628,0.0,1.279550676538167,0.0,0.22366297512382435,1.7041206167280667,-0.20101285547331516,-17.65684894466081,0.3764618064195073,-2.7655942790364465,-52.61589535497948,-0.009101633155118282,-0.6464540335825855,0.35877862595419846,-2.8303287380699893,0.5370138017565872,-1.866163660450968,-0.07537292350692082,-0.5023677363013263,Medical Devices,Healthcare,EDAP
2010Q3,2010,Q3,2010-09-30,2010-09-30,-1886000.0,5348000.0,-797000.0,-0.17,2227000.0,0.4164173522812266,,,,,,,,19956216.3422026,,,0.0,0.0,0.0,0.0,,0.0,3.7315288597985417,-2.6453096954139186,0.0,,0.0,,0.0,0.0,0.0,0.0,0.4164173522812266,-0.8888888888888891,-1.244861357817,-0.19462296792091044,0.0,-0.10454362685967028,-0.8526522593320236,0.3704581358609795,-0.05876413632844382,-0.07360238318506471,0.0,Medical Devices,Healthcare,EDAP
2010Q2,2010,Q2,2010-06-30,2010-06-30,-1018000.0,5988000.0,-1266000.0,-0.09,2487000.0,0.4153306613226453,39360000.0,10431000.0,32564000.0,15244000.0,28929000.0,4766000.0,-18043000.0,21193386.1376972,31245386.1376972,0.9376791689956576,2.136184728417738,0.3809959349593496,1.4376378103729268,-0.1811550983349352,0.9376791689956576,-0.09759371105359026,3.5393096422340014,-5.20466260748949,2.0317693545870195,0.0,0.7345782626940831,0.0,0.1521341463414634,1.7501311991603254,-0.025863821138211382,-14.319855498444054,0.4153306613226453,0.625,-0.7418224129297032,-0.18107900179009148,0.0,0.4493006993006993,0.6067979915025106,0.08526011560693642,-0.13843885386135776,-0.17115497197544818,0.0,Medical Devices,Healthcare,EDAP
2010Q1,2010,Q1,2010-03-31,2010-03-31,-2589000.0,4335000.0,-1384000.0,-0.24,1716000.0,0.3958477508650519,0.0,11287000.0,31875000.0,13341000.0,0.0,0.0,0.0,25604065.607383996,25604065.607383996,1.0312511021056454,2.3892511805711716,0.0,0.0,-0.12597503377933503,1.0312511021056454,-0.2293789315141313,5.9063588483008065,-2.4723894947261487,2.2684562423481878,,0.0,,0.0,0.0,0.0,0.0,0.3958477508650519,-2.5342887661141806,-12.11071126236876,-0.4040350938181248,0.0,-0.5330612244897959,-2.589318600368324,-14.97979797979798,-0.7727113407313123,-0.23092788552373233,0.0,Medical Devices,Healthcare,EDAP
2009Q4,2009,Q4,2009-12-31,2009-12-31,1629000.0,8080000.0,99000.0,0.1564242698640338,3675000.0,0.45482673267326734,40378000.0,12579000.0,33248000.0,15175000.0,27799000.0,3794000.0,-14436000.0,19989071.438325,24459071.438325,1.2078949604786255,2.1909719934102143,0.397741344296399,1.276731059702679,0.003100720908184247,1.2078949604786255,0.1295015502027188,2.4738949799907175,3.0676905215354515,1.5890827123241118,0.0,1.1610437532946758,0.0,0.20010897023131408,1.860164744645799,0.040343751547872606,-9.211553658214285,0.45482673267326734,1.2844077633891524,4.191145972783808,0.025051599510070993,-0.47637078343915806,1.1655863288155568,1.2824202496532593,1.0655195234943746,2.223908849953826,0.36537706732847886,-0.4393324696047326,Medical Devices,Healthcare,EDAP
2009Q3,2009,Q3,2009-09-30,2009-09-30,-5768000.0,4628000.0,-1511000.0,-0.55,1697000.0,0.3666810717372515,29881000.0,10682000.0,29881000.0,12285000.0,19199000.0,0.0,0.0,28424347.218399998,28424347.218399998,1.0257360654927004,2.4323158323158323,0.0,0.0,-0.1402854871363131,1.0257360654927004,-0.5399737876802096,6.141820920138288,-1.2319845361650485,2.6609574254259503,,0.0,,0.1548810280780429,0.0,-0.1930323617014156,0.0,0.3666810717372515,-8.77815612244898,-15.907211586358617,-0.36178303872038353,0.0,-0.4651749133312323,-9.7012987012987,-1.9057692307692307,-4.8576916435187085,-0.20931734702524946,0.0,Medical Devices,Healthcare,EDAP
2009Q2,2009,Q2,2009-06-30,2009-06-30,-539000.0,6808000.0,-520000.0,-0.056247823527514944,3173000.0,0.466069330199765,40036000.0,14135000.0,32471000.0,12975000.0,25901000.0,4495000.0,-10296000.0,10238665.229745,18947665.229745,1.4750704741399328,2.502581888246628,0.3341242881406734,0.9463742483197736,-0.018085684381964902,1.4750704741399328,-0.03813229571984436,1.503916749375,-4.748917082442023,0.7243484421467987,0.0,0.8086763070077865,0.0,0.17004695773803577,2.0759922928709056,-0.013462883404935557,-5.5344136377,0.466069330199765,0.8242255514765158,0.13047021801784717,0.06548789197558977,0.0,0.4917724494593324,0.8254533678756477,0.5902285263987391,0.4817584499119817,0.09029867973522264,-0.2804887880787445,Medical Devices,Healthcare,EDAP
2009Q1,2009,Q1,2009-03-31,2009-03-31,-3088000.0,5369000.0,-1269000.0,-0.32,2127000.0,0.3961631588750233,35392000.0,14133000.0,35392000.0,14506000.0,21259000.0,0.0,0.0,10850705.444655,10850705.444655,1.4748617623643203,2.439818006342203,0.0,0.0,-0.09105782190931402,1.4748617623643203,-0.2184957192386613,2.0209918876243247,-0.8784573708431832,0.7677567002515389,,0.0,,0.1517009493670886,0.0,-0.08725135623869801,0.0,0.3961631588750233,-1.8337619159008631,-192.09736010708016,-0.22908891690294547,-0.3969008146660502,-0.35251141552511417,-1.859927596769702,-1.9580419580419581,-3.0419730129515554,-0.1582055636285322,0.0,Medical Devices,Healthcare,EDAP
2008Q4,2008,Q4,2008-12-31,2008-12-31,3591000.0,9020000.0,-429000.0,0.38380261067003324,3285000.0,0.3641906873614191,43863000.0,17191000.0,35786000.0,14457000.0,26672000.0,4023000.0,-6668000.0,9637497.2956608,9695497.2956608,1.8373574714643668,2.4753406654215953,0.31655381528851195,0.8076900703856669,-0.014565268429836714,1.8373574714643668,0.20888837182246525,1.06845868022847,0.6709480155709273,0.5606129542005003,0.0,1.4255530698483718,0.0,0.20564028908191415,2.1119181019575293,0.08186854524314342,-9.73484575319273,0.3641906873614191,1.8925642108605425,1.6625910872262188,0.461107169815868,-0.24462406116248062,0.6565809379727685,1.8995490981963927,0.6786516853932584,29.946315072948728,0.3411441456360054,-0.17634596508548858,Medical Devices,Healthcare,EDAP
2008Q3,2008,Q3,2008-09-30,2008-09-30,-3992000.0,4568000.0,-1335000.0,-0.43,1983000.0,0.43410683012259194,32094000.0,13106000.0,32094000.0,12321000.0,18988000.0,0.0,0.0,12942950.07876,-1129049.92124,1.400756618056657,2.6048210372534695,0.0,0.0,-0.10415780658589609,1.400756618056657,-0.3045933160384557,2.833395376260946,-0.8105554909043086,0.9875591392308866,,0.0,,0.14233190004362187,1.142115088061034,-0.12438462017822646,0.0,0.43410683012259194,-4.980486359891509,-2.0595488018758017,-0.16861769612928887,0.0,0.03468938342948359,-4.991208543345854,0.09249529295662484,-4.730944178453005,-0.17029874570343195,0.0,Medical Devices,Healthcare,EDAP
2008Q2,2008,Q2,2008-06-30,2008-06-30,1000198.3,4736644.3,-1471066.75,0.108027,1916517.1999999997,0.40461497182720685,39586628.65,16773338.2,31088755.8,11591243.45,22813290.45,4554905.6,-6273797.85,17700486.2423532,27055581.1423532,1.823038930383663,2.6820897977084592,0.3056005907186542,0.7212456432792848,-0.05400161014403487,1.823038930383663,0.0596302470071223,3.7369253676813354,4.424244232956904,1.055275105724226,0.0,0.6191406250000001,0.0,0.11965263174791724,2.2032783290389784,0.025266064176445096,-4.392180209020645,0.40461497182720685,0.0035766708162241175,1.4069141975637425,-0.14703082176090507,0.0,0.012634591548216775,-0.029718693997978163,0.011798058387509351,3.06914213802975,-0.21678841187128434,0.0,Medical Devices,Healthcare,EDAP
2008Q1,2008,Q1,2008-03-31,2008-03-31,1030833.32,4349382.11,-1488629.69,0.107642,1892604.9100000001,0.4351433978745087,,,,,,,,20610965.384466,,,0.0,0.0,0.0,0.0,,0.0,4.738826082233092,4.998617376974679,0.0,,0.0,,0.0,0.0,0.0,0.0,0.4351433978745087,1.4819481271066355,1.6145888514427043,-0.1610630533360949,0.0,-0.37511554645193107,1.5036965405985956,-0.9945465393887485,7.209736745134931,-0.28870511225976075,0.0,Medical Devices,Healthcare,EDAP
2007Q4,2007,Q4,2007-12-31,2007-12-31,-2046536.43,7058690.22,-746349.94,-0.2233476881552093,3028727.7899999996,0.42907787360018185,45074004.66,14521925.51,36181014.24,12904644.05,30552079.15,4312750.56,-8277765.03,30122689.123968,27493063.543968003,1.5848427825057865,2.803720435822482,0.3310356371161631,1.0274878382846078,-0.02458244897009911,1.5848427825057865,-0.14092734662429762,4.267461552373947,-3.679715723893564,2.0742902932001064,0.0,0.9344297505580755,0.0,0.15660224276153767,2.3778368323146424,-0.04540391841011981,111.04960758774193,0.42907787360018185,-0.4165246310732294,0.3226638137682828,-0.12369027049709479,-0.565752065962761,0.6578441833332336,-0.4149278194318475,-1.5000200249209437,-3.5564225820365944,0.017741348010185586,-0.3129617957452395,Medical Devices,Healthcare,EDAP
2007Q3,2007,Q3,2007-09-30,2007-09-30,-1446389.28,4687450.53,1492640.1,-0.157673,1826907.3900000001,0.38974435640603977,31621545.48,16302713.28,24737181.0,12693747.78,15318832.2,4400134.83,-6227042.22,36945295.536839195,35788324.2668392,1.7791881289624683,1.9487689080269406,0.11563691162131016,0.22429504814305365,0.06955723995444112,1.7791881289624683,-0.08872077028885833,7.881746228656026,-6.385780102165717,2.2662053182376276,0.0,0.650103519668737,0.0,0.1482359719882989,1.5338964336976924,-0.045740625831043345,-24.630197024559465,0.38974435640603977,-0.9402564481197087,0.20874297395092897,-0.03342164659797846,0.0,0.0,-0.963725522846814,-0.7491695202572478,-3.818488865779773,-0.26533285477982343,0.0,Medical Devices,Healthcare,EDAP
2007Q2,2007,Q2,2007-06-30,2007-06-30,-736553.69,5950792.35,5950792.35,-0.081264,0.0,0.0,,,,,,,,45354676.365313,,,0.0,0.0,0.0,0.0,,0.0,7.621619726877716,-15.39421938314945,0.0,0.0,0.0,0.0,0.0,0.0,0.0,-21.91047167406425,0.0,0.3968828855573697,0.4340431261239537,0.12670671704083647,0.0,0.0,0.3827096666335458,0.29220629616666327,-0.24263943093508944,-0.026022796096325466,0.0,Medical Devices,Healthcare,EDAP
2007Q1,2007,Q1,2007-03-31,2007-03-31,-1193204.64,4605141.12,4605141.12,-0.13474,0.0,0.0,,,,,,,,43307778.076682396,,,0.0,0.0,0.0,0.0,,0.0,9.404223876788036,-9.073837090652447,0.0,,0.0,,0.0,0.0,0.0,0.0,0.0,-0.05424483416876546,-1.8975298676228323,-0.2098284536918336,0.0,-1.0,-0.04214712356110086,3.534219315481948,-78.95801714170524,-0.2913988284773833,0.0,Medical Devices,Healthcare,EDAP
