Quarters,Year,Quarter,FillingDate,Date,NetIncome,Revenue,OperatingIncome,EPSDiluted,GrossProfit,GrossProfitRatio,TotalAssets,CommonStockEquity,CurrentAssets,CurrentLiability,TotalLiability,Inventory,RetainedEarnings,MarketCap,EnterpriseValue,bookValuePerShare,currentRatio,debtToAssets,debtToEquity,roic,shareholdersEquityPerShare,roe,priceToSalesRatio,peRatio,pbRatio,payoutRatio,inventoryTurnover,dividendYield,assetTurnover,quickRatio,returnOnAssets,priceToFreeCashFlowsRatio,grossProfitMargin,epsdilutedGrowth,fiveYNetIncomeGrowthPerShare,fiveYRevenueGrowthPerShare,fiveYShareholdersEquityGrowthPerShare,grossProfitGrowth,netIncomeGrowth,operatingIncomeGrowth,threeYNetIncomeGrowthPerShare,threeYRevenueGrowthPerShare,threeYShareholdersEquityGrowthPerShare,Industry,Sector,Symbol
2023Q1,2023,Q1,2023-05-03,2023-03-31,0.0,1010000000.0,5000000.0,0.0,251000000.0,0.2485148515,2018000000.0,585000000.0,1029000000.0,820000000.0,1433000000.0,0.0,2000000.0,2290024000.0,2779024000.0,5.017152658662092,1.2548780487804878,0.3022794846382557,1.0427350427350428,0.0,5.017152658662092,0.0,2.267350495049505,0.0,3.9145709401709405,0.0,0.0,0.0,0.5004955401387512,1.198780487804878,0.0,76.33413333333333,0.2485148514851485,1.0,-1.0,-0.23999625249707143,0.0,-0.09712230215827339,1.0,0.6666666666666666,-1.0,-0.23999625249707143,0.0,Trucking,Industrials,RXO
2022Q4,2022,Q4,2023-02-24,2022-12-31,-4000000.0,1120000000.0,3000000.0,-0.0345,278000000.0,0.2482142857,2038000000.0,589000000.0,1037000000.0,839000000.0,1449000000.0,0.0,2000000.0,1992585600.0,2511585600.0,5.084248325391893,1.2359952324195471,0.302747791952895,1.0475382003395586,0.0014619883040935674,5.084248325391893,-0.006791171477079796,1.7790942857142857,-124.53659999999998,3.382997623089983,0.0,0.0,0.0,0.549558390578999,1.197854588796186,-0.001962708537782139,34.354924137931036,0.24821428571428572,-1.3136363636363637,-1.0946343722973617,-0.1613412070708562,-0.4530221724551088,-0.010676156583629894,-1.3076923076923077,-0.8888888888888888,-1.0946343722973617,-0.1613412070708562,-0.4530221724551088,Trucking,Industrials,RXO
2022Q3,2022,Q3,2022-11-30,2022-09-30,13000000.0,1138000000.0,27000000.0,0.11,281000000.0,0.2469244288,2237000000.0,1144000000.0,1225000000.0,888000000.0,1093000000.0,0.0,0.0,2417386209.0,2407386209.0,9.938006558719472,1.3795045045045045,0.07912382655341976,0.1547202797202797,0.015736381977135172,9.938006558719472,0.011363636363636364,2.1242409569420033,46.488196326923074,2.113099833041958,0.0,0.0,0.0,0.5087170317389361,1.3502252252252251,0.00581135449262405,57.5568145,0.2469244288224956,-0.7105263157894737,-0.6060606060606061,-0.050083472454090186,0.0,-0.12732919254658384,-0.7045454545454546,-0.5344827586206896,-0.6060606060606061,-0.050083472454090186,0.0,Trucking,Industrials,RXO
2022Q2,2022,Q2,2022-06-30,2022-06-30,44000000.0,1226000000.0,58000000.0,0.38,322000000.0,0.2626427406,2372000000.0,1199000000.0,1351000000.0,957000000.0,1173000000.0,0.0,0.0,2417386209.0,2379386209.0,10.415795335580984,1.4117032392894462,0.0733558178752108,0.1451209341117598,0.027960075816506526,10.415795335580984,0.03669724770642202,1.971766891517129,13.735148914772727,2.0161686480400336,0.0,0.0,0.0,0.5168634064080945,1.3782654127481713,0.01854974704890388,38.99010014516129,0.2626427406199021,0.11764705882352934,0.2571428571428571,0.11555959963603273,0.0,0.10652920962199312,0.1282051282051282,0.13725490196078433,0.2571428571428571,0.11555959963603273,0.0,Trucking,Industrials,RXO
2022Q1,2022,Q1,2022-03-31,2022-03-31,39000000.0,1312000000.0,51000000.0,0.34,291000000.0,0.2217987805,,,,,,,,2417386209.0,,,0.0,0.0,0.0,0.0,,0.0,1.8425199763719513,15.496065442307692,0.0,0.0,0.0,0.0,0.0,0.0,0.0,26.564683615384617,0.22179878048780488,-0.055555555555555455,0.0,0.0,0.0,0.05434782608695652,-0.07142857142857142,-0.07272727272727272,0.0,0.0,0.0,Trucking,Industrials,RXO
2021Q4,2021,Q4,2021-12-31,2021-12-31,42000000.0,1327000000.0,55000000.0,0.36,276000000.0,0.2079879427,2068000000.0,1070000000.0,1083000000.0,816000000.0,998000000.0,0.0,0.0,2417386209.0,2523386209.0,9.295163477123982,1.3272058823529411,0.06528046421663443,0.1261682242990654,0.03134328358208955,9.295163477123982,0.03925233644859813,1.8216926970610399,14.389203625,2.2592394476635516,0.0,0.0,0.0,0.6416827852998066,1.2732843137254901,0.020309477756286266,89.53282255555555,0.2079879427279578,0.24137931034482762,0.0,0.0,0.0,0.15,0.2727272727272727,0.4473684210526316,0.0,0.0,0.0,Trucking,Industrials,RXO
2021Q3,2021,Q3,2021-09-30,2021-09-30,33000000.0,1198000000.0,38000000.0,0.29,240000000.0,0.2003338898,,,,,,,,2417386209.0,,,0.0,0.0,0.0,0.0,,0.0,2.0178515934891488,18.313531886363634,0.0,0.0,0.0,0.0,0.0,0.0,0.0,201.44885075,0.2003338898163606,-0.03333333333333337,0.0,0.0,0.0,0.0041841004184100415,-0.05714285714285714,-0.19148936170212766,0.0,0.0,0.0,Trucking,Industrials,RXO
2021Q2,2021,Q2,2021-06-30,2021-06-30,35000000.0,1099000000.0,47000000.0,0.3,239000000.0,0.2174704277,,,,,,,,2417386209.0,,,0.0,0.0,0.0,0.0,,0.0,2.199623484076433,17.26704435,0.0,,0.0,,0.0,0.0,0.0,0.0,0.21747042766151045,0.0,0.0,0.0,0.0,0.0,0.0,0.0,0.0,0.0,0.0,Trucking,Industrials,RXO
