Quarters,Year,Quarter,FillingDate,Date,NetIncome,Revenue,OperatingIncome,EPSDiluted,GrossProfit,GrossProfitRatio,TotalAssets,CommonStockEquity,CurrentAssets,CurrentLiability,TotalLiability,Inventory,RetainedEarnings,MarketCap,EnterpriseValue,bookValuePerShare,currentRatio,debtToAssets,debtToEquity,roic,shareholdersEquityPerShare,roe,priceToSalesRatio,peRatio,pbRatio,payoutRatio,inventoryTurnover,dividendYield,assetTurnover,quickRatio,returnOnAssets,priceToFreeCashFlowsRatio,grossProfitMargin,epsdilutedGrowth,fiveYNetIncomeGrowthPerShare,fiveYRevenueGrowthPerShare,fiveYShareholdersEquityGrowthPerShare,grossProfitGrowth,netIncomeGrowth,operatingIncomeGrowth,threeYNetIncomeGrowthPerShare,threeYRevenueGrowthPerShare,threeYShareholdersEquityGrowthPerShare,Industry,Sector,Symbol
2023Q3,2023,Q3,2023-04-06,2023-02-28,325827000.0,2189986000.0,446812000.0,3.14,1034031000.0,0.4721632924,8466001000.0,3633256000.0,2910156000.0,1388261000.0,4832745000.0,1530299000.0,9368678000.0,44598537580.0,47427056580.0,35.72031382110624,2.096259997219543,0.34456433444786977,0.8028836944052388,0.051687394018495696,35.72031382110624,0.08967906472871716,20.364759217638834,34.21949192362818,12.275088124811464,0.36032618536830896,0.7553785240662119,0.0026324629992497614,0.2586801017387076,0.8821460806001177,0.038486529826774175,128.40393165001583,0.4721632923680791,0.006410256410256416,0.1299230269953479,0.44372691383082735,0.31523467375724257,0.01132968261435556,0.004730290200528535,0.004220850732917691,0.42390719398186405,0.23960068978767166,0.12013176701721161,Specialty Business Services,Industrials,CTAS
2023Q2,2023,Q2,2023-01-06,2022-11-30,324293000.0,2174858000.0,444934000.0,3.12,1022447000.0,0.4701212677,8427007000.0,3430538000.0,2893170000.0,1553737000.0,4996469000.0,1501344000.0,9160346000.0,46933933860.0,49944129860.0,33.75284591241379,1.8620718950504493,0.36786429630353934,0.9036468915371292,0.051648030682757556,33.75284591241379,0.09453123679143038,21.5802290816228,36.181735236344906,13.681216724607042,0.3619011202832007,0.767586242726517,0.002500578799767372,0.25808190262568903,0.7976182584311244,0.03848258343680028,191.8764287729196,0.4701212676873617,-0.07964601769911504,1.4746650764039118,0.4164816248067755,0.40588767725528113,-0.005510100066918779,-0.0778983704352425,0.010937926020176316,0.3477238801454035,0.20653344319824576,0.13009533367749943,Specialty Business Services,Industrials,CTAS
2023Q1,2023,Q1,2022-10-06,2022-08-31,351689000.0,2166454000.0,440120000.0,3.39,1028112000.0,0.4745598106,8261026000.0,3229626000.0,2747790000.0,1599541000.0,5031400000.0,1427605000.0,8953391000.0,41264967520.0,44360027520.0,31.841562487675986,1.7178615615354655,0.3836833342492809,0.981419520402672,0.0570471380045289,31.841562487675986,0.1088946521981183,19.047239184399945,29.333422085990748,12.777011183338256,0.27767430883536304,0.7973788267763142,0.002366535244518714,0.26224999170805174,0.7235456921704414,0.04257207276674834,180.87563566231262,0.4745598106398751,0.20640569395017797,0.6879454758847067,0.4015216080758271,0.31219133601552795,0.08657517742114469,0.19434831777383083,0.08823151252608571,0.43144068055125884,0.22112626221663506,0.08072390609302721,Specialty Business Services,Industrials,CTAS
2022Q4,2022,Q4,2022-07-27,2022-05-31,294461000.0,2074686000.0,404436000.0,2.81,946195000.0,0.4560666048,8147256000.0,3308196000.0,2631983000.0,1432890000.0,4839060000.0,1388856000.0,8719163000.0,40779033750.0,43657004750.0,32.31449084249084,1.8368353467467844,0.3643486837777038,0.8972993135835966,0.048406832186852114,32.31449084249084,0.08900953873349705,19.65552076314199,34.62176124342443,12.326667993673894,0.3334804948702884,0.8125327607757752,0.0024080266492336887,0.2546484362342364,0.7805197886788239,0.03614235271360075,85.71543765725204,0.4560666047777832,-0.06020066889632112,2.596439471439174,0.47083770503646427,0.4779981300904371,0.05348859995056527,-0.0665307752783343,-0.007774683823800002,0.33585879742047053,0.18649287065451378,0.1301759968031339,Specialty Business Services,Industrials,CTAS
2022Q3,2022,Q3,2022-04-07,2022-02-28,315448000.0,1960542000.0,407605000.0,2.99,898154000.0,0.4581151539,8168600000.0,3293900000.0,2686741000.0,2623490000.0,4874700000.0,1368484000.0,8522327000.0,38803584160.0,41747346160.0,31.85959685843618,1.0241094877434258,0.37067526871189677,0.9192440571966362,0.05131850384958175,31.85959685843618,0.09576732748413734,19.79227385080248,30.752758109101975,11.780437827499318,0.3137537724125688,0.7763247505999339,0.002550614901754993,0.24000954875988542,0.4401827336868065,0.038617143696594275,115.46933102416003,0.45811515387071533,0.0755395683453239,1.7172589288604876,0.5555533479410962,0.5371092922159053,0.014701612511452978,0.07051640993793036,0.06903253218073667,0.5767676605505511,0.1844449780949352,0.05293752520354633,Specialty Business Services,Industrials,CTAS
2022Q2,2022,Q2,2022-01-06,2021-11-30,294669000.0,1922281000.0,381284000.0,2.78,885141000.0,0.4604638968,8017410000.0,3563127000.0,2655474000.0,2177928000.0,4454283000.0,1340929000.0,8305076000.0,43758304740.0,46267056740.0,34.3778534627482,1.2192662016375198,0.32702855410912,0.7358485959102777,0.049255141796218344,34.3778534627482,0.08269955014233285,22.763739921478702,37.124964570416296,12.280871476093893,0.3353389735601641,0.773448855233946,0.0022581770611801812,0.239763340031257,0.5407648921360119,0.0367536398911868,161.01819524580512,0.4604638967976066,-0.10610932475884247,1.1256773993195133,0.5009338209125344,0.7812052425647676,-0.019512470700831674,-0.11024249725979002,-0.03252211996417162,0.24566150947854606,0.14926736343295796,0.20914665201949847,Specialty Business Services,Industrials,CTAS
2022Q1,2022,Q1,2021-10-07,2021-08-31,331179000.0,1896950000.0,394101000.0,3.11,902756000.0,0.4758986794591318,7857750000.0,3309203000.0,2477666000.0,2269039000.0,4548547000.0,1310348000.0,8109368000.0,40881062150.0,43585301150.0,32.036429643254756,1.0919450921733826,0.35429836785339314,0.8412865575185324,0.05601230068873692,32.036429643254756,0.10007817592332656,21.550943435514906,30.860246384885514,12.353748666975099,0.23894932951666623,0.7587251630864472,0.0019357373766278234,0.24141134548693965,0.44880586010200796,0.042146797747446785,191.5763973045039,0.4758986794591318,0.2591093117408905,1.4258489196316197,0.4826693602437726,0.6842401680264923,0.050877131715266866,0.23702572071028902,0.10564012501192327,0.611786283057417,0.1554704586810742,0.022906363999034663,Specialty Business Services,Industrials,CTAS
2021Q4,2021,Q4,2021-07-28,2021-05-31,267722000.0,1835662000.0,356446000.0,2.47,859050000.0,0.46797830973240173,8236823000.0,3687847000.0,2843309000.0,1934085000.0,4548976000.0,1291901000.0,7877015000.0,37113376140.0,39336263140.0,35.07458413779329,1.4701055020849652,0.3298027649738255,0.73661597132419,0.04369071228387975,35.07458413779329,0.0725957448885488,20.217979203143063,34.6566364923316,10.063697365969903,0.2969834380439411,0.7559495657949022,0.0021423273296418566,0.2228604402449828,0.7329729562040965,0.03250306580583315,89.89227989778742,0.46797830973240173,0.04219409282700425,1.0645880128283411,0.4574415761302297,1.0202739964631702,0.061189649123673896,0.03614000866926745,0.09182523248832963,0.4617868358437867,0.11764866860412905,0.24273302403599664,Specialty Business Services,Industrials,CTAS
2021Q3,2021,Q3,2021-04-06,2021-02-28,258384000.0,1777056000.0,326468000.0,2.37,809516000.0,0.45553769830551205,8347497000.0,3816510000.0,2978556000.0,1270360000.0,4530987000.0,1310575000.0,7688425000.0,36303448320.0,38454029320.0,36.25655494756042,2.34465505840864,0.3239524374791629,0.708551006023828,0.04179154501956125,36.25655494756042,0.06770164364825455,20.428983847442062,35.12548021549322,9.51221097809255,0.0,0.7382561089598078,0.0,0.21288489232161448,1.2130671620642968,0.03095347024383477,125.57401701833275,0.45553769830551205,-0.09541984732824427,1.2559419686904627,0.497097165424319,1.0050272422164528,-0.012645691341701997,-0.09293434951572192,-0.07482599922918225,-0.1341786884864458,0.13199808616155598,0.33497926297164204,Specialty Business Services,Industrials,CTAS
2021Q2,2021,Q2,2021-01-08,2020-11-30,284857000.0,1757048000.0,352872000.0,2.62,819884000.0,0.4666258406144852,8454753000.0,3597960000.0,3102773000.0,1508472000.0,4856793000.0,1307065000.0,7509544000.0,37306144700.0,39303949700.0,34.26661206297203,2.0568979735785615,0.3194629103889848,0.7506976175388276,0.04736875949749885,34.26661206297203,0.07917180846924368,21.23228545833694,32.741116332054325,10.368693565242527,0.0,0.7169987720580078,0.0,0.20781778012911792,1.1072416325924512,0.033691936358164455,159.50363078212314,0.4666258406144852,-0.057553956834532266,-0.1486086359465238,0.4866157285783219,0.9283213094493474,-0.007645839208618726,-0.05049249179180347,0.009053319073736224,1.1041293093583506,0.10772087287676077,0.42728728017869155,Specialty Business Services,Industrials,CTAS
2021Q1,2021,Q1,2020-10-09,2020-08-31,300005000.0,1746575000.0,349706000.0,2.78,826201000.0,0.4730406653020912,8043381000.0,3604804000.0,2666177000.0,1093350000.0,4438577000.0,1244529000.0,7596514000.0,34693616400.0,36977470400.0,34.624954375180096,2.4385393515342755,0.3363505968447846,0.7504973918138129,0.049818619314954536,34.624954375180096,0.08322366486499683,19.863799951333323,28.910865152247464,9.624272609551033,0.0,0.7395360011699205,0.0,0.2171443824431542,1.1779905794118992,0.03729836992677582,123.2823165704864,0.4730406653020912,1.059259259259259,2.1812223913713393,0.547600288271005,1.0714449579842542,0.1672473227656749,1.0749386174222775,0.6858663478504006,0.40279283013375866,0.10078621102976507,0.42689496341862443,Specialty Business Services,Industrials,CTAS
2020Q4,2020,Q4,2020-07-29,2020-05-31,144585000.0,1619584000.0,207434000.0,1.35,707820000.0,0.43703815300719195,7669885000.0,3235202000.0,2309699000.0,885195000.0,4434683000.0,1179309000.0,7296509000.0,26037032520.0,28597061520.0,31.180265618072823,2.609254458057264,0.3527342326514674,0.836247937532185,0.027034510326860592,31.180265618072823,0.04469118157073345,16.076370549474433,45.02028654424733,8.048039201261622,0.0005948058235639935,0.7731340980184158,3.3029877707430845e-06,0.2111614450542609,1.1475110004010416,0.01885099972163859,82.38941510771333,0.43703815300719195,-0.375,0.505409197297829,0.552832831734378,0.8340070385824587,-0.1414067285706488,-0.3834854170220024,-0.3407510519558115,0.7423706027584289,0.13289113596191152,0.4261210088025803,Specialty Business Services,Industrials,CTAS
2020Q3,2020,Q3,2020-03-31,2020-02-29,234520000.0,1810648000.0,314652000.0,2.16,824395000.0,0.4553038470205142,7901980000.0,3324309000.0,2497706000.0,1066646000.0,4577671000.0,352924000.0,7151838000.0,27806311300.0,30354869300.0,31.889385582042305,2.341644744366922,0.3521900840042622,0.8371661599448186,0.04066148324014652,31.889385582042305,0.0705469918710926,15.357104914925486,29.641727038205698,8.364538705637774,0.0,2.7945194999489975,0.0,0.22913851971278085,1.1257521239474015,0.02967863750604279,92.6920299613982,0.4553038470205142,-0.04845814977973563,1.7546101281584887,0.8198310286645184,0.80930143790565,-0.032844082117244315,-0.047131480578579556,-0.05923507462686567,1.0035400685662899,0.42481241008563464,0.5385464894303483,Specialty Business Services,Industrials,CTAS
2020Q2,2020,Q2,2020-01-09,2019-11-30,246120000.0,1843749000.0,334464000.0,2.27,852391000.0,0.46231401345844797,7887337000.0,3104970000.0,2490287000.0,1297251000.0,4782367000.0,348304000.0,6917310000.0,26723700540.0,29279822540.0,29.867255360286265,1.9196647372019755,0.3528005713461971,0.8961944881915124,0.044061833318535734,29.867255360286265,0.07926646634266998,14.494218323643837,27.144990797172113,8.606749997584519,0.0,2.8462435114153153,0.0,0.23376064697121474,0.9254454226668548,0.031204448345493543,114.68119669049806,0.46231401345844797,-0.02155172413793096,1.3026480657446766,0.8489532320617267,0.5875503266957827,0.003826215167781125,-0.01870723888809148,0.09249835046023792,0.7701100383124051,0.4352809510616865,0.5474995228078943,Specialty Business Services,Industrials,CTAS
2020Q1,2020,Q1,2019-10-08,2019-08-31,250812000.0,1811139000.0,306146000.0,2.32,849142000.0,0.4688441914176659,7661900000.0,3050706000.0,2289818000.0,1122882000.0,4611194000.0,336290000.0,6939240000.0,27314643400.0,30132355400.0,29.463179548593338,2.0392329737229735,0.38108602304911315,0.9571040277234187,0.044830967364501983,29.463179548593338,0.08221441200823679,15.081472708610438,27.226212661276175,8.953548260632129,0.0,2.8606173243331647,0.0,0.2363824899829024,0.9080793885733318,0.03273496130202691,128.74670481433648,0.4688441914176659,0.1262135922330096,1.566415340740155,0.851558120456913,0.5128452451301602,0.03105644363225732,0.1092035609568413,-0.02628724821968697,0.8327694064314973,0.4122083259343262,0.5489575781727491,Specialty Business Services,Industrials,CTAS
2019Q4,2019,Q4,2019-07-26,2019-05-31,226119000.0,1793730000.0,314411000.0,2.06,823565000.0,0.45913543286893793,7436662000.0,3002721000.0,2236280000.0,1127733000.0,4433941000.0,334589000.0,6691236000.0,23296142940.0,26049268940.0,28.592441295777867,1.9829871077639831,0.38320566404658435,0.9490628666466182,0.04205777367018027,28.592441295777867,0.07530469863833503,12.987541569801476,25.75650756902339,7.758344161845207,1.7689800503274825e-05,2.899572311104071,1.717022431697013e-07,0.24120095817182494,0.8993618170258386,0.030405980532663714,70.97484070669742,0.45913543286893793,0.11351351351351349,1.0231177087512084,0.7639939556877114,0.5586823337117963,0.09059356183448918,0.11205700964914869,0.12993836588740543,0.7458342855183132,0.4258443848884611,0.6469066438058696,Specialty Business Services,Industrials,CTAS
2019Q3,2019,Q3,2019-04-05,2019-02-28,203334000.0,1682330000.0,278255000.0,1.85,755153000.0,0.44887328883156097,7433673000.0,3179492000.0,2223756000.0,994351000.0,4254181000.0,339805000.0,6465121000.0,21709528000.0,24383127000.0,30.257822611343737,2.2363893635144936,0.37053795613554696,0.8663201542887984,0.03745379201389769,30.257822611343737,0.06395172562157728,12.90444086475305,26.691955108343908,6.8279863575690705,0.0,2.728556083636203,0.0,0.22631208017893711,1.007137318713412,0.027353099874046116,84.81642763098777,0.44887328883156097,-0.15137614678899083,1.742682771900083,0.6985873025504444,0.6168685054070334,-0.025807641796898182,-0.16327933073539275,0.00948701204469598,0.7784109172059074,0.41977612462685404,0.6732907666942938,Specialty Business Services,Industrials,CTAS
2019Q2,2019,Q2,2019-01-08,2018-11-30,243013000.0,1718268000.0,275640000.0,2.18,775158000.0,0.45112753074607687,7405083000.0,3027244000.0,2215870000.0,1114686000.0,4377839000.0,321874000.0,6261756000.0,19951285500.0,22572714500.0,28.43150035219535,1.9878871718134075,0.36595241403776296,0.8951732995424221,0.036423433379163525,28.43150035219535,0.0802753263364301,11.611276878810523,20.52491584812335,6.590577270943472,0.0,2.930059588534644,0.0,0.23203899267570668,0.923251929242854,0.03281705282709188,183.8895950081109,0.45112753074607687,0.1534391534391536,2.2248768343864094,0.6918254140750726,0.5871416912002057,0.0005756978077014426,0.14350986989153708,0.03925679038412234,-0.283742198228321,0.4336512368577929,0.5999558954939126,Specialty Business Services,Industrials,CTAS
2019Q1,2019,Q1,2018-10-05,2018-08-31,212515000.0,1697975000.0,265228000.0,1.89,774712000.0,0.45625642309221276,7287204000.0,3345968000.0,2104378000.0,679094000.0,3941236000.0,303770000.0,6239535000.0,22795383950.0,25212886950.0,31.319024664201805,3.0988022276739304,0.34798792513562127,0.7578850126480589,0.039699849255842405,31.319024664201805,0.06351375745374732,13.425040975279376,26.81620585605722,6.812791978285507,0.0,3.039348849458472,0.0,0.2330077489253766,1.4186931411557162,0.029162762562980258,231.52629015712444,0.45625642309221276,0.13855421686746988,2.1244649121502768,0.7325632149865774,0.7417911304811162,0.02973929271152062,0.14150431592460694,-0.001024482109227872,1.196008512372827,0.46616128081374447,0.8736670387109468,Specialty Business Services,Industrials,CTAS
2018Q4,2018,Q4,2018-07-27,2018-05-31,186171000.0,1669550000.0,265500000.0,1.66,752338000.0,0.4506232218262406,6958214000.0,3016526000.0,1977932000.0,775857000.0,3941688000.0,280347000.0,5837827000.0,19478697750.0,21875282750.0,28.223748350938912,2.5493512335391704,0.3643620331309155,0.8404731137739241,0.037556168450170686,28.223748350938912,0.06171702150089209,11.667034680003594,26.1569978004093,6.457327982586591,0.0,3.271702568602482,0.0,0.23993944423094776,1.2411320642850423,0.026755572622514916,85.56911991460088,0.4506232218262406,-0.3874538745387454,1.479650053071808,0.693296681959916,0.5690999595583882,0.0740581586750478,-0.38373359373706944,0.3273407191137064,0.8817961140143799,0.5539958947767678,0.6601062276005507,Specialty Business Services,Industrials,CTAS
2018Q3,2018,Q3,2018-04-06,2018-02-28,302095000.0,1589138000.0,200024000.0,2.71,700463000.0,0.4407817319829996,6928593000.0,2893997000.0,1979576000.0,917573000.0,4034596000.0,274819000.0,5651656000.0,18185188280.0,20754885280.0,27.15888999418157,2.157404370006528,0.3929022818918646,0.9406575058647262,0.060367654405500557,27.15888999418157,0.10438677026963054,11.443429255357307,15.049229778711993,6.283761966581168,0.0,3.233673799846444,0.0,0.22935940962328139,1.0758021432627158,0.04360120445810571,83.3109078664657,0.4407817319829996,1.2032520325203253,3.676156215008775,0.7083469836273723,0.5709539767158597,-0.02220364086106462,1.2033199862882815,-0.14959759535055758,2.4713065265430023,0.5625280493273966,0.5409082935127244,Specialty Business Services,Industrials,CTAS
2018Q2,2018,Q2,2018-01-05,2017-11-30,137109000.0,1606441000.0,235211000.0,1.23,716369000.0,0.4459354560796195,6978801000.0,2553033000.0,2043449000.0,1154371000.0,4425768000.0,272830000.0,5349539000.0,16742169600.0,19340389600.0,24.008209516644726,1.7701839356671296,0.4061187587953862,1.1101391952238768,0.029139885268187126,24.008209516644726,0.05370435869806618,10.421901333444552,30.52711638185677,6.557756832755393,0.0,3.2623685078620386,0.0,0.2301886814081674,0.9165069115561635,0.019646498015919927,306.1061469265367,0.4459354560796195,-0.37244897959183676,1.052076465436694,0.7691851290308075,0.4329503263530549,-0.03108663926432976,-0.36877506203645305,-0.055752933572595635,0.25404193697369715,0.5749049407515402,0.2761213041426524,Specialty Business Services,Industrials,CTAS
2018Q1,2018,Q1,2017-10-06,2017-08-31,217211000.0,1611503000.0,249099000.0,1.96,739353000.0,0.4587971601666271,6851606000.0,2565881000.0,1924553000.0,1044795000.0,4285725000.0,283197000.0,5388040000.0,14275957399.999998,16925665399.999998,24.265944770191034,1.8420388688690126,0.4146651164705034,1.1072695888858446,0.03387908948631405,24.265944770191034,0.08465357512682778,8.858784252961364,16.430978863869694,5.56376441463965,0.0,3.079658329713945,0.0,0.2352007689875921,0.9041170755985624,0.0317022023741587,74.41246709651861,0.4587971601666271,1.5789473684210527,2.376057670032819,0.8281185105606624,0.42042192194576783,0.12249381329041857,1.5786312103045053,0.47241646323081743,1.1764158703057566,0.6132368091096041,0.24598294300274387,Specialty Business Services,Industrials,CTAS
2017Q4,2017,Q4,2017-07-31,2017-05-31,84235000.0,1451193000.0,169177000.0,0.76,658670000.0,0.45388173730165454,6844057000.0,2302793000.0,1954478000.0,1130852000.0,4541264000.0,278218000.0,5170830000.0,13258311000.0,16222569000.0,21.86368858295751,1.728323423401117,0.4578459822879909,1.3607493161565107,0.01936077466228847,21.86368858295751,0.03657949281589791,9.13614591580858,39.349174927286754,5.757491446256784,0.00013058704813913457,2.848568388817402,8.296682737341129e-07,0.2120369541048533,0.8593635595108821,0.012307758395349425,58.81264499873576,0.45388173730165454,-0.28971962616822433,0.28295299133683827,0.6492059404396433,0.28894612410940484,0.16285679985311358,-0.28617431464768445,-0.13106653997277792,-0.24853466576737424,0.4229756587925084,0.19187252293368934,Specialty Business Services,Industrials,CTAS
2017Q3,2017,Q3,2017-04-07,2017-02-28,118005000.0,1281135000.0,194695000.0,1.07,566424000.0,0.4421267079581777,4271164000.0,2178258000.0,1629941000.0,943968000.0,2092906000.0,272181000.0,5086584000.0,12402024930.0,13399320930.0,20.726956124575377,1.7266909471507508,0.26796910631387605,0.5254382171441583,0.03840652827045618,20.726956124575377,0.0541740234627854,9.680498097390204,26.274363226134486,5.693551879529422,0.0,2.6258666108214754,0.0,0.2999498497365121,0.8121747771110885,0.027628299920115455,104.57989299176147,0.4421267079581777,-0.1705426356589147,0.9158884773021742,0.5626067231269581,0.22415487600843773,-0.008755274077003711,-0.15937083710294422,-0.04023997081702472,0.5915205768390839,0.293355321451746,0.10757350260277233,Specialty Business Services,Industrials,CTAS
2017Q2,2017,Q2,2017-01-06,2016-11-30,140377000.0,1296923000.0,202858000.0,1.29,571427000.0,0.4406021020523192,4214579000.0,2025705000.0,1600662000.0,748757000.0,2188874000.0,263301000.0,4968437000.0,12028072200.0,12995333200.0,19.300332517126062,2.1377589792148854,0.2635693861711929,0.5483690863180967,0.04210734808807735,19.300332517126062,0.06929784939070595,9.274314820540617,21.421016619531688,5.9377215339844645,0.0,2.755386420864334,0.0,0.30772302524166706,1.0046690715412343,0.03330747863546988,178.0881285164347,0.4406021020523192,0.02380952380952383,1.3336404834672138,0.5729150829169128,0.19078836272725241,-0.02115030816720169,0.016554301149242168,-0.019824991181913502,0.8897999041106396,0.2954333535110853,0.0774092823980177,Specialty Business Services,Industrials,CTAS
2017Q1,2017,Q1,2016-10-11,2016-08-31,138091000.0,1294130000.0,206961000.0,1.26,583774000.0,0.4510937850138703,4167145000.0,1987402000.0,1594748000.0,710859000.0,2179743000.0,262156000.0,4970647000.0,12277797330.0,13387016330.0,19.02129533034082,2.2434097338572068,0.2899894292135263,0.608044069594375,0.046370477543500606,19.02129533034082,0.06948317451627803,9.48729828533455,22.22772905185711,6.177812707242924,0.0,2.709669052014831,0.0,0.31055554822306397,1.0552570903653187,0.0331380357534955,155.39941942588092,0.4510937850138703,0.050000000000000044,1.5284223127565657,0.5989281646740504,0.18121777573816922,0.05428033764479392,0.05495118336414613,0.019813738050655366,1.0759617989989072,0.35021715993736535,0.05785936349796263,Specialty Business Services,Industrials,CTAS
2016Q4,2016,Q4,2016-07-29,2016-05-31,130898000.0,1271405000.0,202940000.0,1.2,553718000.0,0.43551661351025045,4104393000.0,1842659000.0,1590035000.0,815555000.0,2261734000.0,249362000.0,4805867000.0,10061692800.0,11222335800.0,17.361300595462424,1.9496355242748804,0.3167338020506321,0.7055022117494338,0.040644632036914576,17.361300595462424,0.07103756039505953,7.913837683507616,19.216666412015464,5.4604204033410415,0.0,2.878092893063097,0.0,0.30976687661244917,0.949846423601106,0.031892170169864335,99.81045948734227,0.43551661351025045,0.14285714285714277,1.2881198804357714,0.554167583617017,-0.009968510229055599,0.055489050872270344,0.11553506447021927,0.05176416932708653,0.7556625256746033,0.29851570940445316,-0.03479808126496169,Specialty Business Services,Industrials,CTAS
2016Q3,2016,Q3,2016-04-08,2016-02-29,117341000.0,1216083000.0,192952000.0,1.05,524608000.0,0.43139160731627696,4231210000.0,1950106000.0,1758824000.0,858804000.0,2281104000.0,255203000.0,4674975000.0,9057733570.0,10042617570.0,18.0828241054125,2.0479923242090163,0.30724071837606737,0.6666304293202523,0.03930923589633949,18.0828241054125,0.06017160092835979,7.448285659778157,19.297887290035025,4.644739091105817,0.0,2.709509684447283,0.0,0.28740785732686397,1.0917124279812391,0.027732256257666246,-169.08851497162485,0.43139160731627696,-0.6568627450980391,1.6764888258133326,0.7471214908279643,0.06251307816278552,-0.0052938945771710275,-0.6599797160243408,-0.036920573599069625,0.7946896520885989,0.2917301298997162,0.04596632795880296,Specialty Business Services,Industrials,CTAS
2016Q2,2016,Q2,2016-01-08,2015-11-30,345100000.0,1219080000.0,200349000.0,3.06,527400000.0,0.432621320996161,4450792000.0,1924528000.0,2043280000.0,1130981000.0,2526264000.0,251477000.0,4557245000.0,9919288590.0,10612503590.0,17.770177560687344,1.8066439666095186,0.29208284727751826,0.6754903020376944,0.03892483995147271,17.770177560687344,0.17931669479477566,8.136700290382912,7.185807439872501,5.154140958198582,0.0,2.7504702219288446,0.0,0.2739018134300592,1.0803019679375692,0.07753676199651657,158.03098059520775,0.432621320996161,2.4772727272727275,7.299668394406869,0.7488685882854561,0.07959679022792493,0.006212033334350865,2.444764975394536,0.08000776251030958,4.071503445151966,0.3182716002101959,0.060628103786115266,Specialty Business Services,Industrials,CTAS
2016Q1,2016,Q1,2015-10-09,2015-08-31,100181000.0,1198890000.0,185507000.0,0.88,524144000.0,0.43719106840494126,4122949000.0,1848669000.0,1733952000.0,959326000.0,2274280000.0,240046000.0,4327807000.0,9399639030.0,10552779030.0,16.715362984529417,1.807468993856103,0.3153082902553488,0.7032086328055482,0.036975439077056305,16.715362984529417,0.054190880033148175,7.840284788429297,23.45664105469101,5.0845440855015145,0.0,2.8109029102755305,0.0,0.2907845816186424,0.7623487740351038,0.02429838448159315,116.83536804554268,0.43719106840494126,-0.02222222222222224,1.2493468921281696,0.7853405122114738,0.029756740010613025,0.07702297291743722,-0.047844889036734305,0.04382198864499575,0.4887074561293397,0.30031485765726174,-0.021556001987080072,Specialty Business Services,Industrials,CTAS
2015Q4,2015,Q4,2015-07-30,2015-05-31,105215000.0,1142583000.0,177719000.0,0.9,486660000.0,0.4259296698795624,4192460000.0,1932455000.0,1735807000.0,621058000.0,2260005000.0,226211000.0,4227620000.0,9814490770.0,10713498770.0,17.001170094839267,2.7949193151042255,0.31008047781016396,0.6727194164935276,0.034301519356520954,17.001170094839267,0.05444628723566655,8.589739887605539,23.320084517416717,5.078768079981163,0.0004752174119659744,2.8996070040802615,5.094507822335035e-06,0.2725328327521312,1.4977989173313926,0.025096244209843386,66.33653781683002,0.4259296698795624,0.12499999999999997,1.5388567797392119,0.681863507429488,0.020890465859357773,0.02388561498147513,0.10889200383630365,0.02362671858170571,0.4848983125908527,0.20320149929660739,0.0022824929984222283,Specialty Business Services,Industrials,CTAS
2015Q3,2015,Q3,2015-04-02,2015-02-28,94883000.0,1108847000.0,173617000.0,0.8,475307000.0,0.4286497596151678,4266346000.0,2047666000.0,1710125000.0,579231000.0,2218680000.0,234641000.0,4122354000.0,9698539440.0,10685093440.0,17.625247465096663,2.9524058622553007,0.304710400891067,0.6348691632326756,0.03307094677894258,17.625247465096663,0.046337146780773816,8.746508255872993,25.553943909867943,4.736387399116848,0.0,2.700039635016898,0.0,0.25990554915142844,1.567259003748073,0.022239874590574697,276.64269039876774,0.4286497596151678,-0.19999999999999996,1.5488684553556828,0.6929908762120234,0.08854517505008168,-0.012706055369071753,-0.21201375278211473,-0.041716572374775766,0.39350367296642297,0.22342207387704285,0.040964842863315254,Specialty Business Services,Industrials,CTAS
2015Q2,2015,Q2,2015-01-09,2014-11-30,120412000.0,1123379000.0,181175000.0,1.0,481424000.0,0.4285499372874159,4697571000.0,2203334000.0,2145980000.0,851764000.0,2494237000.0,235860000.0,4027464000.0,8408857000.0,8882133000.0,18.813422704179654,2.5194537454036565,0.27673876563015226,0.5900149500711195,0.03237050988954617,18.813422704179654,0.054649907821510496,7.485325077289143,17.45851119489752,3.816424110007833,0.0,2.7217629102009666,0.0,0.23914039830371908,1.5695392150877474,0.02563282172850607,84.59870016197672,0.4285499372874159,0.07526881720430102,1.7488711276571998,0.657762929204288,0.15217737981564203,0.007276972712398471,0.0935808478947942,0.10818531023683696,0.7939347775499632,0.22100170896744986,0.16074709072119775,Specialty Business Services,Industrials,CTAS
2015Q1,2015,Q1,2014-10-10,2014-08-31,110108000.0,1102077000.0,163488000.0,0.93,477946000.0,0.43367750166276947,4556270000.0,2271974000.0,2012949000.0,636011000.0,2284296000.0,249817000.0,4109001000.0,7715826260.0,8434373260.0,19.475342665375152,3.164959411079368,0.28532110695810387,0.572189646536448,0.028663074959686438,19.475342665375152,0.04846358276987325,7.001168030908911,17.51876852726414,3.396089154189265,0.0,2.498352794245388,0.0,0.24188140737928174,1.6834048467715181,0.024166258803802233,96.26612593729335,0.43367750166276947,-0.09708737864077667,1.6720125501887713,0.6193534828452599,0.2273514834858271,-0.029279270130513728,-0.13453436458529838,0.3205175839620051,0.8056372200543944,0.2195240547816932,0.20941400390532247,Specialty Business Services,Industrials,CTAS
2014Q4,2014,Q4,2014-07-30,2014-05-31,127224000.0,1157479000.0,123806000.0,1.03,492362000.0,0.42537445603764734,4462452000.0,2192858000.0,1805681000.0,630131000.0,2269594000.0,251239000.0,3998893000.0,7425886920.0,8213578920.0,18.343982399344156,2.8655644619928236,0.29153927033837,0.5932805498577656,0.021078013421704424,18.343982399344156,0.05801743660556224,6.415569457415642,14.592150301829841,3.3863966203009954,4.716091303527636e-05,2.647347744577872,8.07984293948823e-07,0.25938183760856137,1.6214326862192148,0.028509886492896732,39.03615562132355,0.42537445603764734,0.49275362318840593,38.9436108340335,0.6840963766144917,0.18419510195617597,0.027627445864857814,0.5037942365428714,-0.17551710818982166,0.9745159262663922,0.2562407683602637,0.04606910774307405,Specialty Business Services,Industrials,CTAS
2014Q3,2014,Q3,2014-04-09,2014-02-28,84602000.0,1130237000.0,150162000.0,0.69,479125000.0,0.42391551506453956,4400441000.0,2244033000.0,1664909000.0,552802000.0,2156408000.0,256132000.0,3871675000.0,7273922580.0,8226219580.0,18.713842535838484,3.0117637056305875,0.29568763676186094,0.5798292627603961,0.026784535506960448,18.713842535838484,0.03770087160037308,6.435749829460547,21.494534940072338,3.2414508075415998,0.0,2.542095482017085,0.0,0.2568463024501408,1.5979808321966997,0.01922580032319488,57.42736695009592,0.42391551506453956,-0.0142857142857143,0.5031244797530268,0.5870237987842515,0.2340966329475855,0.004625523411732391,-0.0030637976950814265,-0.01836937478754282,0.7354894253076442,0.46034376671454763,0.09959054631604161,Specialty Business Services,Industrials,CTAS
2014Q2,2014,Q2,2014-01-09,2013-11-30,84862000.0,1143753000.0,152972000.0,0.7,476919000.0,0.4169772669448736,4365398000.0,2147972000.0,1618782000.0,614561000.0,2217426000.0,249486000.0,3787067000.0,6654838500.0,7646833500.0,17.91364974521921,2.634046091437628,0.29810088335588186,0.6058407651496388,0.027557233995469776,17.91364974521921,0.03950796379096189,5.818422771350108,19.6048835167684,3.098196112426047,0.0,2.6728313412375844,0.0,0.2620042891850869,1.3570874168715554,0.019439693700322398,66.28457240184068,0.4169772669448736,0.11111111111111104,0.5052330264512213,0.47931140273478745,0.1773289285249024,0.023475256448774625,0.09141651876430795,0.09211108731348612,0.8433889245704578,0.4819895680949556,0.08831319778089483,Specialty Business Services,Industrials,CTAS
2014Q1,2014,Q1,2013-10-10,2013-08-31,77754000.0,1120343000.0,140070000.0,0.63,465980000.0,0.4159261940316492,4311177000.0,2196011000.0,1572289000.0,515695000.0,2115166000.0,245470000.0,3795525000.0,5832928800.0,6863257800.0,17.98093015639073,3.048873849853111,0.3036291481421431,0.596080347502813,0.025136652096273814,17.98093015639073,0.035406926468036816,5.206377689689675,18.75443321243923,2.6561473508101736,0.0,2.6657554894691815,0.0,0.25986940457327545,1.5406412705184267,0.018035446004652556,129.34183648579727,0.4159261940316492,-0.08695652173913036,0.24190204344925978,0.40407957669588673,0.20399222839433898,-0.0026433226672945005,-0.0956418577061307,-0.08969201473961955,0.5809378761732901,0.5108234489977442,0.10772252073380363,Specialty Business Services,Industrials,CTAS
2013Q4,2013,Q4,2013-07-30,2013-05-31,85977000.0,1129086000.0,153871000.0,0.69,467215000.0,0.41379930315316993,4345632000.0,2201492000.0,1624826000.0,556256000.0,2144140000.0,240440000.0,3717771000.0,5587806760.0,6544699760.0,17.98722138701876,2.921003998159121,0.30126020795134056,0.5946721586996455,0.02742528592800295,17.98722138701876,0.03905396885385003,4.948964702423022,16.24796968956814,2.5381908087787735,0.0,2.752749126601231,0.0,0.259820896016966,1.5516309037565437,0.019784694148054876,39.993463691149316,0.41379930315316993,0.14999999999999997,0.20180511976290288,0.4025248552781966,0.224033491150406,0.057188629251415914,0.1508868214978917,0.1567247769182773,0.9267278526797655,0.5435032820681746,0.08010111768031182,Specialty Business Services,Industrials,CTAS
2013Q3,2013,Q3,2013-04-09,2013-02-28,74705000.0,1075674000.0,133023000.0,0.6,441941000.0,0.4108503133849103,4221299000.0,2130246000.0,1509452000.0,500752000.0,2091053000.0,246957000.0,3631793000.0,5409358000.0,6501218000.0,17.288151274143807,3.014370386938045,0.31017229530530765,0.6146379338348716,0.024724734203346938,17.288151274143807,0.035068719762881846,5.028807984575252,18.102396091292416,2.5393114222488857,0.0,2.5661673894645625,0.0,0.2548206132756765,1.5100109435409144,0.017697159097235234,61.23131430900015,0.4108503133849103,-0.04761904761904766,0.14012994223845224,0.3764448994164134,0.22852955435756575,0.022926330213222972,-0.042575006087636334,-0.04315832632010531,0.8921317632582896,0.5484826892249546,0.06772592511239123,Specialty Business Services,Industrials,CTAS
2013Q2,2013,Q2,2013-01-09,2012-11-30,78027000.0,1060386000.0,139023000.0,0.63,432036000.0,0.4074327650497083,4217882000.0,2080644000.0,1519662000.0,555179000.0,2137238000.0,236195000.0,3557088000.0,5146226400.0,6213229400.0,16.754390626887304,2.737246905952855,0.31046150650966525,0.6293676380966662,0.026039975223115967,16.754390626887304,0.03750136976820638,4.853163282050121,16.488607789611287,2.4733815107245642,0.0,2.6603018692182308,0.0,0.25140248115049213,2.2667139787347863,0.018499095043436494,63.71142199222522,0.4074327650497083,0.050000000000000044,0.18549546747301657,0.35672460335899986,0.2195565629666286,-0.03103784693019344,0.016863670128888484,-0.0019455252918287938,0.679859270100211,0.4757183886283479,0.02607750840606567,Specialty Business Services,Industrials,CTAS
2013Q1,2013,Q1,2012-10-10,2012-08-31,76733000.0,1051325000.0,139294000.0,0.6,445875000.0,0.42410767364991797,4152235000.0,2154415000.0,1523877000.0,384111000.0,1997820000.0,241699000.0,3558806000.0,5097366200.0,6087797200.0,17.083617476805962,3.9672828947882253,0.3154079670346211,0.6078903089701845,0.025131935585271634,17.083617476805962,0.03561662910813376,4.84851611062231,16.607477226226003,2.3660094271530787,0.0,2.504975196421996,0.0,0.2531949660845304,2.055309532921473,0.018479927075418418,107.47814957724503,0.42410767364991797,-0.03749968199048513,0.19306052582778863,0.3672842822682596,0.2100882123260201,0.004521614534050664,-0.023927035896914035,-0.010920813451488298,0.7225447810050193,0.4290105539627289,0.07662307224715027,Specialty Business Services,Industrials,CTAS
2012Q4,2012,Q4,2012-07-30,2012-05-31,78614000.0,1053582000.0,140832000.0,0.6233764174133692,443868000.0,0.4212942134546718,4160906000.0,2139135000.0,1541568000.0,670891000.0,2021771000.0,251205000.0,3482073000.0,4653459000.0,5598436000.0,16.962453413686465,2.29779204073389,0.3087793860279468,0.6006175393324872,0.02622715278063675,16.962453413686465,0.03675036872380658,4.416798122974766,14.79844238939629,2.175392857393292,0.0,2.4271571027646743,0.0,0.25320975768258164,1.8865344743035755,0.018893481371605125,39.08433421242714,0.4212942134546718,0.07478692657477463,0.09700680009091285,0.3774013112884186,0.2437536655859582,0.0421809660885225,0.03391859012296969,0.023964634713820383,22.39621098242888,0.4530799897217482,0.09501054963754675,Specialty Business Services,Industrials,CTAS
2012Q3,2012,Q3,2012-04-09,2012-02-29,76035000.0,1012112000.0,137536000.0,0.58,425903000.0,0.42080619536177816,4253167000.0,2196627000.0,1625536000.0,648561000.0,2056540000.0,275673000.0,3403459000.0,5002581600.0,6069507600.0,16.931645276910626,2.5063733403642834,0.30210640682578416,0.5849463746006947,0.024887871868687624,16.931645276910626,0.034614433856999846,4.942715430703322,16.448285657920696,2.2773923838685404,0.0,2.1264650509843186,0.0,0.23796667283461947,1.9491227502116224,0.017877266516927268,53.2915203681609,0.42080619536177816,0.017543859649122823,0.2209985765624312,0.3773327315324903,0.31628353103872403,-0.009060091159314746,0.022663080026899797,0.036560274333948824,0.24863924357752612,0.3135651120972483,0.11656846457279794,Specialty Business Services,Industrials,CTAS
2012Q2,2012,Q2,2012-01-09,2011-11-30,74350000.0,1019126000.0,132685000.0,0.57,429797000.0,0.42173097340269994,4215312000.0,2102619000.0,1591868000.0,720201000.0,2112693000.0,287950000.0,3327111000.0,3943700800.0,5021150800.0,16.208029168947096,2.210310732698233,0.30489368284008395,0.6112481624107838,0.0252420448856303,16.208029168947096,0.03536066210759058,3.8696891257803254,13.260594485541358,1.8756136037960276,0.0,2.0466365688487587,0.0,0.24176763190957157,1.6933369989766747,0.017638077561044116,46.957204262665954,0.42173097340269994,0.09615384615384602,0.12377773071523332,0.37688143971172844,0.25106379024084224,-0.02105275145772595,0.08321920801888166,0.03197380496834508,0.218949212273404,0.21834252347438518,0.06523136749782084,Specialty Business Services,Industrials,CTAS
2012Q1,2012,Q1,2011-10-07,2011-08-31,68638000.0,1017180000.0,128574000.0,0.52,439040000.0,0.4316246878625219,4127892000.0,2114485000.0,1482615000.0,618646000.0,2013407000.0,280214000.0,3323894000.0,4199261820.0,5334630820.0,16.103123167490423,2.3965482683149975,0.31146187933211433,0.608035053452732,0.02325594563376386,16.103123167490423,0.032460859263603196,4.128336990503156,15.294959861884088,1.9859501580763166,0.0,2.0632088332488743,0.0,0.24641633065981378,1.8122787506910252,0.016627857511775986,345.8744600938967,0.4316246878625219,-0.0352565841528202,-0.013733559219071037,0.3584056696164112,0.25857997621026163,0.013839144480853117,-0.030207980106250705,-0.0023510789357294166,0.01966399651353081,0.18567699303667548,0.07825540602772774,Specialty Business Services,Industrials,CTAS
2011Q4,2011,Q4,2011-07-29,2011-05-31,70776000.0,1012087000.0,128877000.0,0.5390034194152724,433047000.0,0.4278752715922643,4351940000.0,2302649000.0,1700777000.0,434139000.0,2049291000.0,249658000.0,3255256000.0,4313500650.0,5161519650.0,17.53610948221371,3.917586303004337,0.2955291203463283,0.5585414885203954,0.021740950200984425,17.53610948221371,0.030736773168641856,4.261986024916831,15.23645250508647,1.8732775381745113,0.0,2.3193328473351547,0.0,0.23255996176417873,3.1829091604301847,0.016263091862479723,46.563475177304966,0.4278752715922643,0.3146424863787133,-0.060066151493880324,0.36088453150866534,0.346354128104055,0.10493441280258012,0.19817166074149314,0.18370439766339688,-0.07786116017235706,0.17181736165829817,0.19333524888956766,Specialty Business Services,Industrials,CTAS
2011Q3,2011,Q3,2011-04-08,2011-02-28,59070000.0,937827000.0,108876000.0,0.41,391921000.0,0.4179033019949308,3972100000.0,2472900000.0,1322900000.0,391600000.0,1499100000.0,232300000.0,3184500000.0,4085920360.0,4709320360.0,17.018919086323063,3.3781920326864148,0.2030160368570781,0.3260948683731651,0.02029453166614378,17.018919086323063,0.023886934368555136,4.356795400430997,17.29270509564923,1.6522788466982086,0.0,2.350004304778304,0.0,0.23610357241761284,1.6496424923391215,0.014871226806978676,91.69068623490867,0.4179033019949308,0.07894736842105256,-0.1350429698298465,0.27643244186099736,0.2886897446906024,0.003258688128442997,0.05735151970787241,0.06382396623153287,-0.23549861683060527,0.017671271320902827,0.20939739300166552,Specialty Business Services,Industrials,CTAS
2011Q2,2011,Q2,2011-01-07,2010-11-30,55866000.0,936566000.0,102344000.0,0.38,390648000.0,0.41710674955101934,3928295000.0,2395113000.0,1354846000.0,468795000.0,1533182000.0,208380000.0,3125411000.0,3891691695.0,4417777695.0,16.460013332325392,2.8900606875073325,0.20035129744583846,0.3286020325554577,0.01983677699853961,16.460013332325392,0.02332499552213194,4.155277572536265,17.415295953710665,1.624846800547615,0.0,2.6198195604184664,0.0,0.238415393955902,2.272351454260391,0.01422143703566051,114.47162087831279,0.41710674955101934,-0.050000000000000044,-0.16537013593982156,0.30533884598589445,0.29015684557937055,-0.0076790009932151465,-0.08830393132823082,0.020928515851006524,-0.27560426973768215,0.02267919150405717,0.19812876117029207,Specialty Business Services,Industrials,CTAS
2011Q1,2011,Q1,2010-10-08,2010-08-31,61277000.0,923904000.0,100246000.0,0.4,393671000.0,0.42609513542532557,3890904000.0,2469978000.0,1372153000.0,359479000.0,1420926000.0,184363000.0,3141356000.0,3878660360.0,4375461360.0,16.23234142109829,3.8170602455219917,0.20238150311598538,0.31880729302042365,0.021296172539176633,16.23234142109829,0.024808722992674427,4.1981205406622335,15.824291169606866,1.5703218247288029,0.0,2.8760271854981747,0.0,0.23745227330203983,3.0627102000395015,0.01574878228812636,-300.6247372500388,0.42609513542532557,0.09711236886693825,-0.1431836995086053,0.24774241668903432,0.3125308233090409,0.021015748194870943,0.10452792097768485,-0.012529797671348923,-0.21038497591050315,-0.004167521705758091,0.14978955942971103,Specialty Business Services,Industrials,CTAS
2010Q4,2010,Q4,2010-07-30,2010-05-31,55478000.0,909449000.0,101518000.0,0.3645934649457165,385568000.0,0.42395780302138986,3969736000.0,2534029000.0,1524944000.0,383682000.0,1435707000.0,169484000.0,3080079000.0,3860400680.0,4235172680.0,16.653275413369784,3.974499715910572,0.19801140428481895,0.31019889669770945,0.018911774447684014,16.653275413369784,0.021893198538769684,4.244768733595836,17.39608799884639,1.5234240334266105,0.0,3.091035141960303,0.0,0.22909558721285245,2.471002027720873,0.013975236640421428,38.514268554268554,0.42395780302138986,0.139354577955364,-0.25629523608644145,0.24981662958845433,0.33932658940607036,0.07219269925223926,0.13262014617614634,0.2083893775815072,-0.35839486521842706,-0.014610094365924576,0.22108352101228856,Specialty Business Services,Industrials,CTAS
2010Q3,2010,Q3,2010-04-09,2010-02-28,48982000.0,861812000.0,84011000.0,0.32,359607000.0,0.41726849939429944,3959909000.0,2475188000.0,1515745000.0,439249000.0,1484721000.0,167814000.0,3024601000.0,3835483210.0,4215173210.0,16.1915627105561,3.450764828149865,0.19853814822512336,0.3176296103568699,0.01731784650604715,16.1915627105561,0.019789203890775164,4.450487124802161,19.575983065207627,1.549572480959022,0.0,2.9926287437281753,0.0,0.2176342941214053,2.8380280888516536,0.012369476167255358,36.816633166311505,0.41726849939429944,-0.13513513513513511,-0.2370996777612521,0.2677764018427728,0.32151419086795174,-0.027687124675879485,-0.14331187911011614,-0.21034129468272095,-0.3324622157132506,-0.004684968769328748,0.25874875058653846,Specialty Business Services,Industrials,CTAS
2010Q2,2010,Q2,2010-01-08,2009-11-30,57176000.0,884509000.0,106389000.0,0.37,369847000.0,0.4181381987068532,3886348000.0,2496085000.0,1465170000.0,345560000.0,1390263000.0,166373000.0,3049579000.0,4294005940.0,4738327940.0,16.32858189525467,4.239987267044797,0.20233288423990853,0.31502773343055224,0.019688645445367668,16.32858189525467,0.022906271220731664,4.854677499041841,18.775386263467187,1.7202963600999164,0.0,3.0934226106399474,0.0,0.22759387476365986,3.4606378053015394,0.014712012408564545,34.077248587391274,0.4181381987068532,0.0571428571428572,-0.13016994284523617,0.30785784393956217,0.3592030348877922,-0.03382489321960841,0.05912863070539419,0.07582085326268316,-0.2666138717516336,0.014122442550052993,0.2603690024369785,Specialty Business Services,Industrials,CTAS
2010Q1,2010,Q1,2009-10-09,2009-08-31,53984000.0,891569000.0,98891000.0,0.35,382795000.0,0.4293498315890301,3779070000.0,2425041000.0,1340254000.0,314613000.0,1354029000.0,185349000.0,2992403000.0,4193600320.0,4752766320.0,15.867779464496035,4.260008327691481,0.20811390103914454,0.3243149291084151,0.01906054098633944,15.867779464496035,0.022261066926291144,4.703618362684212,19.42057053941909,1.7292904820990656,0.0,2.744951415977426,0.0,0.23592285932782403,3.326197582426664,0.014284996044000244,34.92484130751613,0.4293498315890301,12.13600196463654,-0.15896737806166308,0.35307161434207035,0.39615612282320106,0.14488965189277137,12.2573673870334,3.583167261435788,-0.333521321133463,0.023006037778934313,0.2401860988837881,Specialty Business Services,Industrials,CTAS
2009Q4,2009,Q4,2009-07-30,2009-05-31,4072000.0,878683000.0,21577000.0,0.02664433219043631,334351000.0,0.38051379166320504,3720951000.0,2367409000.0,1270273000.0,317465000.0,1353542000.0,202351000.0,2938419000.0,3588401440.0,4245312440.0,15.490675792394065,4.00130093081127,0.21141262005331432,0.33228563378782455,0.002820636428191865,15.490675792394065,0.0017200238742017117,4.083840748028583,220.30951866404715,1.5157505272641947,0.0,2.6900385963004876,0.0,0.23614473826717955,3.0515962389554754,0.0010943438921931516,22.929961787672372,0.38051379166320504,-0.94330993150971,-0.9366151948372682,0.34761017602044275,0.4195721496902455,-0.1118009122376387,-0.943295595382323,-0.8191487578368593,-0.9535366404098129,0.015142988994975596,0.18931370275515105,Specialty Business Services,Industrials,CTAS
2009Q3,2009,Q3,2009-04-08,2009-02-28,71811000.0,908639000.0,119308000.0,0.47,376437000.0,0.41428664188968334,3719444000.0,2319986000.0,1201922000.0,374209000.0,1399458000.0,252483000.0,2934354000.0,3104227970.0,3836772970.0,15.16400096736452,3.211900301703059,0.21153591773394087,0.3391382534204948,0.025667272296106228,15.16400096736452,0.03095320402795534,3.4163490341048535,10.806937551350071,1.3380373717772434,0.0,2.107872609244979,0.0,0.24429430850417427,1.434535246346293,0.019306917915688473,24.298860056985408,0.41428664188968334,0.0,0.20352414458376034,0.45290006386837967,0.4278117379814848,-0.09292289156626506,-0.00037584565271861687,-0.08500521504386772,-0.0013310278517646536,0.1745445541093255,0.14823347099789366,Specialty Business Services,Industrials,CTAS
2009Q2,2009,Q2,2009-01-08,2008-11-30,71838000.0,985184000.0,130392000.0,0.47,415000000.0,0.42124110825997985,3766791000.0,2324746000.0,1245281000.0,324598000.0,1442045000.0,251864000.0,2934775000.0,3428562720.0,4236706720.0,15.215501217373092,3.8363791520588544,0.23111369863631934,0.3744740285605395,0.024748187730133167,15.215501217373092,0.03090144041542603,3.4801242407509663,11.931577716528857,1.4748117514773658,0.0,2.2638566845599213,0.0,0.2615446410485742,1.7288368997960555,0.019071405873062774,75.67401770145894,0.42124110825997985,-0.07843137254901968,0.14678269364511154,0.5620667975651125,0.4454335818677456,-0.02372007349152989,-0.08644895467724706,-0.05367666269921909,0.022132401088488907,0.3077020490776427,0.19261039819229928,Specialty Business Services,Industrials,CTAS
2009Q1,2009,Q1,2008-10-07,2008-08-31,78636000.0,1002179000.0,137788000.0,0.51,425083000.0,0.4241587580661738,3826599000.0,2290851000.0,1286948000.0,343863000.0,1535748000.0,242094000.0,2862938000.0,4724535200.0,5616837200.0,14.934423771464333,3.742618426524517,0.2484046538453598,0.41493095797151364,0.026567099011609665,14.934423771464333,0.034326108507275244,4.71426282131236,15.020268070603793,2.0623494063996306,0.0,2.383768288350806,0.0,0.26189809802385877,1.7814536603240243,0.020549840733246415,139.46143991498656,0.4241587580661738,-0.12748084451433733,0.38551527219192655,0.6501173401633483,0.4948070516931154,-0.017001399054193116,-0.1229631612406732,-0.10129859965170657,0.0907247874456571,0.34260089864636656,0.20758250580709608,Specialty Business Services,Industrials,CTAS
2008Q4,2008,Q4,2008-07-30,2008-05-31,89661000.0,1008955000.0,153319000.0,0.5845143877857022,432435000.0,0.4285969146294929,3808601000.0,2254131000.0,1282336000.0,367242000.0,1554470000.0,238669000.0,2784302000.0,4528190880.0,5405772880.0,14.695040223216031,3.4918010467212355,0.2478091036577473,0.4187005990335078,0.030432318932343074,14.695040223216031,0.03977630403911751,4.4880008325445635,12.625865426439589,2.0088410478361727,0.0,2.4155629763396167,0.0,0.26491485981335405,1.6930879365649898,0.023541715186232427,34.87596663508861,0.4285969146294929,0.10285733544472106,0.5341277865828006,0.6649891825061816,0.5277086929589466,0.05157760350173263,0.09572517964510925,0.11075772833638821,0.1923036932024174,0.37544519264189374,0.1818370629686482,Specialty Business Services,Industrials,CTAS
2008Q3,2008,Q3,2008-04-04,2008-02-29,81828000.0,975952000.0,138031000.0,0.53,411225000.0,0.4213578126793121,3762278000.0,2165463000.0,1238818000.0,392675000.0,1596815000.0,241326000.0,2694630000.0,4428723960.0,5338455960.0,14.07223067025383,3.1548175972496337,0.2566017184269743,0.44582013176858715,0.02864984453086105,14.07223067025383,0.037787761785816706,4.5378501811564504,13.530588429388475,2.045162609566638,0.0,2.3401001135393615,0.0,0.2594045416101628,1.4704959572165277,0.021749588945846107,94.39285476789291,0.4213578126793121,0.0,0.5193088543198492,0.6122045793812703,0.5125528872524833,-0.02221519468908714,-0.012371308220583443,-0.05096154507264014,0.26609071337415785,0.4262320365266807,0.14853969689927252,Specialty Business Services,Industrials,CTAS
2008Q2,2008,Q2,2008-01-04,2007-11-30,82853000.0,983865000.0,145443000.0,0.53,420568000.0,0.42746515019845205,3699582000.0,2147628000.0,1227663000.0,363188000.0,1551954000.0,238944000.0,2683644000.0,5000882015.849999,5893039015.849999,13.738100499522107,3.3802410872605924,0.2564605947374595,0.44178833578254706,0.028989394393217866,13.738100499522107,0.038578841400838504,5.0828945189126555,15.08962263240317,2.3285606333359405,0.0,2.3574435851078075,0.0,0.26593950343579353,1.5830203641089464,0.022395232758727877,30.185256594918904,0.42746515019845205,0.03921568627450984,0.4324324317138264,0.5821918785184095,0.5167134010235298,0.0076574374898172376,0.022081590861428767,0.033989279265188896,0.23255813709510031,0.422565688891495,0.1435694791089334,Specialty Business Services,Industrials,CTAS
2008Q1,2008,Q1,2007-10-05,2007-08-31,81063000.0,969128000.0,140662000.0,0.51,417372000.0,0.4306675691962259,3620830000.0,2243961000.0,1173902000.0,260911000.0,1376869000.0,236102000.0,2600792000.0,5825409712.349999,6665251712.349999,14.117662913159029,4.4992430368976395,0.24322682920766786,0.3924680509153234,0.028225656902709582,14.117662913159029,0.036124959391005455,6.010980708791821,17.965686294456162,2.596038751275089,0.0,2.336939119533083,0.0,0.2676535490481464,2.09923307181376,0.022387960771425335,494.43300902648105,0.4306675691962259,-0.10251101514581161,0.41666666785145207,0.5683485005348102,0.6272303066646754,0.008208244962244005,-0.10251101614224663,-0.0977421423989737,0.21428571494281726,0.41415625282734353,0.24216885924479395,Specialty Business Services,Industrials,CTAS
2007Q4,2007,Q4,2007-07-30,2007-05-31,90322000.0,964075000.0,155900000.0,0.5682520995874482,413974000.0,0.42940020226642117,3570480000.0,2167738000.0,1156736000.0,403038000.0,1402742000.0,231741000.0,2533459000.0,6097209183.24,6943064183.24,13.638113304128515,2.870042030776254,0.246805751607627,0.40651361003958963,0.032057113762533805,13.638113304128515,0.041666474454016125,6.324413747104737,16.876312479905227,2.8127057712878587,0.0,2.3737750333346277,0.0,0.27001271537720417,1.4000739384375667,0.02529687885102283,81.15977402284162,0.42940020226642117,0.1838585408071837,0.517078307654963,0.720146009828501,0.6403150090245927,0.07295238539552701,0.1771866487677089,0.1748392979600449,0.35182778679632654,0.4216520375525309,0.2498025315568718,Specialty Business Services,Industrials,CTAS
2007Q3,2007,Q3,2007-04-05,2007-02-28,76727000.0,905398000.0,132699000.0,0.48,385827000.0,0.42614076903196163,3507489000.0,2056159000.0,1131739000.0,681096000.0,1451330000.0,227083000.0,2443139000.0,6454658888.46,7306615888.46,12.863220482253766,1.6616438798642188,0.25189387621743076,0.42969196448329144,0.028284188342477316,12.863220482253766,0.037315693971137445,7.129084544542842,21.031250043856794,3.1391827618681245,0.0,2.2880224411338586,0.0,0.25813281239085856,0.8084734016937407,0.021875193336315525,136.09384516445982,0.42614076903196163,-0.058823529411764754,0.4545454546524786,0.7489637886720815,0.5951130552355349,-0.013414375321231586,-0.0702800295660814,-0.06841938993997683,0.23076922968346908,0.38563383528822187,0.21117488928766595,Specialty Business Services,Industrials,CTAS
2007Q2,2007,Q2,2007-01-04,2006-11-30,82527000.0,923266000.0,142445000.0,0.51,391073000.0,0.4235756542534871,3435064000.0,2096412000.0,1155453000.0,659965000.0,1338652000.0,217575000.0,2428406000.0,,,,,,,,,,,,,,,,,,,,,,,,,,,,,,,Specialty Business Services,Industrials,CTAS
2007Q1,2007,Q1,2006-10-05,2006-08-31,84962000.0,914161000.0,146353000.0,0.53,390481000.0,0.4271468592512697,3384221000.0,2051059000.0,1127013000.0,583003000.0,1333162000.0,210381000.0,2345879000.0,,,,,,,,,,,,,,,,,,,,,,,,,,,,,,,Specialty Business Services,Industrials,CTAS
