Quarters,Year,Quarter,FillingDate,Date,NetIncome,Revenue,OperatingIncome,EPSDiluted,GrossProfit,GrossProfitRatio,TotalAssets,CommonStockEquity,CurrentAssets,CurrentLiability,TotalLiability,Inventory,RetainedEarnings,MarketCap,EnterpriseValue,bookValuePerShare,currentRatio,debtToAssets,debtToEquity,roic,shareholdersEquityPerShare,roe,priceToSalesRatio,peRatio,pbRatio,payoutRatio,inventoryTurnover,dividendYield,assetTurnover,quickRatio,returnOnAssets,priceToFreeCashFlowsRatio,grossProfitMargin,epsdilutedGrowth,fiveYNetIncomeGrowthPerShare,fiveYRevenueGrowthPerShare,fiveYShareholdersEquityGrowthPerShare,grossProfitGrowth,netIncomeGrowth,operatingIncomeGrowth,threeYNetIncomeGrowthPerShare,threeYRevenueGrowthPerShare,threeYShareholdersEquityGrowthPerShare,Industry,Sector,Symbol
2023Q1,2023,Q1,2023-05-05,2023-03-31,1267000000.0,46458000000.0,1266000000.0,4.24,37412000000.0,0.8052864953,147976000000.0,44502000000.0,32027000000.0,44727000000.0,103380000000.0,4211000000.0,38841000000.0,75561754180.0,100168754180.0,150.49407181457258,0.7160551791982471,0.21991404011461319,0.7312480337962339,0.013404379907539878,150.49407181457258,0.02847063053345917,1.6264530151965215,14.9095805406472,1.6979406359264753,0.2904498816101026,2.148183329375445,0.004870188682006588,0.3139563172406336,0.711851901535985,0.008562199275558199,16.35535804761905,0.8052864953291144,0.10704960835509142,0.13404911960443355,2.343448149712468,1.5675592686143973,1.763684715963655,0.08383233532934131,-0.2199630314232902,0.34395416075466345,0.5141889196469431,0.2366961104503264,Healthcare Plans,Healthcare,CI
2022Q4,2022,Q4,2023-02-23,2022-12-31,1169000000.0,45743000000.0,1623000000.0,3.83,13537000000.0,0.2959359902,143932000000.0,44872000000.0,28790000000.0,10768000000.0,98981000000.0,4777000000.0,37874000000.0,101195543419.99998,126364543419.99998,146.92236414298017,2.6736627043090637,0.21602562321096072,0.6929265466215011,0.019273639017334393,146.92236414298017,0.02605188090568729,2.2122629346566685,21.641476351582547,2.2552046581387053,0.2857142857142857,6.741888214360477,0.003300540603984634,0.3178097990717839,2.6736627043090637,0.008121890892921658,57.69415246294184,0.29593599020615174,-0.5730211817168339,2.5864648852537386,2.5447755348788585,1.6661247822151195,-0.6384831085592202,-0.5759883931809938,-0.5699523052464229,0.4512769712932067,0.44718998155245776,0.2004482017981732,Healthcare Plans,Healthcare,CI
2022Q3,2022,Q3,2022-11-03,2022-09-30,2757000000.0,45199000000.0,3774000000.0,8.97,37445000000.0,0.828447532,144209000000.0,45041000000.0,29963000000.0,27034000000.0,99076000000.0,4017000000.0,37041000000.0,84310369380.00002,108809369380.00002,148.23237475893026,1.1083450469778797,0.21897385045316173,0.7010945582913346,0.03919654692909982,148.23237475893026,0.06121089673852712,1.8653149268789135,7.645118732317737,1.8718582931107217,0.12368516503445774,1.9302962409758526,0.004044579599254983,0.31342703992122545,1.1083450469778797,0.019118085556379977,28.628308787775897,0.8284475320250448,0.8306122448979592,3.0383597879244637,2.571116937292237,1.611928847625684,0.006775468502137499,0.7684413085311097,0.6603607567091949,1.5174723288474814,0.4442622484574164,0.24314748119265567,Healthcare Plans,Healthcare,CI
2022Q2,2022,Q2,2022-08-04,2022-06-30,1559000000.0,45385000000.0,2273000000.0,4.9,37193000000.0,0.8194998347,152630000000.0,45892000000.0,37422000000.0,25971000000.0,106663000000.0,3781000000.0,34626000000.0,83040949440.0,112000949440.0,145.63248519620973,1.4409148665819569,0.21870536591757847,0.7273816787239606,0.022707335277088733,145.63248519620973,0.03397106249455243,1.8297003291836509,13.316380602950607,1.8094863906563234,0.22578576010262988,2.1666225866172972,0.004238872536667375,0.2973530760663041,1.0925647837973125,0.010214243595623403,90.26190156521739,0.8194998347471631,0.3136729222520108,0.5461772930319349,2.546668009210804,1.5438829414305888,-0.148628851348258,0.3013355592654424,0.24004364429896344,0.3280452554522896,0.4014582681379735,0.2562717190398225,Healthcare Plans,Healthcare,CI
2022Q1,2022,Q1,2022-05-06,2022-03-31,1198000000.0,43686000000.0,1833000000.0,3.73,43686000000.0,1.0,152610000000.0,46087000000.0,26143000000.0,24040000000.0,106446000000.0,0.0,33420000000.0,76312670070.0,105074670070.0,144.70606335580416,1.0874792013311148,0.2174562610575978,0.7200729055915985,0.01788309037591508,144.70606335580416,0.025994315099702736,1.7468449862656228,15.925014622287145,1.6558393922364225,0.29799666110183637,0.0,0.004678122252471725,0.28625909180263415,1.0874792013311148,0.007850075355481292,43.80750291044776,1.0,0.11011904761904766,0.6082763725265276,2.377075951726312,1.600762426459441,-0.04549029889879392,0.05736981465136805,0.15428211586901763,0.043185293837307515,0.37104774505874605,0.2945576131477192,Healthcare Plans,Healthcare,CI
2021Q4,2021,Q4,2022-02-24,2021-12-31,1133000000.0,45768000000.0,1588000000.0,3.36,45768000000.0,1.0,154889000000.0,47112000000.0,70061000000.0,9200000000.0,107759000000.0,0.0,32593000000.0,76964168580.0,105553168580.0,140.5631836164766,7.615326086956522,0.2173814796402585,0.7146799116997793,0.016975867299585577,140.5631836164766,0.02404907454576329,1.6816152897220766,16.982384947043247,1.6336425662251657,0.28596646072374227,0.0,0.004209751186530651,0.2954890276262356,2.836521739130435,0.007314915842958506,19.381558443716948,1.0,-0.3,1.2611521670608918,2.508844012785845,1.6172530871164095,0.0,-0.30104873534855026,0.0,4.694519469456925,1.3237231116160948,-0.16892377419971621,Healthcare Plans,Healthcare,CI
2021Q3,2021,Q3,2021-11-04,2021-09-30,1621000000.0,44332000000.0,0.0,4.8,0.0,0.0,154251000000.0,47415000000.0,68136000000.0,23067000000.0,106824000000.0,0.0,31803000000.0,67086826560.0,97915826560.0,141.46721326148833,2.953830146963194,0.22244264218708468,0.7236528524728462,0.0,141.46721326148833,0.034187493409258675,1.513282201569972,10.346518593460827,1.4148861448908574,0.20357803824799506,0.0,0.004918998511650571,0.28740170242008156,1.133307322148524,0.010508845971825142,37.92358765404183,0.0,0.1294117647058823,1.7100756553626058,2.420768014621602,1.586772639570791,0.0,0.10497614178595774,0.0,0.5196913058532683,1.8005032166612225,1.2061518605806527,Healthcare Plans,Healthcare,CI
2021Q2,2021,Q2,2021-08-05,2021-06-30,1467000000.0,43190000000.0,0.0,4.25,0.0,0.0,154207000000.0,48709000000.0,67754000000.0,21649000000.0,105491000000.0,0.0,30513000000.0,80954426530.0,110271426530.0,142.64127515894097,3.1296595685712965,0.21489296854228407,0.6803260177790552,0.0,142.64127515894097,0.03011763739760619,1.8743789425793007,13.795914541581459,1.6620014069268512,0.2331288343558282,0.0,0.00422459913137995,0.2800780768706998,1.1872141900318722,0.009513186820312956,-146.127123700361,0.0,0.28787878787878796,1.1512184798892982,2.243011195064757,1.7274536905784295,0.0,0.26356589147286824,0.0,0.29228598190194943,1.6718888258735678,1.345778002178031,Healthcare Plans,Healthcare,CI
2021Q1,2021,Q1,2021-05-07,2021-03-31,1161000000.0,40981000000.0,0.0,3.3,0.0,0.0,152081000000.0,48149000000.0,67063000000.0,19806000000.0,103926000000.0,0.0,29389000000.0,84185471520.0,109652471520.0,138.26066481358112,3.3859941431889324,0.21023007476279088,0.6640220980705726,0.0,138.26066481358112,0.02411265031464828,2.0542561557795076,18.127793178294574,1.7484365515379345,0.2971576227390181,0.0,0.0040980942883718134,0.2694682438963447,1.3503483792790063,0.007634089728499944,98.92534843713278,0.0,-0.7241434469515119,0.636866086927886,2.0338779390678017,1.779633856341331,0.0,-0.7192261185006046,0.0,-0.11761325356604732,1.50431030298429,1.3588467449023078,Healthcare Plans,Healthcare,CI
2020Q4,2020,Q4,2021-02-25,2020-12-31,4135000000.0,41865000000.0,0.0,11.9627391973536,0.0,0.0,155451000000.0,50321000000.0,70088000000.0,22199000000.0,105123000000.0,0.0,28575000000.0,72498268640.0,95235268640.0,144.49759941191334,3.1572593360061263,0.21176447883899108,0.6541801633512847,0.0,144.49759941191334,0.08217245285268576,1.7317154816672637,4.383208503022975,1.440715976232587,0.0,0.0,0.0,0.2693131597738194,1.3020406324609217,0.026600021871843862,18.23855814842767,0.0,2.1647458194057143,6.137333421015708,2.23086950810468,2.074491091101674,0.0,1.9791066282420748,0.0,10.125677677976615,1.8452083813341917,1.622123820358508,Healthcare Plans,Healthcare,CI
2020Q3,2020,Q3,2020-11-05,2020-09-30,1388000000.0,40979000000.0,0.0,3.78,0.0,0.0,160044000000.0,48032000000.0,74340000000.0,24315000000.0,112005000000.0,0.0,24440000000.0,61737578070.0,92379578070.0,131.80143073921525,3.057371992597162,0.22485066606683163,0.7492088607594937,0.0,131.80143073921525,0.028897401732178547,1.506566242953708,11.11988077629683,1.285342648026316,0.0,0.0,0.0,0.25604833670740546,1.0540818424840632,0.008672615030866512,96.01489590979783,0.0,-0.20084566596194514,0.7829956982028169,2.066833317731348,1.8665188015450018,0.0,-0.20866590649942987,0.0,0.6951655612783904,1.699547747233713,1.3224073665820777,Healthcare Plans,Healthcare,CI
2020Q2,2020,Q2,2020-08-06,2020-06-30,1754000000.0,39297000000.0,0.0,4.73,0.0,0.0,159628000000.0,47366000000.0,73802000000.0,22019000000.0,112257000000.0,0.0,23052000000.0,68941859400.0,98280859400.0,128.92355932018856,3.3517416776420363,0.22880697621971083,0.7711016340835198,0.0,128.92355932018856,0.037030781573280415,1.754379708374685,9.826376767388826,1.4555136469197316,0.0,0.0,0.0,0.24617861528052723,1.2099550388301012,0.010988047209762698,22.843558449304176,0.0,0.5015873015873018,1.0763450074038259,1.881701033751612,1.92024994020831,0.0,0.48518204911092294,0.0,0.4920626716637447,1.6339764958473872,1.2520143281306717,Healthcare Plans,Healthcare,CI
2020Q1,2020,Q1,2020-05-07,2020-03-31,1181000000.0,38436000000.0,0.0,3.15,0.0,0.0,154711000000.0,45079000000.0,30877000000.0,77543000000.0,109625000000.0,0.0,21298000000.0,65634559200.0,97669559200.0,121.69042220062629,0.3981919709064648,0.2358397269748111,0.8094012733201712,0.0,121.69042220062629,0.02619845160717851,1.7076324071183266,13.89385249788315,1.455989689212272,0.0,0.0,0.0,0.24843740910471782,0.2863830390879899,0.007633587786259542,40.51516,0.0,0.19435619242579324,0.5354742030824658,1.813491733291122,1.8549427172231925,0.0,0.20880245649948823,0.0,0.36309961687069053,1.554527403734954,1.187108614386063,Healthcare Plans,Healthcare,CI
2019Q4,2019,Q4,2020-02-27,2019-12-31,977000000.0,38338000000.0,0.0,2.637404168016413,0.0,0.0,155774000000.0,45338000000.0,29845000000.0,78604000000.0,110430000000.0,0.0,20162000000.0,75751275600.0,108539275600.0,122.3895907569377,0.37968805658745103,0.2401363513808466,0.825069478141956,0.0,122.3895907569377,0.021549252282853235,1.9758796911680316,19.38364268167861,1.6708120252326968,0.0,0.0,0.0,0.24611295851682566,0.2718945600732787,0.00627190673668263,30.50796439790576,0.0,-0.26123132548559863,0.4762799236141892,2.030165170480208,1.9694527383557665,0.0,-0.2768319763138416,0.0,0.7641541246266644,1.659338744979661,1.278865105342998,Healthcare Plans,Healthcare,CI
2019Q3,2019,Q3,2019-10-31,2019-09-30,1351000000.0,38607000000.0,0.0,3.57,0.0,0.0,154847000000.0,44696000000.0,21168000000.0,76174000000.0,110148000000.0,0.0,19185000000.0,56897267180.0,91073267180.0,119.23957294006541,0.27789009373276974,0.250266391986929,0.8670350814390549,0.0,119.23957294006541,0.030226418471451584,1.4737552044965938,10.528731898593634,1.2729834253624486,0.0,0.0,0.0,0.2493235258028893,0.3011657520938903,0.008724741196148456,25.65251,0.0,-0.03513513513513523,0.7643094148012263,2.074477828775688,1.7937136188651952,0.0,-0.040482954545454544,0.0,1.0196004513059396,1.6636923517702584,1.1803332215595088,Healthcare Plans,Healthcare,CI
2019Q2,2019,Q2,2019-08-01,2019-06-30,1408000000.0,38842000000.0,0.0,3.7,0.0,0.0,154401000000.0,43815000000.0,20709000000.0,73771000000.0,110583000000.0,0.0,17834000000.0,60001467500.0,95586467500.0,115.92435218355284,0.2807200661506554,0.25385198282394544,0.8945566586785347,0.0,115.92435218355284,0.03213511354558941,1.5447574146542402,10.653669655539773,1.3694275362318842,0.0,0.0,0.0,0.25156572820124223,0.30227325100649305,0.00911911192285024,81.52373301630435,0.0,0.03932584269662925,0.7252942489495399,2.1228653975565654,1.812805779410689,0.0,0.029239766081871343,0.0,0.865404085129006,1.6350125638945154,1.2165975580254498,Healthcare Plans,Healthcare,CI
2019Q1,2019,Q1,2019-05-02,2019-03-31,1368000000.0,37956000000.0,0.0,3.56,0.0,0.0,154348000000.0,42408000000.0,21136000000.0,74437000000.0,111935000000.0,0.0,16426000000.0,61411373690.0,96921373690.0,111.78031930456235,0.28394481239168695,0.2623033664187421,0.9546783625730995,0.0,111.78031930456235,0.03225806451612903,1.617962211244599,11.222838759137426,1.4481082269854746,0.0,0.0,0.0,0.24591183559229793,0.3085024920402488,0.008863088604970586,20.484113972648434,0.0,4.9970425,0.843740153074685,2.179167962430742,1.8588801464121292,0.0,8.5,0.0,0.7704073917476035,1.5793018870393851,1.247265051347313,Healthcare Plans,Healthcare,CI
2018Q4,2018,Q4,2019-02-28,2018-12-31,144000000.0,14255000000.0,0.0,0.5936259414536416,0.0,0.0,153226000000.0,41028000000.0,65156000000.0,18023000000.0,112191000000.0,0.0,15088000000.0,46070223840.0,84693223840.0,169.13392448583338,3.6151584086999944,0.2772244919269576,1.0353417178512236,0.0,169.13392448583338,0.0035097981866042704,3.231864176780077,79.98302749999999,1.1228971395144778,0.0,0.0,0.0,0.09303251406419276,1.2140043278033623,0.0009397882865832169,-822.6825685714285,0.0,-0.8109471524032988,-0.5427698960527677,1.0046375211018537,3.4504934455364737,0.0,-0.8134715025906736,0.0,-0.6431694957088404,0.5793360688917055,2.5986808511082136,Healthcare Plans,Healthcare,CI
2018Q3,2018,Q3,2018-09-30,2018-09-30,772000000.0,11457000000.0,0.0,3.14,0.0,0.0,82956000000.0,15555000000.0,75268000000.0,10505000000.0,67401000000.0,0.0,18474000000.0,51166766610.0,52184766610.0,64.1239688841069,7.164969062351261,0.3019673079704904,1.6104146576663452,0.0,64.1239688841069,0.04963034394085503,4.465982945797329,16.569548772668394,3.289409618129219,0.0,0.0,0.0,0.13810935917835962,3.1911470728224653,0.009306138193741261,102.74451126506024,0.0,-0.045592705167173224,0.6001905280447816,0.6281417830961941,0.8057449913005328,0.0,-0.04218362282878412,0.0,0.4898380256860939,0.28813284705564535,0.3946173528242955,Healthcare Plans,Healthcare,CI
2018Q2,2018,Q2,2018-06-30,2018-06-30,806000000.0,11477000000.0,0.0,3.29,0.0,0.0,63102000000.0,14743000000.0,55401000000.0,10520000000.0,48359000000.0,0.0,17722000000.0,41204887350.0,42874887350.0,60.80766169113189,5.266254752851711,0.08405438813349815,0.3597639557756223,0.0,60.80766169113189,0.05467001288747202,3.5902141108303565,12.780672254962779,2.7948780675574847,0.0,0.0,0.0,0.18188013058223193,1.2493346007604562,0.01277297074577668,46.93039561503417,0.0,-0.1155913978494624,0.8566559210230519,0.6730666932247942,0.7545140998825487,0.0,-0.11912568306010929,0.0,0.4458120237119525,0.27533643879965014,0.37735547602065184,Healthcare Plans,Healthcare,CI
2018Q1,2018,Q1,2018-03-31,2018-03-31,915000000.0,11380000000.0,0.0,3.72,0.0,0.0,63141000000.0,14195000000.0,55419000000.0,10860000000.0,48946000000.0,0.0,16933000000.0,40623105460.0,43153105460.0,58.61367005396835,5.103038674033149,0.08395495795125196,0.3734413525889398,0.0,58.61367005396835,0.06445931666079606,3.5696929226713534,11.099209142076504,2.861789747094047,0.0,0.0,0.0,0.18023154527169352,1.1432780847145487,0.014491376443198556,21.135850915712798,0.0,2.4856400000000005,17.811709737968936,0.6297152952216585,0.7220283660451794,0.0,2.4398496240601504,0.0,0.8196803897559002,0.2741809704553238,0.37511783938439525,Healthcare Plans,Healthcare,CI
2017Q4,2017,Q4,2017-12-31,2017-12-31,266000000.0,10531000000.0,0.0,1.0672358591248665,0.0,0.0,61753000000.0,13735000000.0,53681000000.0,10219000000.0,48018000000.0,0.0,15824000000.0,50618557780.0,53085557780.0,55.10708468075204,5.253058029161366,0.08807669263031756,0.395995631598107,0.0,55.10708468075204,0.019366581725518747,4.806624041401577,47.5738325,3.68537006042956,0.0,0.0,0.0,0.17053422505789192,1.2327037870633135,0.004307483037261348,114.00576076576577,0.0,-0.5170878465498342,-0.25111849472427994,0.6015494161907207,0.6070746710803693,0.0,-0.525,-1.0,-0.4026175844818879,0.2370951655527086,0.33702451733042,Healthcare Plans,Healthcare,CI
2017Q3,2017,Q3,2017-09-30,2017-09-30,560000000.0,10382000000.0,824000000.0,2.21,0.0,0.0,61936000000.0,14145000000.0,54409000000.0,9726000000.0,47791000000.0,0.0,15590000000.0,46593299480.0,48285299480.0,56.75207228316255,5.594180546987456,0.08634719710669078,0.3780841286673736,0.028830862360847483,56.75207228316255,0.03958996111700248,4.487892456174148,20.800580125,3.293976633439378,0.0,0.0,0.0,0.16762464479462671,1.3674686407567345,0.009041591320072333,42.78539897153352,0.0,-0.2984126984126984,0.37359788182490355,0.6127934210197512,0.6965534758470577,0.0,-0.3111931119311193,0.0,0.09985250560598612,0.24340712997959185,0.3296679393173126,Healthcare Plans,Healthcare,CI
2017Q2,2017,Q2,2017-06-30,2017-06-30,813000000.0,10318000000.0,0.0,3.15,0.0,0.0,61738000000.0,14546000000.0,54229000000.0,9590000000.0,47191000000.0,0.0,15102000000.0,42531622930.0,43683622930.0,57.24810793153526,5.6547445255474456,0.07714859567851243,0.32744397085109306,0.0,57.24810793153526,0.05589165406297264,4.122080144407831,13.078604837023368,2.9239394287089233,0.0,0.0,0.0,0.16712559525737794,1.4045881126173096,0.013168550973468529,71.6020588047138,0.0,0.36956521739130443,1.4055785492453583,0.5557649175524204,0.8128144485657622,0.0,0.3595317725752508,0.0,0.48189269878847835,0.2339935737772904,0.38907663331325165,Healthcare Plans,Healthcare,CI
2017Q1,2017,Q1,2017-03-31,2017-03-31,598000000.0,10385000000.0,0.0,2.3,0.0,0.0,61147000000.0,14226000000.0,53646000000.0,9579000000.0,46918000000.0,0.0,14356000000.0,37454563200.0,38062563200.0,55.63986232790989,5.600375822110868,0.07789425482852798,0.3348095037255729,0.0,55.63986232790989,0.04203570926472656,3.6066021376986037,15.65826220735786,2.632824630957402,0.0,0.0,0.0,0.16983662321945475,1.4613216410898842,0.00977971118779335,25.171077419354837,0.0,0.5384651832460732,0.7977015786242238,0.7062984357795138,0.8533124052756053,0.0,0.5654450261780105,0.0,0.19591548206565026,0.2906997439087878,0.4230384986194376,Healthcare Plans,Healthcare,CI
2016Q4,2016,Q4,2016-12-31,2016-12-31,382000000.0,9944000000.0,0.0,1.4949964581890192,0.0,0.0,59360000000.0,13723000000.0,51420000000.0,9222000000.0,45633000000.0,0.0,13855000000.0,34083679409.999996,35930679410.0,53.706377999287724,5.575797007156799,0.08477088948787062,0.36668366975151206,0.0,53.706377999287724,0.02783647890402973,3.4275622898230083,22.306072912303662,2.48369011222036,0.0,0.0,0.0,0.16752021563342318,1.4564085881587507,0.006435309973045822,39.95742017584994,0.0,-0.15057019421078457,0.3845162199288506,0.9132098057000411,0.7286515140089531,0.0,-0.16228070175438597,0.0,0.15149513901742262,0.327566150339861,0.4131989427665326,Healthcare Plans,Healthcare,CI
2016Q3,2016,Q3,2016-09-30,2016-09-30,456000000.0,9880000000.0,0.0,1.76,0.0,0.0,60762000000.0,13974000000.0,53194000000.0,9195000000.0,46780000000.0,0.0,13487000000.0,33299236080.0,35126236080.0,54.68869242600355,5.785100598151169,0.08312761265264475,0.3614569915557464,0.0,54.68869242600355,0.032632030914555604,3.370368024291498,18.256160131578948,2.3829423271790464,0.0,0.0,0.0,0.16260162601626016,1.5592169657422512,0.0075046904315197,18.81312772881356,0.0,-0.10659898477157359,1.3964453524004086,0.8500973680863063,0.8924993475272963,0.0,-0.10588235294117647,0.0,-0.1026834884234872,0.3329218120761118,0.5400455422138941,Healthcare Plans,Healthcare,CI
2016Q2,2016,Q2,2016-06-30,2016-06-30,510000000.0,9960000000.0,0.0,1.97,0.0,0.0,59506000000.0,13356000000.0,51933000000.0,9446000000.0,46142000000.0,0.0,13046000000.0,32686214190.0,35321214190.0,52.29833072938081,5.4978827016726655,0.08552078781971566,0.3810272536687631,0.0,52.29833072938081,0.038185085354896675,3.2817484126506025,16.022654014705882,2.447305644654088,0.0,0.0,0.0,0.1673780795213928,1.4775566377302563,0.008570564312842402,204.2888386875,0.0,-0.015000000000000013,0.3144918768428348,0.9012291295486854,0.8607687871873769,0.0,-0.017341040462427744,0.0,0.1153355376887672,0.37842515294780094,0.5089900863331717,Healthcare Plans,Healthcare,CI
2016Q1,2016,Q1,2016-03-31,2016-03-31,519000000.0,9884000000.0,0.0,2.0,0.0,0.0,58884000000.0,12675000000.0,51321000000.0,9791000000.0,46200000000.0,0.0,12541000000.0,34971771280.0,37760771280.0,49.74060324461781,5.241650495352875,0.08813939270429998,0.40946745562130177,0.0,49.74060324461781,0.040946745562130175,3.538220485633347,16.84574724470135,2.759114104930967,0.0,0.0,0.0,0.16785544460294816,1.3836176080073537,0.008813939270429998,44.72093514066496,0.0,0.2022065727699531,0.2836389619124233,0.937436755695785,0.9146803934325213,0.0,0.21830985915492956,0.0,9.140843825349293,0.34524621185278104,0.46134390923763063,Healthcare Plans,Healthcare,CI
2015Q4,2015,Q4,2015-12-31,2015-12-31,426000000.0,9528000000.0,0.0,1.6636076072948802,0.0,0.0,57088000000.0,12035000000.0,48967000000.0,8997000000.0,45044000000.0,0.0,12121000000.0,37470723100.0,40671723100.0,46.998867497168746,5.442591975102812,0.0905444226457399,0.4294972995429996,0.0,46.998867497168746,0.0353967594515995,3.9326955394626366,21.989860974178406,3.113479277108434,0.0,0.0,0.0,0.16690022421524664,1.428920751361565,0.007462163677130045,44.34405100591716,0.0,-0.20780590128815232,-0.023859290779949655,0.853897241256019,0.9131757202982174,0.0,-0.22120658135283364,0.0,0.16735673608336382,0.4103763122082375,0.3706166813528406,Healthcare Plans,Healthcare,CI
2015Q3,2015,Q3,2015-09-30,2015-09-30,547000000.0,9389000000.0,0.0,2.1,0.0,0.0,56909000000.0,11774000000.0,49386000000.0,9062000000.0,45122000000.0,0.0,11706000000.0,34574571400.0,37398571400.0,45.97961494903737,5.449790333259766,0.09146180744697675,0.4420757601494819,0.0,45.97961494903737,0.04645829794462375,3.6824551496431996,15.801906489945157,2.936518719211823,0.0,0.0,0.0,0.16498269166564164,1.4483557713529023,0.009611836440633292,69.28771823647294,0.0,-0.07079646017699102,0.882143370050102,0.8833985670309985,0.0,0.0,-0.06972789115646258,0.0,0.30593462825598755,0.419644433003585,0.3745203024602523,Healthcare Plans,Healthcare,CI
2015Q2,2015,Q2,2015-06-30,2015-06-30,588000000.0,9492000000.0,0.0,2.26,0.0,0.0,57132000000.0,11290000000.0,49589000000.0,9268000000.0,45829000000.0,0.0,11178000000.0,41428260000.0,44655260000.0,44.14812497556016,5.35056107034959,0.09094727998319681,0.46023029229406553,0.0,44.14812497556016,0.0520814880425155,4.364544879898863,17.61405612244898,3.669465013286094,0.0,0.0,0.0,0.16614156689771056,1.3894044022442813,0.010291955471539592,131.9371337579618,0.0,0.10784313725490184,1.1515426426309,0.907569845306604,1.0323725263807613,0.0,0.10318949343339587,0.0,0.7286500770755341,0.4220240676952323,0.39799133498867,Healthcare Plans,Healthcare,CI
2015Q1,2015,Q1,2015-03-31,2015-03-31,533000000.0,9467000000.0,0.0,2.04,0.0,0.0,58122000000.0,10942000000.0,50607000000.0,10258000000.0,47164000000.0,0.0,10635000000.0,33228154080.0,36669154080.0,42.62447070005882,4.933417820237863,0.10428065104435498,0.5539206726375434,0.0,42.62447070005882,0.04871138731493328,3.509892688285624,15.585438123827391,3.0367532516907327,0.0,0.0,0.0,0.1628815250679605,1.286703061025541,0.009170365782319948,60.52487081967213,0.0,0.14188453961456104,1.0226508667173193,0.9533127941005056,1.025694721316638,0.0,0.14132762312633834,0.0,0.5958889626092327,0.5492443292343007,0.4197817358203567,Healthcare Plans,Healthcare,CI
2014Q4,2014,Q4,2014-12-31,2014-12-31,467000000.0,8928000000.0,0.0,1.7865203785739971,0.0,0.0,55896000000.0,10774000000.0,47696000000.0,8591000000.0,45107000000.0,0.0,10289000000.0,26900879820.0,30632879820.0,41.21621104658725,5.551856594110116,0.09217117503935882,0.4781882309263041,0.0,41.21621104658725,0.043345090031557454,3.013091377688172,14.40089926124197,2.4968331000556896,0.0,0.0,0.0,0.1597252039501932,1.3292981026655804,0.008354801774724488,67.42075142857144,0.0,-0.11118389125671774,0.4855079358786293,1.0215420981514434,1.087806143393289,0.0,-0.1254681647940075,0.0,0.6544965225973787,0.6790744653588712,0.32662950438289673,Healthcare Plans,Healthcare,CI
2014Q3,2014,Q3,2014-09-30,2014-09-30,534000000.0,8757000000.0,0.0,2.01,0.0,0.0,55653000000.0,11157000000.0,48156000000.0,7766000000.0,44478000000.0,0.0,15196000000.0,23706547380.0,27230547380.0,42.68138728854408,6.200875611640484,0.09244784647727886,0.4611454692121538,0.0,42.68138728854408,0.047862328582952404,2.707153977389517,11.098570870786515,2.1248137832750738,0.0,0.0,0.0,0.15735000808581748,1.4723152201905743,0.009595170071694248,66.5914252247191,0.0,-0.05188679245283034,0.7037952165769484,1.0350603587880105,1.2710272075241262,0.0,-0.06806282722513089,0.0,1.7432048339339412,0.602903154245296,0.47698717983468564,Healthcare Plans,Healthcare,CI
2014Q2,2014,Q2,2014-06-30,2014-06-30,573000000.0,8733000000.0,0.0,2.12,0.0,0.0,55929000000.0,10937000000.0,48398000000.0,8123000000.0,44977000000.0,0.0,14677000000.0,24406722690.0,27582722690.0,41.21306669379788,5.958143543025976,0.09195587262421999,0.47023863948066197,0.0,41.21306669379788,0.05239096644418031,2.794769574029543,10.648657369109948,2.2315738036024504,0.0,0.0,0.0,0.15614439736093977,1.4758094300135418,0.010245132221209033,65.43357289544235,0.0,0.10416666666666677,0.36046990014076263,1.0097136605115042,1.5163565599991726,0.0,0.08522727272727272,0.0,0.42124076424904056,0.6042198447370886,0.4663563264555215,Healthcare Plans,Healthcare,CI
2014Q1,2014,Q1,2014-03-31,2014-03-31,528000000.0,8496000000.0,0.0,1.92,0.0,0.0,55173000000.0,10556000000.0,47693000000.0,8152000000.0,44604000000.0,0.0,14136000000.0,22605341670.0,25561341670.0,39.09933735586842,5.850466143277723,0.0948289924419553,0.495642288745737,0.0,39.09933735586842,0.05001894657067071,2.66070405720339,10.703286775568182,2.141468517430845,0.0,0.0,0.0,0.15398836387363385,1.5106722276741904,0.009569898319830352,57.51995335877863,0.0,0.47884675900277013,1.563020713576868,0.7972338836075268,1.7820745155764888,0.0,0.4626038781163435,-1.0,0.23258361690239732,0.5718685955066041,0.5050628610859391,Healthcare Plans,Healthcare,CI
2013Q4,2013,Q4,2013-12-31,2013-12-31,361000000.0,8151000000.0,536000000.0,1.298308961568616,0.0,0.0,54336000000.0,10567000000.0,45941000000.0,7739000000.0,43755000000.0,0.0,13676000000.0,24324163920.0,26776163920.0,38.00340940968301,5.936296679157514,0.09656581272084806,0.4965458502886344,0.02276463892753256,38.00340940968301,0.03416296015898552,2.984193831431726,16.84498886426593,2.301898733793887,0.0,0.0,0.0,0.15001104240282687,1.643106344488952,0.0066438457008245,48.74581947895791,0.0,-0.3342005325289148,2.6940447146630118,0.6595800308272269,1.885222651188086,0.0,-0.3471971066907776,0.0,-0.2382024312854101,0.4605766630194156,0.5469989819550075,Healthcare Plans,Healthcare,CI
2013Q3,2013,Q3,2013-09-30,2013-09-30,553000000.0,8066000000.0,0.0,1.95,0.0,0.0,54043000000.0,9874000000.0,46557000000.0,8232000000.0,44169000000.0,0.0,13327000000.0,21371230440.0,23555230440.0,35.51108777431722,5.655612244897959,0.09694132450086043,0.5305853757342516,0.0,35.51108777431722,0.05600567146040105,2.6495450582692786,9.661496582278481,2.164394413611505,0.0,0.0,0.0,0.14925152193623595,1.586248785228377,0.010232592565179579,34.193968704,0.0,0.10795454545454543,2.171706370974177,0.6304270767691064,1.086180782312619,0.0,0.09504950495049505,0.0,0.7523468070516802,0.4900837159750145,0.0,Healthcare Plans,Healthcare,CI
2013Q2,2013,Q2,2013-06-30,2013-06-30,505000000.0,7980000000.0,0.0,1.76,0.0,0.0,53829000000.0,9775000000.0,46652000000.0,8373000000.0,44054000000.0,0.0,12806000000.0,20535550830.0,22509550830.0,34.65783586190758,5.57171861937179,0.09628638837801186,0.530230179028133,0.0,34.65783586190758,0.05166240409207161,2.573377296992481,10.166114272277229,2.100823614322251,0.0,0.0,0.0,0.14824722733099258,1.5393526812373104,0.009381560125582864,-477.5709495348837,0.0,7.8,0.8270480802259813,0.6148274528070341,1.0234155857099343,0.0,7.859649122807017,0.0,0.6754457231529878,0.45409226250615004,0.5954841449902625,Healthcare Plans,Healthcare,CI
2013Q1,2013,Q1,2013-03-31,2013-03-31,57000000.0,8183000000.0,0.0,0.2,0.0,0.0,54939000000.0,9660000000.0,47840000000.0,9377000000.0,45279000000.0,0.0,12328000000.0,17854109640.0,19944109640.0,34.03757522797424,5.101844939746187,0.0982180236262036,0.558592132505176,0.0,34.03757522797424,0.005900621118012423,2.1818537993400953,78.30749842105263,1.8482515155279502,0.0,0.0,0.0,0.14894701396093848,1.3741068572037964,0.0010375143340796155,-20.08336292463442,0.0,-0.8596596059113301,-0.04360554734471926,0.7429365585487762,0.9528155596385571,0.0,-0.8596059113300493,0.0,-0.8043464326871086,0.5271833055056829,0.61760921210994,Healthcare Plans,Healthcare,CI
2012Q4,2012,Q4,2012-12-31,2012-12-31,406000000.0,7516000000.0,0.0,1.425106444219017,0.0,0.0,53734000000.0,9769000000.0,45553000000.0,8724000000.0,43965000000.0,0.0,12330000000.0,15230272860.0,17439272860.0,34.290307521122116,5.22157267308574,0.09653106040867979,0.5309652983928754,0.0,34.290307521122116,0.04156003685126421,2.026380103778606,9.37824683497537,1.5590411362473129,0.0,0.0,0.0,0.13987419510924182,1.2798028427326915,0.007555737521866974,21.330914369747898,0.0,-0.11484071787638694,0.521391788732007,0.6626844912844193,1.0277302597849562,0.0,-0.12875536480686695,0.0,0.18498896388124197,0.5615128270800837,0.7369746729150575,Healthcare Plans,Healthcare,CI
2012Q3,2012,Q3,2012-09-30,2012-09-30,466000000.0,7358000000.0,0.0,1.61,0.0,0.0,53531000000.0,9530000000.0,44288000000.0,226000000.0,44001000000.0,0.0,11962000000.0,13700408190.000002,16676408190.000002,33.451390180805994,195.9646017699115,0.09736414414077824,0.5469045120671564,0.0,33.451390180805994,0.04889821615949633,1.8619744754009244,7.350004393776825,1.4376084144805876,0.0,0.0,0.0,0.1374530645794026,18.146017699115045,0.008705236218266051,-31.066685238095243,0.0,0.22900763358778628,0.25824100710855874,0.6432235064179492,1.2172146121213057,0.0,0.22631578947368422,0.0,0.36424456006151945,0.5689601204200657,0.7799097465256551,Healthcare Plans,Healthcare,CI
2012Q2,2012,Q2,2012-06-30,2012-06-30,380000000.0,7457000000.0,0.0,1.31,0.0,0.0,53553000000.0,9022000000.0,44256000000.0,226000000.0,44531000000.0,0.0,11501000000.0,12570360000.0,14736360000.0,31.57968427316322,195.8230088495575,0.09730547308274046,0.5775881179339393,0.0,31.57968427316322,0.042119264021281314,1.6857127531178757,8.269973684210527,1.3933008202172468,0.0,0.0,0.0,0.13924523369372396,22.26991150442478,0.0070957742796855456,15.53814585908529,0.0,0.02343750000000002,0.9001615146883444,0.6852448216437818,1.228121544112991,0.0,0.02425876010781671,0.0,-0.1619186941234833,0.5940542907377073,0.9281687110033894,Healthcare Plans,Healthcare,CI
2012Q1,2012,Q1,2012-03-31,2012-03-31,371000000.0,6788000000.0,0.0,1.28,0.0,0.0,52785000000.0,8561000000.0,43648000000.0,227000000.0,44224000000.0,0.0,11123000000.0,14044080750.0,17150080750.0,30.021847460539558,192.28193832599118,0.09883489627735152,0.6093914262352529,0.0,30.021847460539558,0.04333605887162715,2.068957093400118,9.463666273584906,1.6404719950940312,0.0,0.0,0.0,0.12859713933882733,18.480176211453745,0.0070285118878469265,16.33032645348837,0.0,0.18540799999999996,0.3053798142069735,0.5780613412038266,1.0966598465482067,0.0,0.2793103448275862,0.0,0.7050416980594093,0.35948628016920886,1.1361747379576974,Healthcare Plans,Healthcare,CI
2011Q4,2011,Q4,2011-12-31,2011-12-31,290000000.0,5463000000.0,0.0,1.0797969981643452,0.0,0.0,51047000000.0,8344000000.0,45083000000.0,104000000.0,42703000000.0,0.0,11143000000.0,11279898000.0,11683898000.0,31.0683660437355,433.49038461538464,0.09979038924912335,0.6104985618408437,0.0,31.0683660437355,0.034755512943432404,2.0647808896210873,9.72405,1.3518573825503355,0.0,0.0,0.0,0.10701902168589732,60.31730769230769,0.0056810390424510745,96.40938461538461,0.0,0.4591851326545205,0.48605067040499844,0.5445031747771714,1.2909204238077239,0.0,0.45,0.0,2.4089284228919032,0.1515737929746082,1.3587134637964615,Healthcare Plans,Healthcare,CI
2011Q3,2011,Q3,2011-09-30,2011-09-30,200000000.0,5613000000.0,0.0,0.74,0.0,0.0,47804000000.0,7761000000.0,42185000000.0,330000000.0,40043000000.0,0.0,10855000000.0,11263783860.0,12574783860.0,28.897601733632698,127.83333333333333,0.06721194879089616,0.41399304213374566,0.0,28.897601733632698,0.025769875016106173,2.0067314911811867,14.079729825,1.4513315114031695,0.0,0.0,0.0,0.11741695255627144,11.003030303030304,0.0041837503137812735,20.11389975,0.0,-0.5066666666666667,-0.20212044542013508,0.6129953904729525,1.1673928593870222,0.0,-0.5098039215686274,0.0,0.18760250205447762,0.1746580753600936,0.6976562862495272,Healthcare Plans,Healthcare,CI
2011Q2,2011,Q2,2011-06-30,2011-06-30,408000000.0,5509000000.0,0.0,1.5,0.0,0.0,47033000000.0,7548000000.0,41637000000.0,330000000.0,39485000000.0,0.0,10658000000.0,13811886510.0,15250886510.0,28.10576525653772,126.17272727272727,0.06831373716326834,0.42567567567567566,0.0,28.10576525653772,0.05405405405405406,2.507149484479942,8.46316575367647,1.829873676470588,0.0,0.0,0.0,0.11713052537579997,10.287878787878787,0.008674760274700741,33.36204471014493,0.0,-0.044585987261146535,0.9230766497398164,0.7298159485454077,1.0691305111868217,0.0,-0.04895104895104895,0.0,0.5502352573196752,0.1707788104152567,0.6408884759849822,Healthcare Plans,Healthcare,CI
2011Q1,2011,Q1,2011-03-31,2011-03-31,429000000.0,5413000000.0,0.0,1.57,0.0,0.0,46517000000.0,7024000000.0,41251000000.0,330000000.0,39493000000.0,0.0,10270000000.0,11972293560.0,13529293560.0,25.978541074129826,125.0030303030303,0.06907152223918138,0.45743166287015946,0.0,25.978541074129826,0.06107630979498861,2.2117667762793274,6.97686104895105,1.704483707289294,0.0,0.0,0.0,0.11636605972010233,9.836363636363636,0.009222434808779587,-544.1951618181819,0.0,-0.0787846203904555,0.624580294829072,0.7568710104019563,0.749423477962424,0.0,-0.06941431670281996,0.0,6.555587721767294,0.21019630498618655,0.4904498597942394,Healthcare Plans,Healthcare,CI
2010Q4,2010,Q4,2010-12-31,2010-12-31,461000000.0,5429000000.0,0.0,1.7042702876556857,0.0,0.0,45682000000.0,6645000000.0,40413000000.0,552000000.0,39019000000.0,0.0,9879000000.0,9916420020.0,11151420020.0,24.56589167347512,73.21195652173913,0.06216890679042073,0.42738901429646353,0.0,24.56589167347512,0.06937547027840482,1.8265647485724812,5.377668123644251,1.4923130203160269,0.0,0.0,0.0,0.11884330808633597,5.6105072463768115,0.010091502123374634,26.873766991869918,0.0,0.5082037943855627,2.0910784633823067,0.8157921925987264,0.7456557134582671,0.0,0.501628664495114,0.0,0.8194169508792231,0.2649087387361337,0.4526846069905039,Healthcare Plans,Healthcare,CI
2010Q3,2010,Q3,2010-09-30,2010-09-30,307000000.0,5266000000.0,0.0,1.13,0.0,0.0,,,,,,,,9678382660.0,,,0.0,0.0,0.0,0.0,,0.0,1.8379002392707937,7.881419104234528,0.0,0.0,0.0,0.0,0.0,0.0,0.0,22.989032446555818,0.0,0.06603773584905645,0.669041018218388,0.8436020701305281,0.0,0.0,0.04421768707482993,0.0,-0.1269631591184182,0.23860830304458722,0.0,Healthcare Plans,Healthcare,CI
2010Q2,2010,Q2,2010-06-30,2010-06-30,294000000.0,5353000000.0,0.0,1.06,0.0,0.0,44432000000.0,5976000000.0,40678000000.0,326000000.0,38441000000.0,0.0,9129000000.0,8544823420.0,9931823420.0,21.722457080336014,124.77914110429448,0.06382787180410515,0.4745649263721553,0.0,21.722457080336014,0.04919678714859438,1.5962681524378852,7.26600630952381,1.4298566633199465,0.0,0.0,0.0,0.12047623334533669,9.383435582822086,0.006616852718761253,27.47531646302251,0.0,0.03921568627450984,-0.42544349634869344,0.8339625014805648,0.4302930871154159,0.0,0.038869257950530034,0.0,0.5266787112364323,0.2562888337915793,0.532639598075322,Healthcare Plans,Healthcare,CI
2010Q1,2010,Q1,2010-03-31,2010-03-31,283000000.0,5205000000.0,0.0,1.02,0.0,0.0,43864000000.0,5801000000.0,40125000000.0,326000000.0,38049000000.0,0.0,8840000000.0,10084667040.0,11323667040.0,21.041902440439916,123.08282208588957,0.057860660222505925,0.43751077400448196,0.0,21.041902440439916,0.048784692294432,1.937496069164265,8.908716466431096,1.738435966212722,0.0,0.0,0.0,0.11866222870691227,9.208588957055214,0.006451759985409447,29.48733052631579,0.0,-0.15186072727272726,-0.07797359165686304,0.7016661778216694,0.5521495167098488,0.0,-0.14242424242424243,0.0,0.029955921600457108,0.25161857917882885,0.4695202218931732,Healthcare Plans,Healthcare,CI
2009Q4,2009,Q4,2009-12-31,2009-12-31,330000000.0,4636000000.0,0.0,1.2026326722497978,0.0,0.0,43013000000.0,5417000000.0,39275000000.0,104000000.0,37584000000.0,0.0,8625000000.0,9678017460.0,11294017460.0,19.741397532051984,377.6442307692308,0.059051914537465416,0.4688942218940373,0.0,19.741397532051984,0.0609193280413513,2.087579262295082,7.33183140909091,1.7866009710171682,0.0,0.0,0.0,0.10778136842349988,26.71153846153846,0.00767209913282031,25.007797054263566,0.0,0.010615690966216644,-0.07210981317023349,0.5761427674196843,0.5369047574999529,0.0,0.00303951367781155,-1.0,0.6551009975819166,0.28285027791678424,0.4556919645217219,Healthcare Plans,Healthcare,CI
2009Q3,2009,Q3,2009-09-30,2009-09-30,329000000.0,4517000000.0,487000000.0,1.19,0.0,0.0,42653000000.0,5157000000.0,38950000000.0,104000000.0,37485000000.0,0.0,8303000000.0,7707839820.0,9410839820.0,18.793868759976384,374.5192307692308,0.059526879703655076,0.49234050804731433,0.04287941787941788,18.793868759976384,0.06379678107426799,1.7064068673898605,5.857021139817629,1.4946363816172195,0.0,0.0,0.0,0.10590110894896021,24.21153846153846,0.0077134082010644036,102.7711976,0.0,-0.24683544303797475,0.5177067473501082,0.488712974556536,0.6542169340586971,0.0,-0.24367816091954023,0.0,0.2846303532990902,0.2704661992001113,0.40958745732942314,Healthcare Plans,Healthcare,CI
2009Q2,2009,Q2,2009-06-30,2009-06-30,435000000.0,4488000000.0,0.0,1.58,0.0,0.0,41649000000.0,4489000000.0,37968000000.0,106000000.0,37151000000.0,0.0,7986000000.0,6602731740.0,8121731740.0,16.378071116364936,358.188679245283,0.06100986818411006,0.566050345288483,0.0,16.378071116364936,0.09690354199153486,1.471196911764706,3.7946734137931033,1.4708691779906438,0.02528735632183908,0.0,0.0016659771187372214,0.10775768926024634,24.78301886792453,0.010444428437657567,-183.409215,0.0,1.0789473684210527,0.28336369595993155,0.4718320979411116,0.5965630838873436,0.0,1.0913461538461537,0.0,1.0089786088636816,0.3807962432284857,0.20574431444721053,Healthcare Plans,Healthcare,CI
2009Q1,2009,Q1,2009-03-31,2009-03-31,208000000.0,4773000000.0,0.0,0.76,0.0,0.0,41234000000.0,3831000000.0,37554000000.0,377000000.0,37396000000.0,0.0,7536000000.0,4794875690.0,5882875690.0,14.054022326489136,99.61273209549071,0.05973225978561381,0.6429130775254502,0.0,14.054022326489136,0.05429391803706604,1.0045832160067043,5.763071742788462,1.2515989793787523,0.0,0.0,0.0,0.11575398942620167,7.978779840848806,0.005044380850754232,399.57297416666665,0.0,1.9916545454545456,3.087756802926973,0.549464995264489,0.2689225620149014,0.0,1.9952153110047848,0.0,-0.21872225021769215,0.5365670505074079,-0.05358670652017258,Healthcare Plans,Healthcare,CI
2008Q4,2008,Q4,2008-12-31,2008-12-31,-209000000.0,4817000000.0,0.0,-0.7663959223336573,0.0,0.0,41406000000.0,3592000000.0,36204000000.0,301000000.0,37814000000.0,0.0,7374000000.0,4595079250.0,5644079250.0,13.171742358959316,120.27906976744185,0.05774525431096943,0.6656458797327395,0.0,13.171742358959316,-0.05818485523385301,0.9539296761469794,-5.496506279904306,1.2792536887527841,0.0,0.0,0.0,0.11633579674443317,9.916943521594684,-0.005047577645751824,8.702801609848485,0.0,-2.2361224553768664,-2.1042896914247997,0.6398433507514497,0.21794791556689985,0.0,-2.2222222222222223,-1.0,-2.3900318201335646,0.598057130200946,-0.0640141375391428,Healthcare Plans,Healthcare,CI
2008Q3,2008,Q3,2008-09-30,2008-09-30,171000000.0,4852000000.0,232000000.0,0.62,0.0,0.0,40776000000.0,4642000000.0,37126000000.0,315000000.0,36134000000.0,0.0,7582000000.0,9266515900.0,10593515900.0,17.02205680130544,117.86031746031746,0.058980773003727685,0.518095648427402,0.024123740598836388,17.02205680130544,0.036837570012925466,1.9098342745259687,13.547537865497073,1.9962334984920291,0.0,0.0,0.0,0.11899156366490092,8.790476190476191,0.0041936433195997646,21.060263409090908,0.0,-0.36082474226804123,0.34368116299241364,0.5576292272120863,0.6795249168777352,0.0,-0.3713235294117647,0.0,-0.07786586870746309,0.6849091030082061,0.1458821221952756,Healthcare Plans,Healthcare,CI
2008Q2,2008,Q2,2008-06-30,2008-06-30,272000000.0,4863000000.0,0.0,0.97,0.0,0.0,41415000000.0,4754000000.0,37789000000.0,428000000.0,36661000000.0,0.0,7412000000.0,9822530597.8,11535530597.8,17.128382378129974,88.29205607476635,0.06079922733309188,0.5296592343289861,0.0,17.128382378129974,0.05721497686159024,2.0198500098293235,9.028061211213235,2.0661612532183424,0.04044117647058824,0.0,0.0011198743430194786,0.11742122419413256,5.808411214953271,0.006567668719063141,66.81993603945578,0.0,3.619047619047619,8.736842123453181,0.5820453934289231,0.7019415319030605,0.0,3.689655172413793,0.0,-0.47311827905850723,0.6514152508949077,0.12780091213004954,Healthcare Plans,Healthcare,CI
2008Q1,2008,Q1,2008-03-31,2008-03-31,58000000.0,4569000000.0,0.0,0.21,0.0,0.0,40988000000.0,4814000000.0,38555000000.0,251000000.0,36174000000.0,0.0,7142000000.0,11205047611.32,10696047611.32,17.430000012020688,153.60557768924303,0.05711427734946814,0.48628998753635233,0.0,17.430000012020688,0.012048192771084338,2.452407006198293,48.29761901431034,2.3275960970751974,0.05172413793103448,0.0,0.00026773647949244084,0.11147165023909437,96.74900398406375,0.0014150483068215087,39.45439299760563,0.0,-0.7758116406463879,-0.6272189348700283,0.41436966232444217,0.7659094325915081,0.0,-0.779467680608365,0.0,-0.8113772456038603,0.4910216700467425,0.28571863554106286,Healthcare Plans,Healthcare,CI
2007Q4,2007,Q4,2007-12-31,2007-12-31,263000000.0,4455000000.0,0.0,0.9367123279972227,0.0,0.0,40065000000.0,4748000000.0,37657000000.0,3000000.0,35317000000.0,0.0,7113000000.0,15085730781.63,14908730781.63,16.910684917607657,12552.333333333334,0.0447522775489829,0.37763268744734624,0.0,16.910684917607657,0.05539174389216512,3.3862470890303027,14.340048271511407,3.1772811250273794,0.011406844106463879,0.0,0.00019886341891061195,0.11119430924747285,7820.0,0.006564332958941719,30.353583061629777,0.0,-0.2681934937521698,7.362992078669881,0.5369617352800214,0.835018018612847,0.0,-0.27945205479452057,0.0,-0.27728042228794963,0.48023702725108897,0.31652848083609875,Healthcare Plans,Healthcare,CI
2007Q3,2007,Q3,2007-09-30,2007-09-30,365000000.0,4413000000.0,0.0,1.28,0.0,0.0,39800000000.0,4236000000.0,37425000000.0,0.0,35564000000.0,0.0,6865000000.0,15296307704.88,28572307704.879997,15.087123275270857,0.0,0.045050251256281405,0.4232766761095373,0.0,15.087123275270857,0.08616619452313504,3.466192545859959,10.476923085534247,3.611026370368272,0.00821917808219178,0.0,0.00019612576171195264,0.11087939698492462,0.0,0.009170854271356783,56.652991499555554,0.0,0.8823529411764705,1.6220095690440612,0.26396092352809064,0.42010246792329936,0.0,0.8434343434343434,-1.0,0.645569618334977,0.4214324945501664,0.32795302164361423,Healthcare Plans,Healthcare,CI
2007Q2,2007,Q2,2007-06-30,2007-06-30,198000000.0,4381000000.0,328000000.0,0.68,0.0,0.0,41526000000.0,4009000000.0,39217000000.0,0.0,37517000000.0,0.0,6513000000.0,14770800007.46,28125800007.46,14.173232316074126,0.0,0.04315368684679478,0.44699426290845595,0.03740734356145492,14.173232316074126,0.04938887503117984,3.3715590064962337,18.65000000941919,3.6844100791868293,0.015151515151515152,0.0,0.00020310342015901971,0.10550016856908924,0.0,0.004768097095795405,-321.1043479882608,0.0,-0.3037545038380532,0.38157894649849466,0.3159936073941179,0.1496688599589785,0.0,-0.314878892733564,0.0,-0.43396226378102326,0.39218957437890517,0.3816315324576135,Healthcare Plans,Healthcare,CI
2007Q1,2007,Q1,2007-03-31,2007-03-31,289000000.0,4374000000.0,0.0,0.976667,0.0,0.0,42378000000.0,4152000000.0,40036000000.0,291000000.0,38226000000.0,0.0,6375000000.0,13788866579.8815,14282866579.8815,14.31889274264751,137.5807560137457,0.049152862334230024,0.5016859344894027,0.0,14.31889274264751,0.06960500963391136,3.152461495171811,11.9280852767141,3.321017962399205,0.006920415224913495,0.0,0.00014504455376470745,0.10321393175704376,81.7147766323024,0.00681957619519562,38.409099108305014,0.0,0.34411991566912925,0.9415584442744825,0.32712123664675696,0.20604530526060547,0.0,0.24568965517241378,-1.0,4.339285719498201,0.33485077396141777,0.2928374270454025,Healthcare Plans,Healthcare,CI
