Quarters,Year,Quarter,FillingDate,Date,NetIncome,Revenue,OperatingIncome,EPSDiluted,GrossProfit,GrossProfitRatio,TotalAssets,CommonStockEquity,CurrentAssets,CurrentLiability,TotalLiability,Inventory,RetainedEarnings,MarketCap,EnterpriseValue,bookValuePerShare,currentRatio,debtToAssets,debtToEquity,roic,shareholdersEquityPerShare,roe,priceToSalesRatio,peRatio,pbRatio,payoutRatio,inventoryTurnover,dividendYield,assetTurnover,quickRatio,returnOnAssets,priceToFreeCashFlowsRatio,grossProfitMargin,epsdilutedGrowth,fiveYNetIncomeGrowthPerShare,fiveYRevenueGrowthPerShare,fiveYShareholdersEquityGrowthPerShare,grossProfitGrowth,netIncomeGrowth,operatingIncomeGrowth,threeYNetIncomeGrowthPerShare,threeYRevenueGrowthPerShare,threeYShareholdersEquityGrowthPerShare,Industry,Sector,Symbol
2023Q4,2023,Q4,2023-03-31,2023-03-31,773321000000.0,1328859000000.0,1713197000000.0,64.58,1328859000000.0,1.0,386799477000000.0,17231291000000.0,113630172000000.0,5669957000000.0,368526621000000.0,0.0,12739228000000.0,10474062823039.291,-55873593176960.7,1400.267467194117,20.040746693493443,0.12224038245015517,2.743991497793172,0.02695832542176004,1400.267467194117,0.04487887761862997,7.881997129145598,3.386065690392247,0.6078513109110217,,0.0,,0.00343552429363807,20.040746693493443,0.0019992814002693184,0.0,1.0,6.2561797752808985,1.2626484979339117,13.5757078116665,0.14750472633726164,-0.11603048255621352,5.899477177830913,0.7350657689518694,15.377272975769186,0.004273678298603136,0.12443308789930908,Banks—Diversified,Financial Services,MUFG
2023Q3,2023,Q3,2022-12-31,2022-12-31,112084000000.0,1503286000000.0,987396000000.0,8.9,1503286000000.0,1.0,391386575000000.0,16656903000000.0,104314618000000.0,8377506000000.0,373693295000000.0,0.0,11962825000000.0,10980842298077.049,-45597664701922.95,1323.352610258112,12.451750914890422,0.12196665406829552,2.865845529628167,0.007948241391581679,1323.352610258112,0.006728981972218965,7.304559676653045,24.49243937153619,0.6592367319469321,,0.0,,0.003840923772104345,12.451750914890422,0.00028637671080056844,0.0,1.0,-0.0460878885316184,0.6080232409408083,-0.007239885759890472,0.0,-0.02248189041915389,-0.04532988092601741,0.3293553933084981,5.4527189730435435,0.3341538724245511,0.020400618748681324,Banks—Diversified,Financial Services,MUFG
2023Q2,2023,Q2,2022-09-30,2022-09-30,117406000000.0,1537860000000.0,742763000000.0,9.33,1537860000000.0,1.0,391800530000000.0,16821315000000.0,102378661000000.0,6592217000000.0,373949594000000.0,0.0,12047913000000.0,8180721542731.501,-47463743457268.5,1336.414765291239,15.530232242051499,0.11928058392366137,2.778272447784255,0.0055503310051595025,1336.414765291239,0.006979597017236762,5.319548946413524,17.419726297487994,0.4863306788281119,,0.0,,0.003925109544900309,15.530232242051499,0.0002996575834136825,0.0,1.0,0.04479283314669657,-0.7558341868960265,1.069266997935687,0.18966342327864166,-0.08852809965701118,0.03273079122135726,0.6895146156663202,-0.4528088424218312,0.27187924776431627,0.021277898012326803,Banks—Diversified,Financial Services,MUFG
2023Q1,2023,Q1,2022-06-30,2022-06-30,113685000000.0,1687227000000.0,439631000000.0,8.93,1687227000000.0,1.0,386909204000000.0,16637622000000.0,110101177000000.0,5603851000000.0,369276393000000.0,0.0,11930296000000.0,9079271169698.4,-50370365830301.59,1321.8207791801267,19.64741335913464,0.13091324650938002,3.044397811177583,0.0036300037785342064,1321.8207791801267,0.006833007745938692,5.381179396547353,19.965851189027575,0.5457072633155388,0.0,0.0,0.0,0.00436078279492157,19.64741335913464,0.0002938286265218958,17.057802353523904,1.0,0.4983221476510067,-0.5847633795535897,0.5005760365504309,0.0,0.31103373573364496,0.484778037535753,1.4207022625032348,-0.7015450075977673,0.4281091704286227,0.03420449259037104,Banks—Diversified,Financial Services,MUFG
2022Q4,2022,Q4,2022-03-31,2022-03-31,76567000000.0,1286944000000.0,181613000000.0,5.96,1286944000000.0,1.0,373731910000000.0,17023773000000.0,110763205000000.0,4538322000000.0,355743666000000.0,0.0,11998157000000.0,9724707175407.201,-81926025824592.8,1325.917499789707,24.40620233645828,0.05113952405080958,1.1226930716240167,0.011435639945582316,1325.917499789707,0.004497651607549043,7.556433827273915,31.752279622445702,0.5712427659489586,,0.0,,0.0034434950978630644,26.42999527138004,0.00020487145451401247,0.0,1.0,-0.7446443873179092,0.0,0.0,0.0,0.07016051443116457,-0.7445075479505079,-0.656168177764988,167.62875902459228,0.2572265497041817,0.05900290364086185,Banks—Diversified,Financial Services,MUFG
2022Q3,2022,Q3,2021-12-31,2021-12-31,299684000000.0,1202571000000.0,528203000000.0,23.34,1202571000000.0,1.0,364838682000000.0,17686568000000.0,110385206000000.0,4427429000000.0,347152114000000.0,0.0,11937436000000.0,8066175518184.202,-41387462481815.8,1377.5401036198405,24.932123360984445,0.16700961549904952,3.445075833819201,0.005030289458437334,1377.5401036198405,0.016944157849052455,6.707442236827765,6.7289007072317855,0.45606222293574433,,0.0,,0.0032961718680915527,24.932123360984445,0.0008214150932603139,0.0,1.0,-0.24758220502901354,3.214942146414454,-0.2214387306582596,0.0,0.0,-0.2476885962379911,0.0,-0.054405463179912836,-0.3337208926703232,0.12734799578686185,Banks—Diversified,Financial Services,MUFG
2022Q2,2022,Q2,2021-09-30,2021-09-30,398351000000.0,1286324000000.0,0.0,31.02,0.0,0.0,360444676000000.0,17799888000000.0,0.0,4073033000000.0,341696108000000.0,0.0,11821420000000.0,8454294549621.199,-37315234450378.8,1386.3661712063954,0.0,0.16318993986194985,3.3045682646991934,0.0,1386.3661712063954,0.02237941047718952,6.572445627712146,5.305807284041712,0.4749633564897262,,0.0,,0.003568714106904994,25.67876911382746,0.0011051654429208436,0.0,0.0,0.04303967720242102,0.0,0.0,0.3771234820610934,0.0,0.03985830709874126,0.0,0.6828189442788825,1.3855908684805553,0.17199524206156092,Banks—Diversified,Financial Services,MUFG
2022Q1,2022,Q1,2021-06-30,2021-06-30,383082000000.0,1251993000000.0,0.0,29.74,0.0,0.0,362061176000000.0,17368189000000.0,0.0,3626560000000.0,343757886000000.0,0.0,11419329000000.0,7764217882898.399,-41388868117101.59,1352.7427635903682,0.0,0.16326088495055874,3.403373143855125,0.0,1352.7427635903682,0.022056531052258816,6.201486655994402,5.066942510283959,0.4470366992723536,,0.0,,0.0034579598227897266,29.85294990293832,0.0010580587629754592,0.0,0.0,1.253030303030303,0.3717140563099198,0.09160559267873145,0.0,0.0,1.253675410781205,0.0,0.2438873173906037,0.07204597997604371,0.12587844539221235,Banks—Diversified,Financial Services,MUFG
2021Q4,2021,Q4,2021-03-31,2021-03-31,169981000000.0,1242867000000.0,0.0,13.2,0.0,0.0,359473515000000.0,16802571000000.0,0.0,6735821000000.0,341757260000000.0,0.0,11200087000000.0,7641453184400.46,-66038023815599.55,1308.5200356330247,0.0,0.08151152387401893,1.7438541994555476,0.0,1308.5200356330247,0.010116368500987141,6.148246903651364,11.238687242104206,0.4547788064338761,,0.0,,0.0034574647314420366,22.55420089102724,0.0004728609839309024,0.0,0.0,-0.17551530293566533,0.0,0.0,0.0,0.0,-0.1756938281662957,0.0,-0.5233834450633843,12.064321643443154,0.07231865381025994,Banks—Diversified,Financial Services,MUFG
2021Q3,2021,Q3,2020-12-31,2020-12-31,206211000000.0,1150819000000.0,0.0,16.01,0.0,0.0,351708459000000.0,16587537000000.0,0.0,3794829000000.0,334244387000000.0,0.0,11027340000000.0,5866056111919.257,-38312323888080.75,1291.7740092456158,0.0,0.1560684953556946,3.3091477052922325,0.0,1291.7740092456158,0.012431682895417203,5.0972882025055695,7.111715805557484,0.3536423829480686,0.0,0.0,0.0,0.0032720822333135867,26.106312036721548,0.0005863123127214862,0.0,0.0,-0.051540284360189426,1.8999054900078662,-0.2550398412900402,0.0,0.0,-0.05117929086107098,0.0,1.8999054900078662,-0.2550398412900402,0.0,Banks—Diversified,Financial Services,MUFG
2021Q2,2021,Q2,2020-09-30,2020-09-30,217334000000.0,1214007000000.0,0.0,16.88,0.0,0.0,348428258000000.0,16456872000000.0,0.0,5709422000000.0,331105800000000.0,0.0,10982157000000.0,5439923511892.619,-28949445488107.375,1281.598318248328,0.0,0.16969931296444962,3.5929085430086594,0.0,1281.598318248328,0.01320627638107655,4.480965523174594,6.25756153189632,0.33055634824726227,0.0,0.0,0.0,0.0034842380665921764,20.618207412238927,0.0006237553786466997,0.0,0.0,0.18456140350877187,0.0,0.0,0.23578152841037903,0.0,0.18443310880038366,0.0,-0.5569573324948376,0.6011950439719843,0.14086635538121364,Banks—Diversified,Financial Services,MUFG
2021Q1,2021,Q1,2020-06-30,2020-06-30,183492000000.0,1345878000000.0,0.0,14.25,0.0,0.0,341904921000000.0,16070348000000.0,0.0,5442867000000.0,325006830000000.0,0.0,10762262000000.0,5423292624143.07,-28611625375856.938,1251.4973058346313,0.0,0.15742259527174224,3.3492466995736496,0.0,1251.4973058346313,0.011418047698780387,4.029557377520898,7.389004185663504,0.33747200895357526,0.0,0.0,0.0,0.003936410146024192,16.141948351852065,0.0005366755162906824,0.0,0.0,4.8203753351206435,-0.3430490698335435,0.17331196676988506,0.0,0.0,4.269228713453418,0.0,-0.3430490698335435,0.17331196676988506,0.0,Banks—Diversified,Financial Services,MUFG
2020Q4,2020,Q4,2020-03-31,2020-03-31,-56127000000.0,1380751000000.0,0.0,-3.73,0.0,0.0,336571379000000.0,15990894000000.0,0.0,8350438000000.0,319715641000000.0,0.0,10855798000000.0,5049055082204.64,-43227694917795.36,1245.3097318668626,0.0,0.08930909125223033,1.8797500627544652,0.0,1245.3097318668626,-0.003509935091809126,3.656745555284508,-22.489421678535464,0.3157456413759381,,0.0,,0.004102401707781576,12.388020005657188,-0.0001667610602148081,0.0,0.0,-16.761904761904763,0.0,0.0,0.0,0.0,-1.1856308411214953,0.0,0.0,0.0,0.0,Banks—Diversified,Financial Services,MUFG
2020Q3,2020,Q3,2019-12-31,2019-12-31,-25680000000.0,1149509000000.0,0.0,-0.21,0.0,0.0,314398868000000.0,16653297000000.0,0.0,4286482000000.0,296651046000000.0,0.0,10927050000000.0,7591286566135.9,-31748155433864.1,1296.8951468110056,0.0,0.10860227397510859,2.0503106381877414,0.0,1296.8951468110056,-0.0015420369912336278,6.60393834770837,-73.90271189774046,0.4558428619951893,,0.0,,0.0036562122736396112,17.14316635413376,-8.167968340140461e-05,0.0,0.0,-1.0123529411764707,-1.3611328832283536,-0.25588784415400934,0.0,0.0,-1.1173186654544955,0.0,-1.3611328832283536,-0.25588784415400934,0.0,Banks—Diversified,Financial Services,MUFG
2020Q2,2020,Q2,2019-09-30,2019-09-30,218891000000.0,1233524000000.0,0.0,17.0,0.0,0.0,314480055000000.0,16803227000000.0,0.0,5329906000000.0,296597593000000.0,0.0,11113789000000.0,7036810528728.239,-22065598471271.758,1308.5711224067913,0.0,0.13955355610707967,2.6118084341775543,0.0,1308.5711224067913,0.013026723973912867,5.704640143789857,8.036888826777071,0.41877732942179735,,0.0,,0.003922423633511512,17.076926685010957,0.0006960409619618007,0.0,0.0,-0.43446440452428475,0.0,0.0,0.3997078170949221,0.0,-0.44027238299319554,0.0,0.0,0.0,0.2998470808367347,Banks—Diversified,Financial Services,MUFG
2020Q1,2020,Q1,2019-06-30,2019-06-30,391067000000.0,1212939000000.0,0.0,30.06,0.0,0.0,312755325000000.0,16516259000000.0,0.0,6416205000000.0,295090070000000.0,0.0,10892842000000.0,6710863868106.706,-32634526131893.297,1278.1038843385445,0.0,0.11078956369487873,2.097934284028847,0.0,1278.1038843385445,0.02367769844248628,5.532729896645013,4.290098543284595,0.4063186383857692,,0.0,,0.0038782361259556493,11.532582889729989,0.0012503927790837774,0.0,0.0,142.14285714285714,0.39128723263837717,0.050743225813793064,0.0,0.0,854.72647702407,0.0,0.39128723263837717,0.050743225813793064,0.0,Banks—Diversified,Financial Services,MUFG
2019Q4,2019,Q4,2019-03-31,2019-03-31,457000000.0,1030273000000.0,0.0,0.21,0.0,0.0,311138903000000.0,16179492000000.0,0.0,7594571000000.0,293877227000000.0,0.0,10640655000000.0,7310092366890.521,-38859465633109.48,1252.0433090704382,0.0,0.09011196198760141,1.7328935296608818,0.0,1252.0433090704382,2.8245633422854066e-05,7.09529645724048,3998.9564370298262,0.45181223037722823,,0.0,,0.003311295984096209,12.92440902850207,1.4687973621864959e-06,0.0,0.0,-0.9914910858995137,0.0,0.0,0.0,0.0,-0.998567312786655,0.0,0.0,0.0,0.0,Banks—Diversified,Financial Services,MUFG
2019Q3,2019,Q3,2018-12-31,2018-12-31,318981000000.0,1816606000000.0,0.0,24.68,0.0,0.0,307194844000000.0,15790351000000.0,0.0,4447021000000.0,290094522000000.0,0.0,10659098000000.0,6943334963417.289,-33858308036582.71,1221.9297934337928,0.0,0.10753628403997562,2.092074584029196,0.0,1221.9297934337928,0.020201007564683016,3.8221468845843782,5.441809201345291,0.43972011536775135,,0.0,,0.005913530241412515,16.603527395080885,0.0010383670371759235,0.0,0.0,0.33839479392624716,3.4574518805795584,0.16852121097128445,0.0,0.0,0.33884432804059583,0.0,3.4574518805795584,0.16852121097128445,0.0,Banks—Diversified,Financial Services,MUFG
2019Q2,2019,Q2,2018-09-30,2018-09-30,238251000000.0,542701000000.0,0.0,18.44,0.0,0.0,300124250000000.0,15286133000000.0,0.0,10385184000000.0,284174611000000.0,0.0,8071376000000.0,9217056859345.148,-27529662140654.85,1182.911091659171,0.0,0.1268616281423444,2.4907706219748316,0.0,1182.911091659171,0.015586087076437187,16.98367399239203,9.671582553006228,0.602968511352423,,0.0,,0.0018082544146299409,9.366461489753094,0.0007938412174291147,0.0,0.0,-0.23134639433097112,0.0,0.0,0.44970725496399266,0.0,-0.24364761904761906,0.0,0.0,0.0,0.14062234321761322,Banks—Diversified,Financial Services,MUFG
2019Q1,2019,Q1,2018-06-30,2018-06-30,315000000000.0,1194506000000.0,0.0,23.99,0.0,0.0,299107498000000.0,15778397000000.0,0.0,5109376000000.0,282051839000000.0,0.0,10245686000000.0,8197753648507.689,-32971691351492.312,1201.4998325322101,0.0,0.11037547443895906,2.0923628680403974,0.0,1201.4998325322101,0.019964005215485452,6.8628819348816075,6.506153689291817,0.519555544743087,,0.0,,0.0039935675567718465,14.519107029899542,0.0010531330779277222,0.0,0.0,-0.1361181130716601,0.10276392172521534,0.018245124806237162,0.0,0.0,-0.13635453879961507,0.0,0.10276392172521534,0.018245124806237162,0.0,Banks—Diversified,Financial Services,MUFG
2018Q4,2018,Q4,2018-03-31,2018-03-31,364733000000.0,97293000000.0,0.0,27.77,0.0,0.0,306937415000000.0,16024913000000.0,0.0,7414043000000.0,289642379000000.0,0.0,10064649000000.0,9284770885283.525,-38849805114716.48,1220.271633794183,0.0,0.08659456847253373,1.6586119999528235,0.0,1220.271633794183,0.02276037317644096,95.43102674687312,6.364087486794124,0.5793960245078101,,0.0,,0.00031697992895392046,15.7472906483008,0.0011882976208684106,0.0,0.0,1.239516129032258,0.0,0.0,0.0,0.0,4.0153734031874375,0.0,0.0,0.0,0.0,Banks—Diversified,Financial Services,MUFG
2018Q3,2018,Q3,2017-12-31,2017-12-31,72723000000.0,1579857000000.0,0.0,12.4,0.0,0.0,,,,,,,,10760493065472.078,,,0.0,0.0,0.0,0.0,,0.0,6.811055092626787,36.9913681554394,0.0,,0.0,,0.0,0.0,0.0,0.0,0.0,-0.6753926701570682,0.0,0.0,0.0,0.0,-0.855040773083984,0.0,0.0,0.0,0.0,Banks—Diversified,Financial Services,MUFG
2018Q2,2018,Q2,2017-09-30,2017-09-30,501679000000.0,775391000000.0,0.0,38.2,0.0,0.0,300400980000000.0,14752184000000.0,0.0,11511019000000.0,284920607000000.0,0.0,4601402000000.0,9511525009806.295,-19121941990193.703,1123.355345000151,0.0,0.13808890037575777,2.811925407112601,0.0,1123.355345000151,0.034007100236819174,12.26674672495076,4.739846101693661,0.6447536859495717,,0.0,,0.0025811866525868193,9.317221351124518,0.0016700311696719499,0.0,0.0,0.7563218390804599,0.0,0.0,0.7534451903895311,0.0,0.7357633422714298,0.0,0.0,0.0,0.20159250869000678,Banks—Diversified,Financial Services,MUFG
2018Q1,2018,Q1,2017-06-30,2017-06-30,289025000000.0,1186980000000.0,0.0,21.75,0.0,0.0,,,,,,,,10046233641942.201,,,0.0,0.0,0.0,0.0,,0.0,8.46369243116329,8.689761821591732,0.0,,0.0,,0.0,0.0,0.0,0.0,0.0,0.0,0.0,0.0,0.0,0.0,0.0,0.0,0.0,0.0,0.0,Banks—Diversified,Financial Services,MUFG
2017Q2,2017,Q2,2016-09-30,2016-09-30,0.0,0.0,0.0,0.0,0.0,0.0,288912990000000.0,13964064000000.0,0.0,9517745000000.0,274208021000000.0,0.0,4602171000000.0,7088826515694.262,-17317235484305.734,1006.711590692992,0.0,0.11669781618334295,2.414448616104882,,1006.711590692992,0.0,0.0,0.0,0.5076478105295322,0.0,0.0,,0.0,10.140477602625412,0.0,0.0,0.0,0.0,0.0,0.0,0.6781415256644875,0.0,0.0,0.0,0.0,0.0,0.23376736170166512,Banks—Diversified,Financial Services,MUFG
2016Q2,2016,Q2,2015-09-30,2015-09-30,0.0,0.0,0.0,0.0,0.0,0.0,283978815000000.0,14385236000000.0,0.0,14244961000000.0,268947676000000.0,0.0,3678834000000.0,10136903225853.6,-2887028774146.3984,1037.0751534835485,0.0,0.12277338716270085,2.4236683360634474,,1037.0751534835485,0.0,0.0,0.0,0.7046740996013968,0.0,0.0,,0.0,6.350353503951327,0.0,0.0,0.0,0.0,0.0,0.0,0.6356219309141006,0.0,0.0,0.0,0.0,0.0,0.618770452325545,Banks—Diversified,Financial Services,MUFG
2015Q2,2015,Q2,2014-09-30,2014-09-30,0.0,0.0,0.0,0.0,0.0,0.0,260014355000000.0,12967812000000.0,0.0,11992278000000.0,246503844000000.0,0.0,2859520000000.0,8454878051652.229,6317149051652.227,934.888772088675,0.0,0.11464716246147257,2.298761579825494,,934.888772088675,0.0,0.0,0.0,0.6519895608952557,0.0,0.0,,0.0,6.954661241175363,0.0,0.0,0.0,0.0,0.0,0.0,0.8016635341793088,0.0,0.0,0.0,0.0,0.0,0.5584162185313853,Banks—Diversified,Financial Services,MUFG
2014Q2,2014,Q2,2013-09-30,2013-09-30,0.0,0.0,0.0,0.0,0.0,0.0,237948092000000.0,11318231000000.0,0.0,11735523000000.0,226267856000000.0,0.0,1633408000000.0,8689102380685.576,14022712380685.576,815.9654906938792,0.0,0.10217787331532795,2.148129862343329,,815.9654906938792,0.0,0.0,0.0,0.7677085209416186,0.0,0.0,,0.0,6.124260248137215,0.0,0.0,0.0,0.0,1.0,-1.0,0.46680964769555633,0.0,0.0,0.0,0.0,0.0,0.2868990708773795,Banks—Diversified,Financial Services,MUFG
2013Q2,2013,Q2,2012-09-30,2012-09-30,0.0,0.0,0.0,0.0,0.0,0.0,215170476000000.0,8886520000000.0,0.0,11844754000000.0,205995573000000.0,0.0,984673000000.0,4994884438732.909,18699233438732.91,640.656093020276,0.0,0.10856884938061856,2.628791810517503,,640.656093020276,0.0,0.0,0.0,0.562074292156312,0.0,0.0,,0.0,5.616436694253,0.0,0.0,0.0,0.0,-1.0,-1.0,-0.24236849467320018,0.0,0.0,0.0,0.0,0.0,0.23463534401602293,Banks—Diversified,Financial Services,MUFG
2012Q2,2012,Q2,2011-09-30,2011-09-30,0.0,0.0,0.0,0.0,0.0,0.0,212715173000000.0,8321148000000.0,0.0,10854769000000.0,204123303000000.0,0.0,590931000000.0,4738381470554.298,18537422470554.297,599.8967162762796,0.0,0.11125335661880593,2.8439918386261125,,599.8967162762796,0.0,0.0,0.0,0.5694384321194981,0.0,0.0,,0.0,0.9293270082486325,0.0,0.0,0.0,0.0,-1.0,-1.0,-0.2220456390183582,0.0,0.0,0.0,1.0,-1.0,0.07839645314736757,Banks—Diversified,Financial Services,MUFG
2011Q2,2011,Q2,2010-09-30,2010-09-30,0.0,0.0,0.0,0.0,0.0,0.0,203780829000000.0,8794964000000.0,0.0,6986725000000.0,194640427000000.0,0.0,717548000000.0,5349484077444.236,18681043077444.234,634.0555441830974,0.0,0.10032898138813637,2.3246397597534227,,634.0555441830974,0.0,0.0,0.0,0.6082439993437423,0.0,0.0,,0.0,1.054165864550272,0.0,0.0,0.0,0.0,-1.0,-1.0,-0.21629383855418596,0.0,0.0,0.0,-1.0,-1.0,-0.25017421728471745,Banks—Diversified,Financial Services,MUFG
2010Q2,2010,Q2,2009-09-30,2009-09-30,0.0,0.0,0.0,0.0,0.0,0.0,196814463000000.0,7197688000000.0,0.0,0.0,189353593000000.0,0.0,-375274000000.0,6615574412933.995,12801155412933.996,518.9030883696795,0.0,0.07142547750670132,1.953067012629611,,518.9030883696795,0.0,0.0,0.0,0.9191249207987336,0.0,0.0,,0.0,0.0,0.0,0.0,0.0,0.0,-1.0,-1.0,-0.2185412161695121,0.0,0.0,0.0,-1.0,-1.0,-0.32707929619984755,Banks—Diversified,Financial Services,MUFG
2009Q2,2009,Q2,2008-09-30,2008-09-30,-479177709360.0,185016426480.0,-740913432960.0,-32.5,0.0,0.0,189949879955160.0,7716223449840.0,0.0,7856522274960.0,182233656505320.0,0.0,647981356200.0,12859105612963.035,23696342126443.035,556.2858766137847,0.0,0.1113900422692277,2.742083001455684,-0.016130601639110266,556.2858766137847,-0.06210003021231014,69.50250773734993,-6.708943968897224,1.6665024926448542,0.0,0.0,0.0,0.0009740276041431318,2.145072968088263,-0.0025226533940064387,-5.747981172291255,0.0,-11.761589403973511,-1.829720007985319,-0.8625765614733354,0.09590786643527818,0.0,-7.995251580003143,-8.641227622619796,-2.5035206656129767,-0.8400376866396182,-0.3124188045872293,Banks—Diversified,Financial Services,MUFG
2009Q1,2009,Q1,2008-06-30,2008-06-30,68500425450.0,990441810460.0,96962617730.0,3.02,0.0,0.0,194299279643620.0,7096750278830.0,0.0,586342401410.0,185631267667840.0,0.0,4571261725030.0,12953486817866.701,10141889510326.701,511.6261828900157,0.0,0.034746780853140875,0.951319156577825,0.004142270851373334,511.6261828900157,0.009652365203597564,13.078493538000576,47.27520571139277,1.825270202406258,0.0,0.0,0.0,0.005097506343186909,34.7201593914146,0.00035255110351228354,0.0,0.0,1.0489148040168448,-0.7949927266296163,0.0,0.0,0.0,1.0798201801059921,1.1559628859862372,-0.6612643885569742,-0.03721342994775069,-0.2859919913925005,Banks—Diversified,Financial Services,MUFG
2008Q4,2008,Q4,2008-03-31,2008-03-31,-858184300750.0,676396271590.0,-621703151470.0,-61.74,0.0,0.0,190731786000000.0,8490115000000.0,0.0,7943270000000.0,182241671000000.0,0.0,935309000000.0,12049640081281.85,21216440081281.85,612.078058136688,0.0,0.10456287029158318,2.3490215385775106,-0.03302983858407284,612.078058136688,-0.10108040948208594,17.814468511124172,-3.5102133862013116,1.4192552257869122,0.0,0.0,0.0,0.0035463217000967,6.4579781374673155,-0.004499429899691707,31.53597041749202,0.0,-11.8506151142355,-1.45975715253042,0.0,0.5026939396240458,0.0,-15.765720791505565,-4.399986555032694,-4.209920641691626,0.0,-0.070804962166749,Banks—Diversified,Financial Services,MUFG
2008Q3,2008,Q3,2007-12-31,2007-12-31,58120041200.0,964233837370.0,182854591160.0,5.69,0.0,0.0,195928806197250.0,8353414690780.0,0.0,400692976350.0,185694090480550.0,0.0,4284900037470.0,10633971822617.625,12698686286247.625,818.2931495992492,0.0,0.0688532352144212,1.6149482191120983,0.003811675965676851,818.2931495992492,0.006957638684471086,11.028415940704134,45.74141553868007,1.2730089689375494,0.0,0.0,0.0,0.004921347994124275,61.882008368200836,0.0002966385715711861,2.34609512281422,0.0,-0.43439363817097415,1.035972354868412,0.0,0.0,0.0,-0.44920035221118176,0.28326792545732904,-0.7035910322461099,0.0,0.0,Banks—Diversified,Financial Services,MUFG
2008Q2,2008,Q2,2007-09-30,2007-09-30,105519387010.0,1184251314060.0,142491359390.0,10.06,0.0,0.0,190018715064700.0,8865121166110.0,0.0,593962773670.0,179437382497460.0,0.0,4288863615870.0,11290398222555.957,12580513382995.957,845.6038173121283,0.0,0.06460212818669067,1.3847090365112875,0.004080488858221271,845.6038173121283,0.011902757450556281,9.533785682575084,26.749582570750658,1.2735751729730913,0.0,0.0,0.0,0.006232287770479718,38.060313164508024,0.0005553104965164689,-2.490917659592649,0.0,-0.2855113636363636,0.08324679047994298,0.14251762042118327,1.012323830615509,0.0,-0.3023088888091238,-0.5138829319788987,-0.23966777511444334,0.3639943907586513,0.27346424696624705,Banks—Diversified,Financial Services,MUFG
2008Q1,2008,Q1,2007-06-30,2007-06-30,151240836120.0,1042798175430.0,293121490200.0,14.08,0.0,0.0,192714940617210.0,8612352759120.0,0.0,958063895910.0,182087685513690.0,0.0,4177597036800.0,13221177148155.998,13661228864325.998,884.103224690887,0.0,0.0596236201461065,1.3341722914998284,0.007637112189383914,884.103224690887,0.017560919803226174,12.678557998727047,21.854509481926286,1.5351411534038142,0.0,0.0,0.0,0.005411091491351009,22.83571153104512,0.0007847904040839777,0.0,0.0,0.7622027534418022,0.6698453259911208,0.0,0.0,0.0,1.6694269242660398,0.0,0.1712684928059253,0.0,0.0,Banks—Diversified,Financial Services,MUFG
2007Q4,2007,Q4,2007-03-31,2007-03-31,-225925833930.0,931314307300.0,0.0,7.99,0.0,0.0,186202911000000.0,10433312000000.0,0.0,10566483000000.0,175769599000000.0,0.0,1636803000000.0,12922286768650.754,26328915768650.754,1071.0342506161626,0.0,0.12174374653036439,2.1727558803954103,0.0,1071.0342506161626,-0.021654277561142618,13.875322935942137,-14.299257574782867,1.2385603697704768,,0.0,,0.005001609815326679,5.373711858524733,-0.0012133313744488129,0.0,0.0,-0.5650517147523135,-0.20206168075465597,0.0,0.0,0.0,-2.1729851795840203,-1.0,-2.039590067931993,0.0,0.8039719193989836,Banks—Diversified,Financial Services,MUFG
2007Q3,2007,Q3,2006-12-31,2006-12-31,192607577540.0,1024462801180.0,300458297720.0,18.37,0.0,0.0,191344081354580.0,8109755146780.0,0.0,462591499580.0,181254086991250.0,0.0,3910838532090.0,,,,,,,,,,,,,,,,,,,,,,,,,,,,,,,Banks—Diversified,Financial Services,MUFG
2007Q2,2007,Q2,2006-09-30,2006-09-30,287521835160.0,1140762946150.0,440725177540.0,28.81,0.0,0.0,184617581507740.0,7694277878590.0,0.0,764010196630.0,174964708665010.0,0.0,3779566586820.0,,,,,,,,,,,,,,,,,,,,,,,,,,,,,,,Banks—Diversified,Financial Services,MUFG
2007Q1,2007,Q1,2006-06-30,2006-06-30,219766374700.0,1000801640700.0,393724229400.0,22.13,0.0,0.0,179718276090000.0,7026912446700.0,0.0,317796607500.0,170709343504200.0,0.0,3498282151100.0,,,,,,,,,,,,,,,,,,,,,,,,,,,,,,,Banks—Diversified,Financial Services,MUFG
2017Q4,2017,Q4,2017-03-31,2017-03-31,,,,,,,303297433000000.0,15280675000000.0,0.0,6397278000000.0,286639039000000.0,0.0,9278546000000.0,0.0,-21638497000000.0,0.0,0.0,0.1381068167497481,2.741203709914647,,0.0,,0.0,0.0,0.0,0.0,0.0,,,16.333244232937822,,0.0,0.0,0.0,0.0,0.0,0.0,0.0,0.0,0.0,0.0,0.0,0.0,Banks—Diversified,Financial Services,MUFG
2016Q4,2016,Q4,2016-03-31,2016-03-31,,,,,,,298302898000000.0,15466229000000.0,0.0,6122100000000.0,280916131000000.0,0.0,8587578000000.0,0.0,-22266706000000.0,0.0,0.0,0.09014859453360054,1.7387293955106962,,0.0,,0.0,0.0,0.0,0.0,0.0,,,15.054456477352542,,0.0,0.0,0.0,0.0,0.0,0.0,0.0,0.0,0.0,0.0,0.0,0.0,Banks—Diversified,Financial Services,MUFG
2015Q4,2015,Q4,2015-03-31,2015-03-31,,,,,,,280886326000000.0,14679065000000.0,0.0,13309638000000.0,265604985000000.0,0.0,3424864000000.0,0.0,-11520214000000.0,0.0,0.0,0.10394852756200029,1.9890721922683767,,0.0,,0.0,0.0,0.0,0.0,0.0,,,6.76473642634007,,0.0,0.0,0.0,0.0,0.0,0.0,0.0,0.0,0.0,0.0,0.0,0.0,Banks—Diversified,Financial Services,MUFG
2014Q4,2014,Q4,2014-03-31,2014-03-31,,,,,,,253661077000000.0,12205040000000.0,0.0,10741546000000.0,240909633000000.0,0.0,2157639000000.0,0.0,-1416461000000.0,0.0,0.0,0.08977902037370913,1.865904822925611,,0.0,,0.0,0.0,0.0,0.0,0.0,,,7.406874764582305,,0.0,0.0,0.0,0.0,0.0,0.0,0.0,0.0,0.0,0.0,0.0,0.0,Banks—Diversified,Financial Services,MUFG
2013Q4,2013,Q4,2013-03-31,2013-03-31,,,,,,,230559276000000.0,10608795000000.0,0.0,10389983000000.0,219617296000000.0,0.0,1361620000000.0,0.0,8415581000000.0,0.0,0.0,0.08738195812169361,1.8990583756213595,,0.0,,0.0,0.0,0.0,0.0,0.0,,,7.026341140307929,,0.0,0.0,0.0,1.0,-1.0,-1.0,0.0,0.0,0.0,0.0,0.0,0.0,Banks—Diversified,Financial Services,MUFG
2012Q4,2012,Q4,2012-03-31,2012-03-31,,,,,,,215202514000000.0,8583158000000.0,0.0,9603496000000.0,206344067000000.0,0.0,482535000000.0,0.0,9747961000000.0,0.0,0.0,0.08866559058877908,2.2230812947868372,,0.0,,0.0,0.0,0.0,0.0,0.0,,,7.307963474967866,,0.0,0.0,0.0,1.0,-1.0,-1.0,0.0,0.0,0.0,0.0,0.0,0.0,Banks—Diversified,Financial Services,MUFG
2011Q4,2011,Q4,2011-03-31,2011-03-31,,,,,,,202861288000000.0,8343824000000.0,0.0,7732067000000.0,194190251000000.0,0.0,254411000000.0,0.0,7717496000000.0,0.0,0.0,0.0919089205427898,2.2345583991225126,,0.0,,0.0,0.0,0.0,0.0,0.0,,,8.696239698905869,,0.0,0.0,0.0,1.0,-1.0,-1.0,0.0,0.0,0.0,1.0,-1.0,-1.0,Banks—Diversified,Financial Services,MUFG
2010Q4,2010,Q4,2010-03-31,2010-03-31,,,,,,,200084397000000.0,8866918000000.0,0.0,7110011000000.0,190981557000000.0,0.0,-18127000000.0,0.0,11260681000000.0,0.0,0.0,0.09637025319870395,2.1746207645091564,,0.0,,0.0,0.0,0.0,0.0,0.0,,,8.462329523822115,,0.0,0.0,0.0,-1.0,0.0,-1.0,0.0,0.0,0.0,1.0,-1.0,-1.0,Banks—Diversified,Financial Services,MUFG
