Year,Date,FillingDate,NetIncome,Revenue,OperatingIncome,EPSDiluted,GrossProfit,GrossProfitRatio,TotalAssets,CommonStockEquity,CurrentAssets,CurrentLiability,TotalLiability,Inventory,RetainedEarnings,EnterpriseValue,bookValuePerShare,currentRatio,debtToAssets,debtToEquity,roic,shareholdersEquityPerShare,roe,priceToSalesRatio,peRatio,pbRatio,payoutRatio,inventoryTurnover,dividendYield,assetTurnover,quickRatio,returnOnAssets,priceToFreeCashFlowsRatio,grossProfitMargin,epsdilutedGrowth,fiveYNetIncomeGrowthPerShare,fiveYRevenueGrowthPerShare,fiveYShareholdersEquityGrowthPerShare,grossProfitGrowth,netIncomeGrowth,operatingIncomeGrowth,threeYNetIncomeGrowthPerShare,threeYRevenueGrowthPerShare,threeYShareholdersEquityGrowthPerShare,Industry,Sector,Price,MarketCap,AvgVolume,Symbol
2022,2022-12-31,2023-03-07,-56626000.0,490414000.0,-55074000.0,-0.65,136035000.0,0.2773880844,272201000.0,87695000.0,232782000.0,162278000.0,184506000.0,46554000.0,-345425000.0,245422230.0,1.0059880926433644,1.4344643143248006,0.0862193746532893,0.2676207309424711,-0.4296044327195203,1.0059880926433644,-0.6457152631278864,0.6239161810225646,-5.403475965104369,3.4891069046125773,0.0,7.6122137732525665,0.0,1.8016612723685805,1.1072603803349808,-0.2080300954074379,-6.378246268656716,0.27738808435321993,0.04411764705882357,-8.212451577671565,0.10365033092703758,-0.41675165519927404,0.25917526727449436,-0.01065519641614164,-0.11427184073159875,0.43262197061192187,0.14145943728842755,-0.6286506270793607,Security & Protection Services,Industrials,11.16,1024955649,1175714,ARLO
2021,2021-12-31,2022-03-02,-56029000.0,435137000.0,-49426000.0,-0.68,108035000.0,0.2482781285,347490000.0,112652000.0,303622000.0,210929000.0,234838000.0,38390000.0,-288799000.0,713118120.0,1.362374226006192,1.439451189736831,0.07504964171630839,0.23150055036750347,-0.31229842633944543,1.362374226006192,-0.49736356212051275,1.9933885649806842,-15.481217226793268,7.699793345879345,0.0,8.520500130242251,0.0,1.25222884111773,1.2104215162448027,-0.16123917235028346,-34.0623255448655,0.24827812849746173,0.4769230769230769,-2.585195524497526,1.0728430843645493,0.3538284341984892,0.9504775316398563,0.44663262585060887,0.5288633850611965,0.39648120134327713,-0.23901387962663237,-0.6601369133118778,Security & Protection Services,Industrials,11.16,1024955649,1175714,ARLO
2020,2020-12-31,2021-02-26,-101251000.0,357154000.0,-104908000.0,-1.3,55389000.0,0.1550843614,413968000.0,133767000.0,356548000.0,237346000.0,280201000.0,64705000.0,-232770000.0,447176360.0,1.7131166436145688,1.5022288136307331,0.07109003594480733,0.2200019436781867,-0.5608160234240073,1.7131166436145688,-0.7569206156974441,1.7031150708097906,-6.007588665790956,4.547267711767477,0.0,4.663704505061433,0.0,0.8627575078266919,1.195583662669689,-0.24458653808990066,-12.063669826662965,0.15508436136792533,-0.1403508771929826,-5.860878530695927,0.8016746461104597,0.7023707428927403,0.5470059211261311,-0.1780084001349606,0.24083682492817807,-15.397473453558426,-0.10268671829401957,-0.006775076021708193,Security & Protection Services,Industrials,11.16,1024955649,1175714,ARLO
2019,2019-12-31,2020-02-28,-85951000.0,370007000.0,-138189000.0,-1.14,35804000.0,0.0967657369,542712000.0,203376000.0,469569000.0,293901000.0,339336000.0,68624000.0,-131519000.0,108382540.0,2.709007112981858,1.5977114742719487,0.060645425197895016,0.16183325466131698,-0.5488677856377807,2.709007112981858,-0.42262115490520025,0.8542042177580425,-3.677229351607311,1.5540749154275824,0.0,4.870060037304733,0.0,0.6817741269771076,1.3065181812923399,-0.15837313344831144,126.07161547666534,0.0967657368644377,-0.1176470588235293,-5.057645297019618,0.9413475220234507,1.692014270375759,-0.6111430898723866,-0.13868023263516288,-0.8481136239016758,-5.057645297019618,0.9413475220234507,1.692014270375759,Security & Protection Services,Industrials,11.16,1024955649,1175714,ARLO
2018,2018-12-31,2019-02-22,-75483000.0,464918000.0,-74773000.0,-1.02,92075000.0,0.19804567687205055,595946000.0,269502000.0,515474000.0,281990000.0,326444000.0,124791000.0,-45849000.0,541285380.0,4.008597224494653,1.8279868080428383,0.0027385031529702356,0.006055613687467996,-0.25806042363063014,4.008597224494653,-0.28008326468820266,1.443190799237715,-8.888960163215557,2.4896489821967926,0.0,2.987739500444744,0.0,0.7801344417111618,1.3449271250753574,-0.12666080483802225,-17.050350172799348,0.19804567687205055,-12.325286303252406,-4.940486911886168,1.7238907896868563,2.9834524172401222,0.009218054672600126,-12.525881814017406,-14.047112196824289,-4.940486911886168,1.7238907896868563,2.9834524172401222,Security & Protection Services,Industrials,11.16,1024955649,1175714,ARLO
2017,2017-12-31,2017-12-31,6549000.0,370658000.0,5731000.0,0.09006394829127415,91234000.0,0.24614064717340514,269820000.0,125419000.0,243758000.0,130880000.0,144401000.0,82952000.0,0.0,1606893500.0,1.7248023103898782,1.8624541564792176,0.0,0.0,0.03898077995821002,1.7248023103898782,0.05221696872084772,4.335537071909955,245.38120323713548,12.813062614117479,0.0,3.368502266370913,0.0,1.3737232228893337,1.2055929095354523,0.024271736713364467,-37.755832530601694,0.24614064717340514,1.4765338696244097,1.4765335079676927,1.0078546510368138,0.7139831087544756,1.3987484881947732,1.4765335079676927,1.4358837846060237,1.4765335079676927,1.0078546510368138,0.7139831087544756,Security & Protection Services,Industrials,11.16,1024955649,1175714,ARLO
2016,2016-12-31,2016-12-31,-13743000.0,184604000.0,-13148000.0,-0.188998,38034000.0,0.20603020519598708,158581000.0,73174000.0,133209000.0,78242000.0,85407000.0,47717000.0,0.0,1606781500.0,1.0063123152031905,1.702525497814473,0.0,0.0,-0.18077307539609255,1.0063123152031905,-0.18781261103670702,8.705128274576932,-116.93236556792549,21.961372892010825,0.0,3.0716516126328144,0.0,1.1640991039279611,1.048822882850643,-0.08666233659770085,-46.50965211854596,0.20603020519598708,0.0,0.0,0.0,0.0,0.0,0.0,0.0,0.0,0.0,0.0,Security & Protection Services,Industrials,11.16,1024955649,1175714,ARLO
TTM,,,,,,,,,,,,,,,,976153649.0,0.9620536959164779,1.4646236832594932,0.08576218575323923,0.2556260217272843,-0.4885292393421007,0.9620536959164779,-0.6678870012952675,2.1502551026188095,-16.0361501474548,11.600184113807376,0.0,8.491308050698862,0.0,1.8541366017978629,1.1478229444124695,-0.24269204887137616,-74.75425928086938,0.2888326651519824,,,,,,,,,,,Security & Protection Services,Industrials,11.16,1024955649,1175714,ARLO
