Quarters,Year,Quarter,FillingDate,Date,NetIncome,Revenue,OperatingIncome,EPSDiluted,GrossProfit,GrossProfitRatio,TotalAssets,CommonStockEquity,CurrentAssets,CurrentLiability,TotalLiability,Inventory,RetainedEarnings,MarketCap,EnterpriseValue,bookValuePerShare,currentRatio,debtToAssets,debtToEquity,roic,shareholdersEquityPerShare,roe,priceToSalesRatio,peRatio,pbRatio,payoutRatio,inventoryTurnover,dividendYield,assetTurnover,quickRatio,returnOnAssets,priceToFreeCashFlowsRatio,grossProfitMargin,epsdilutedGrowth,fiveYNetIncomeGrowthPerShare,fiveYRevenueGrowthPerShare,fiveYShareholdersEquityGrowthPerShare,grossProfitGrowth,netIncomeGrowth,operatingIncomeGrowth,threeYNetIncomeGrowthPerShare,threeYRevenueGrowthPerShare,threeYShareholdersEquityGrowthPerShare,Industry,Sector,Symbol
2023Q1,2023,Q1,2023-05-08,2023-03-31,-52011000.0,346030000.0,-6217000.0,-0.22,59950000.0,0.1732508742,5666730000.0,2583819000.0,382669000.0,481957000.0,3082911000.0,0.0,-2035872000.0,322095150.0,2740459150.0,10.829581414063515,0.7939899202625961,0.493844068801584,1.0830793488243564,-0.0011480859869729475,10.829581414063515,-0.02012950597545726,0.9308301303355201,-1.5482068697006404,0.12465855773953208,-0.04608640479898483,0.0,0.007441900320448786,0.061063435173371594,0.7886948420709732,-0.009178309183603243,53.3093594836147,0.17325087420165883,0.15384615384615388,-1.2193389113238327,0.2487308389157203,-0.20823328907786476,0.1591484754152246,0.1703726153257194,0.24450115445376108,-6.322079651373065,-0.22096855327845863,-0.029098944623829677,REIT—Healthcare Facilities,Real Estate,DHC
2022Q4,2022,Q4,2023-03-01,2022-12-31,-62692000.0,336885000.0,-8229000.0,-0.26,51719000.0,0.1535212313,6002093000.0,2638611000.0,688687000.0,729417000.0,3363482000.0,-8716000.0,-1980817000.0,154301901.60000002,2544113901.6,11.060483228678498,0.944160884651715,0.5078023616095252,1.155106607226302,-0.0014363825539696737,11.060483228678498,-0.023759470418337526,0.4580254436974042,-0.6153173514962037,0.058478457643055384,-0.038234543482422,-32.717530977512624,0.015534481267857555,0.056127920710325546,0.9221899133143319,-0.010445023094443888,-45.31627066079296,0.1535212312807041,0.25714285714285706,-1.9600652863019645,0.20380339760379074,-0.15409273229372555,0.5290622043519394,0.2502660878508473,0.7129051390294108,-0.20809136941508927,0.3107762090645348,-0.03942805306869677,REIT—Healthcare Facilities,Real Estate,DHC
2022Q3,2022,Q3,2022-11-02,2022-09-30,-83619000.0,322920000.0,-28663000.0,-0.35,33824000.0,0.1047442091,6072486000.0,2706055000.0,800805000.0,732157000.0,3366431000.0,0.0,-1913098000.0,235984394.4,2603578394.4,11.353568791326822,1.0937613107571191,0.5036872872164712,1.1302926215468643,-0.004936851405190525,11.353568791326822,-0.030900702313884972,0.7307828390932739,-0.7055346105550174,0.08720605989161344,-0.02859397983711836,0.0,0.010132025916710363,0.05317756187498827,1.161657950412275,-0.013770142903581828,-46.3441465828751,0.10474420909203518,0.2553191489361702,-3.420386497087941,0.20620474381803167,-0.1336504269096581,-0.27975810229547293,0.25729435902901754,-0.7649630541871921,-1.8363656593544109,0.2583614377591479,-0.044547958964956544,REIT—Healthcare Facilities,Real Estate,DHC
2022Q2,2022,Q2,2022-08-03,2022-06-30,-112587000.0,313028000.0,-16240000.0,-0.47,46962000.0,0.1500249179,6145864000.0,2789625000.0,868402000.0,727639000.0,3356239000.0,0.0,-1829215000.0,433518540.0,2801943540.0,11.711419539288908,1.193451697888651,0.5001062503172865,1.10179145942555,-0.00272704231978665,11.711419539288908,-0.04035918806291168,1.3849193682354295,-0.9626300993898053,0.15540387686517004,-0.021228028102711682,0.0,0.005513028347069078,0.05093311534391259,1.1872906757334338,-0.018319149268516192,-17.628437703318152,0.15002491789871833,-1.47,-7.994752189242706,0.17722264027823167,-0.12042002773003929,0.11838251053797243,-1.4749123672854738,0.267081866594458,-2.0163412042299207,0.19165492681893262,-0.03666649442795341,REIT—Healthcare Facilities,Real Estate,DHC
2022Q1,2022,Q1,2022-05-03,2022-03-31,237069000.0,310733000.0,-22158000.0,1.0,41991000.0,0.1351353091,6775379000.0,2900733000.0,1491996000.0,745579000.0,3874646000.0,0.0,-1717442000.0,762076800.0,3608600800.0,12.180328281873953,2.0011239586951888,0.5281744386550185,1.2336819693505054,-0.0033623179991992495,12.180328281873953,0.08172727376149408,2.452513250926036,0.8036445085607988,0.2627186990322791,0.010081453079061371,0.0,0.0031361668535244743,0.04586208387752183,0.9818651008142665,0.034989776955650746,-104.91145374449339,0.13513530909172827,-0.35064935064935066,6.349228347436163,0.17078471030623857,-0.10674529680910869,-0.333634848845513,-0.3536091918922014,-1.0515891401577149,6.861532970582322,0.1640676584865497,-0.022664703679820417,REIT—Healthcare Facilities,Real Estate,DHC
2021Q4,2021,Q4,2022-02-24,2021-12-31,366758000.0,336731000.0,429509000.0,1.54,63015000.0,0.1871375074,6623514000.0,2662390000.0,1016945000.0,829845000.0,3961124000.0,0.0,-1945935000.0,735880410.0,3780112410.0,11.179513665814259,1.2254637914309299,0.5554574203360935,1.381871175898347,0.06689297157067488,11.179513665814259,0.13775517486168443,2.1853657964369186,0.5016116962683841,0.2763984277284695,0.0,0.0,0.0,0.05083872397642701,1.0242575420711098,0.05537211818379187,-14.680905935162095,0.18713750738720225,5.052631578947368,7.5247085953036805,0.22370724140311757,-0.1704970365923312,-0.11673184475001051,5.105055796201158,69.95312249157168,4.08633355968211,0.17771242929977246,-0.12146996123194848,REIT—Healthcare Facilities,Real Estate,DHC
2021Q3,2021,Q3,2021-11-03,2021-09-30,-89343000.0,337416000.0,-6229000.0,-0.38,71343000.0,0.21143929155700975,7066048000.0,2298882000.0,811437000.0,47234000.0,4656391000.0,0.0,-2318670000.0,806847120.0,4367641120.0,9.65884340022184,17.179087098276664,0.616402973769779,1.8946309553948397,-0.0008469379833320472,9.65884340022184,-0.03886367373358006,2.3912532897076604,-2.2577233806789563,0.3509736993895294,-0.026683679751071714,0.0,0.0029547109246668684,0.047751727698424916,16.825570563577084,-0.012643984303531478,-20.048879833018585,0.21143929155700975,-1.714285714285714,-4.193021361517345,0.27462345058413246,-0.2922135987411876,-0.12686484964936542,-1.6106890304482497,-2.3267305644302447,-2.9464346046313867,0.2069850760599635,-0.29063496586724535,REIT—Healthcare Facilities,Real Estate,DHC
2021Q2,2021,Q2,2021-08-04,2021-06-30,-34222000.0,346341000.0,4695000.0,-0.14,81709000.0,0.2359206677811752,7179852000.0,2390189000.0,908089000.0,32690000.0,4674703000.0,0.0,-2226943000.0,994300779.9999999,4502100780.0,10.048257248676803,27.77880085653105,0.6068201684380123,1.822817777171596,0.0006296463895779983,10.048257248676803,-0.014317696215654912,2.870872290603769,-7.263608059143241,0.41599253448158285,-0.06963356904914968,0.0,0.0023966590874041154,0.04823790239687392,25.973661670235547,-0.004766393513403897,-127.86789866255143,0.2359206677811752,0.5,-1.8702737014617365,0.32207211357448307,-0.2741886177543054,0.084637542643994,0.4930449596326198,1.8663003663003663,-1.2764591318536997,0.24719346819381927,-0.2723120229313446,REIT—Healthcare Facilities,Real Estate,DHC
2021Q1,2021,Q1,2021-05-05,2021-03-31,-67505000.0,362724000.0,1638000.0,-0.28,75333000.0,0.20768683627220696,7542706000.0,2426177000.0,1233568000.0,53200000.0,4997516000.0,0.0,-2190338000.0,1136846520.0,4951302520.0,10.201136086514124,23.187368421052632,0.6175095516118486,1.9197663649436953,0.00020967605650726087,10.201136086514124,-0.02782360891229288,3.134191616766467,-4.210230797718688,0.46857526058486254,-0.035301088808236424,0.0,0.0020961492673610854,0.04808937269993024,15.85031954887218,-0.00894970584827249,32.64736430991902,0.20768683627220696,-3.0,-3.15392974461295,0.4008029637287844,-0.27142066606061155,-0.08910304466639259,-3.1597855558294308,-0.8286610878661088,-1.285583359424749,0.3131303930559637,-0.2541798562593068,REIT—Healthcare Facilities,Real Estate,DHC
2020Q4,2020,Q4,2021-02-25,2020-12-31,-16228000.0,384909000.0,9560000.0,-0.07,82702000.0,0.21486117497902102,6476424000.0,2495837000.0,203286000.0,51844000.0,3857202000.0,0.0,-2120450000.0,979876080.0,4472100080.0,10.494029449111565,3.921109482293033,0.5507114728745369,1.4290360307984857,0.0014206064345847241,10.494029449111565,-0.006502027175652897,2.545734394363343,-15.095453537096377,0.3926041965080252,-0.14678333744145922,0.0,0.0024309196322049214,0.05943233488110105,1.4354023609289406,-0.0025057037649171827,-2252.5886896551724,0.21486117497902102,0.8444444444444444,-2.69678831456691,0.43565809152171175,-0.2587656229441946,0.050998233552338956,0.8481775316218846,1.1291759465478841,-1.2492762874687646,0.37961937058005885,-0.1974151947077486,REIT—Healthcare Facilities,Real Estate,DHC
2020Q3,2020,Q3,2020-11-05,2020-09-30,-106888000.0,394339000.0,4490000.0,-0.45,78689000.0,0.19954658301613587,6535118000.0,2514044000.0,262738000.0,61515000.0,3893412000.0,0.0,-2101840000.0,836887040.0,4322540040.0,10.574228607961237,4.271120864829716,0.5459570890686289,1.4191851853030417,0.0006582850032201671,10.574228607961237,-0.04251636009552737,2.1222527825043933,-1.9573924107476985,0.33288480233440626,-0.022266297432826883,0.0,0.0028438724538021286,0.060341527115501205,1.3369259530195887,-0.016355940321200014,17.324701693371424,0.19954658301613587,-3.0909090909090913,-3.7887828831919594,0.5415843201796512,-0.2843119170767679,-0.2740599284106425,-3.0997238416692237,-0.8608140363929446,-4.101621136095292,0.47664419951181414,-0.19311904400798452,REIT—Healthcare Facilities,Real Estate,DHC
2020Q2,2020,Q2,2020-08-06,2020-06-30,-26072000.0,410311000.0,32259000.0,-0.11,108396000.0,0.26418009753577165,6600523000.0,2622954000.0,199817000.0,33003000.0,3845683000.0,0.0,-1992572000.0,1051822500.0,4542732500.0,11.034724442574674,6.054510196042784,0.540774571954374,1.36083019374339,0.004857429971271161,11.034724442574674,-0.009939937947825238,2.563476241192656,-10.085748120589137,0.40100684190420416,-0.09124731512733968,0.0,0.0022617884671605713,0.062163407354235416,2.378117140865982,-0.003949990023517833,19.34884384025312,0.26418009753577165,-3.75,-1.7100356910882486,0.6434709694818729,-0.2711561320164897,-0.13890786609682082,-3.6781715459681563,-0.3365076100370218,-2.6231757245140637,0.5463068692285884,-0.17124285517690435,REIT—Healthcare Facilities,Real Estate,DHC
2020Q1,2020,Q1,2020-05-07,2020-03-31,9735000.0,442467000.0,48620000.0,0.04,125882000.0,0.28450031301769396,6703723000.0,2650997000.0,330117000.0,37454000.0,3916554000.0,0.0,-1964121000.0,862738470.0,4927749470.0,11.154155569300162,8.813931756287714,0.6167551970748195,1.5596230399355413,0.006702850706664581,11.154155569300162,0.003672203325767626,1.9498368691902448,22.15558474576271,0.32543924795086526,3.6655367231638416,0.0,0.041361317758323676,0.06600317465384534,1.8568110215197309,0.001452178140415408,15.320685999431737,0.28450031301769396,1.1818181818181819,-0.772108059288589,0.8030359774793105,-0.3092603713966589,-0.02769045393806916,1.188308799350059,-0.05081701579368643,-0.6976018339591169,0.6705011283258664,-0.18200054285668638,REIT—Healthcare Facilities,Real Estate,DHC
2019Q4,2019,Q4,2020-03-02,2019-12-31,-51697000.0,256039000.0,51223000.0,-0.22,129467000.0,0.5056534356094189,6653826000.0,2736519000.0,263784000.0,39597000.0,3776776000.0,0.0,-1878371000.0,2005841960.0,6007645960.0,11.514476624070623,6.661716796727025,0.6070433762469893,1.4760215441588382,0.006852757043801361,11.514476624070623,-0.01889151875064635,7.8341266760142005,-9.699992069172293,0.7329903282235569,-0.6902721627947463,0.0,0.01779053420539672,0.0384799662630192,0.9936863903831098,-0.007769514862576809,28.5834265764161,0.5056534356094189,-0.8333333333333334,-1.9786290175618089,-0.04485945966847392,-0.20540003585501695,-0.009767178608578597,-0.7589996597482137,0.07223896843339195,-2.2040923155603056,-0.06761549161346629,-0.14564329296705197,REIT—Healthcare Facilities,Real Estate,DHC
2019Q3,2019,Q3,2019-11-07,2019-09-30,-29390000.0,255827000.0,47772000.0,-0.12,130744000.0,0.5110641175481868,6916990000.0,2823479000.0,167895000.0,30308000.0,3948768000.0,0.0,-1790989000.0,2200250080.0,6396191080.0,11.882929025958722,5.539626501253794,0.6137645131769743,1.5036070748179817,0.006056607708415059,11.882929025958722,-0.01040914417992838,8.60053895796769,-18.715975501871384,0.7792691498679466,-1.21337189520245,0.0,0.01620770308073344,0.03698530719286858,1.6319783555496898,-0.004248958000517566,31.524013983609375,0.5110641175481868,0.25000000000000006,-1.6792213040251667,0.011735441172124276,-0.1885149454519263,-0.07803398914039912,0.21056165892180828,-0.19056575001270779,-2.0521347746581236,-0.03196043920111879,-0.1292357456065559,REIT—Healthcare Facilities,Real Estate,DHC
2019Q2,2019,Q2,2019-08-08,2019-06-30,-37229000.0,262003000.0,59019000.0,-0.16,141810000.0,0.5412533444273538,7098710000.0,2888303000.0,61166000.0,25417000.0,4062001000.0,0.0,-1725938000.0,1917270600.0,6316499600.0,12.157180739119454,2.406499586890664,0.6264887564078544,1.5397491191194275,0.007264196879683602,12.157180739119454,-0.012889575643552633,7.3177429266077105,-12.874846222031211,0.6638052171119166,-0.9578285744983749,0.0,0.018598835240054273,0.03690853690318382,1.8897981665814219,-0.005244473995979551,22.72751692172738,0.5412533444273538,-2.230769230769231,-1.8314189696673282,0.06599783081002358,-0.19819728091658284,-0.04866366124617614,-2.2375839372382154,-0.11935599391208332,-1.947902053636198,0.0013574255373642607,-0.1218556672966366,REIT—Healthcare Facilities,Real Estate,DHC
2019Q1,2019,Q1,2019-05-09,2019-03-31,30082000.0,266286000.0,67018000.0,0.13,149064000.0,0.5597890989387351,7145900000.0,2960761000.0,54752000.0,35241000.0,4032462000.0,0.0,-1653050000.0,2841313280.0,6760803280.0,12.462793810614224,1.5536449022445447,0.5540750640227263,1.3372795034790042,0.008613798863957177,12.462793810614224,0.010160225698730834,10.67015644832999,23.61306828003457,0.9596564126587726,3.0820424173924605,0.0,0.03263068548358032,0.037264165465511694,1.1314945659884794,0.0042096866734770986,68.44064265927977,0.5597890989387351,1.26,-0.3823808196079351,0.10144458053880558,-0.1443122976876343,-0.11156143090438783,1.2537644567793964,-0.2959554575060406,-0.03907764370305703,0.02952072193192908,-0.10988992436193863,REIT—Healthcare Facilities,Real Estate,DHC
2018Q4,2018,Q4,2019-03-01,2018-12-31,-118543000.0,285222000.0,95190000.0,-0.5,167782000.0,0.588250555707484,7160426000.0,3023112000.0,88772000.0,80481000.0,3980556000.0,0.0,-1590418000.0,2784296960.0,6516737960.0,12.725249191810345,1.1030181036517936,0.5289373844517072,1.2528206034047036,0.012461176058464444,12.725249191810345,-0.03921224221927603,9.761859043131315,-5.871913482871195,0.9210035751239121,-0.7821212555781446,0.0,0.03329924980415882,0.03983310490185919,0.9154583069295859,-0.016555299922099607,26.065803141792582,0.588250555707484,-3.631578947368421,-2.300332566810285,0.127669540965897,-0.13774066446623695,0.029451105030003314,-3.58799257722956,0.708577890259006,-13.408651229574502,0.065030331669471,-0.10116583879322083,REIT—Healthcare Facilities,Real Estate,DHC
2018Q3,2018,Q3,2018-11-06,2018-09-30,45805000.0,278969000.0,55713000.0,0.19,162982000.0,0.5842297889729683,7453444000.0,3233993000.0,155992000.0,34727000.0,4058964000.0,0.0,-1379161000.0,4085189437.511,7936781437.511,13.616181987360585,4.491951507472572,0.523147286006308,1.2057073098179247,0.006980899811432501,13.616181987360585,0.014163605177871443,14.643883146553918,22.29663485160463,1.2632029313331847,2.0233817268857113,0.0,0.022687075206105526,0.03742820097662235,1.3723327670112593,0.006145481203051905,38.21577052434096,0.5842297889729683,-0.6346153846153846,-0.04849139508361683,0.17980169496458617,-0.07751354370087879,-0.02497068606571107,-0.6293704030359181,-0.14488972111798382,0.19629721435924175,0.09167647096252443,-0.07842552449347756,REIT—Healthcare Facilities,Real Estate,DHC
2018Q2,2018,Q2,2018-08-07,2018-06-30,123587000.0,277248000.0,65153000.0,0.52,167156000.0,0.6029114727608494,7435636000.0,3279332000.0,139361000.0,26015000.0,3992063000.0,0.0,-1332285000.0,4296139830.0,7999834830.0,13.808469516226152,5.356947914664617,0.5022236161103099,1.1387538681658338,0.008177590971609316,13.808469516226152,0.03768663862030438,15.495656704466759,8.690517267188296,1.310065534688162,0.749884696610485,0.0,0.021571923556314973,0.037286386799999356,1.1784355179704016,0.016620905057751618,45.17972268377327,0.6029114727608494,-0.47474747474747475,16.4841683607817,0.17462474718803417,-0.07648991700095299,-0.0030774369006154874,-0.4763750836786401,-0.09754138098206247,2.3687436413147434,0.11149276270875966,-0.08795018982907844,REIT—Healthcare Facilities,Real Estate,DHC
2018Q1,2018,Q1,2018-05-10,2018-03-31,236022000.0,275815000.0,72195000.0,0.99,167672000.0,0.6079147254500299,7384064000.0,3248163000.0,53241000.0,35075000.0,3967947000.0,0.0,-1364052000.0,3718905480.0,7379539480.0,13.677742780383866,1.51791874554526,0.5010513180817501,1.1390422832844287,0.009131414720598637,13.677742780383866,0.07266322533690582,13.483332958686075,3.9391513079289218,1.144925756496826,0.3926498377269915,0.0,0.02491969760952354,0.037352736921023436,1.1164932287954383,0.03196369912286784,44.25477164005046,0.6079147254500299,2.6666666666666665,4.207128404887558,0.1318568188579466,-0.1245309421084018,-0.03470906903241777,2.631107692307692,0.198555657010044,4.529611928188376,0.12483946279915405,-0.15298303761714913,REIT—Healthcare Facilities,Real Estate,DHC
2017Q4,2017,Q4,2018-02-27,2017-12-31,65000000.0,278566000.0,60235000.0,0.27,173701000.0,0.6235542025947173,7294019000.0,3104950000.0,65860000.0,84398000.0,4016831000.0,0.0,-1593973000.0,4547493050.0,8786781050.0,13.07529046141148,0.7803502452664756,0.5854832568985631,1.3753928404644198,0.007222417427691073,13.07529046141148,0.020934314562231274,16.324652147067482,17.490357884615385,1.4645946150501616,1.4257846153846154,0.0,0.020379580349221205,0.038191016502698995,0.5897888575558663,0.008911410842225664,55.014433220421004,0.6235542025947173,0.9285714285714285,0.082685656890626,0.0666788729876951,-0.12774021596118346,0.07246009940419226,0.888766199802406,-0.20179425678809482,0.23145090947881064,0.04001658333221732,-0.09769017984685108,REIT—Healthcare Facilities,Real Estate,DHC
2017Q3,2017,Q3,2017-11-09,2017-09-30,34414000.0,266679000.0,75463000.0,0.14,161965000.0,0.6073406604944521,7187741000.0,3111418000.0,42958000.0,32185000.0,3900186000.0,0.0,-1566297000.0,4641580312.5789995,8642399312.578999,13.10506652739227,1.3347211433897779,0.5606335843208596,1.2951294233047441,0.009339877397324819,13.10506652739227,0.011060551812710475,17.40512118531643,33.718692338721155,1.4917893746770765,2.692160167373743,0.0,0.019960443159610444,0.037101921173843075,0.8970017088705919,0.00478787424310364,37.7855772759606,0.6073406604944521,1.0,-0.012665230024445744,0.23692735844276097,-0.14283561372551054,-0.0015596296341959584,1.1452437351951128,0.16915330389650632,-0.20404448456609134,0.055483217845232274,-0.1050551928227942,REIT—Healthcare Facilities,Real Estate,DHC
2017Q2,2017,Q2,2017-08-03,2017-06-30,16042000.0,265013000.0,64545000.0,0.07,162218000.0,0.6121133680234555,7183620000.0,3160917000.0,40936000.0,17486000.0,3842841000.0,0.0,-1508062000.0,4852435797.399,8782002797.399,13.314786498679439,2.3410728582866294,0.550798483215983,1.2517655477824947,0.007985817787703135,13.314786498679439,0.005075109533088025,18.31018024549362,75.62080472196422,1.535135467776914,5.77496571499813,0.0,0.019091854867952694,0.03689128879311545,1.55324259407526,0.002233135939818643,55.92167746967916,0.6121133680234555,-0.483154529412199,-0.6694155796161216,0.23555236333727395,-0.10357045221767922,-0.007865251003033565,-0.501104027367439,-0.13887184139605624,-0.6414678850177445,0.07906654493395496,-0.12184969132657665,REIT—Healthcare Facilities,Real Estate,DHC
2017Q1,2017,Q1,2017-05-05,2017-03-31,32155000.0,264561000.0,74954000.0,0.135437,163504000.0,0.6180200407467465,7220204000.0,3237039000.0,35398000.0,33522000.0,3801180000.0,0.0,-1431462000.0,4807167750.0,8354421750.0,13.635896053346588,1.0559632480162282,0.4957652166060682,1.105802555977855,0.009301959204946026,13.635896053346588,0.009933460795498603,18.170356741923413,37.374963069507075,1.4850509215366265,2.8811071373036854,0.0,0.019271638689954185,0.036641762476517285,0.9627110554262872,0.0044534752757678315,41.88230976319504,0.6180200407467465,-0.2475722222222222,-0.31902810629198924,0.24945620667256077,-0.09321864091867908,-0.056433695169174125,-0.2502215175115422,-0.13223580624247477,-0.339327434068625,0.09512534843843126,-0.06376782444069486,REIT—Healthcare Facilities,Real Estate,DHC
2016Q4,2016,Q4,2017-02-27,2016-12-31,42886000.0,274297000.0,86376000.0,0.18,173283000.0,0.6317349442392735,7227754000.0,3199405000.0,54017000.0,40767000.0,4028349000.0,0.0,-1370975000.0,4493811630.0,8503527630.0,13.477364348269312,1.3250177839919544,0.5591591800163647,1.2631926873903117,0.010179255072876264,13.477364348269312,0.013404367374558707,16.38301414160563,26.196262358345383,1.4045772979663405,2.1602154549270156,0.0,0.020615683884373234,0.03795051685489019,1.2310937768292982,0.005933516829709478,53.2372751181718,0.6317349442392735,0.5,-0.23878025656410884,0.3626720912366528,-0.11346454746410926,0.07873079508951916,0.5369673511808766,0.2202930082081856,-0.5292202666135597,0.08528444517131742,-0.08677755126680733,REIT—Healthcare Facilities,Real Estate,DHC
2016Q3,2016,Q3,2016-11-04,2016-09-30,27903000.0,263983000.0,70783000.0,0.12,160636000.0,0.608508881253717,7230098000.0,3238968000.0,47098000.0,33130000.0,3991130000.0,0.0,-1321217000.0,5390150132.653,9217105132.653,13.646551251964423,1.4216118321762752,0.5349482123202203,1.194123560343912,0.008406070365365278,13.646551251964423,0.008614781004319895,20.418550181841255,48.29364344920797,1.664156648862539,3.319284664731391,0.0,0.017182823802797117,0.03651167660521337,1.2306972532447933,0.0038592837884078475,42.7027144595207,0.608508881253717,-0.2941176470588236,-0.39884467542581303,0.5060291058938926,-0.09367633166723398,-0.01987272183680816,-0.28878750031860934,-0.06142014188158854,-0.4199696570981672,0.11719507269375516,-0.07545604804528237,REIT—Healthcare Facilities,Real Estate,DHC
2016Q2,2016,Q2,2016-08-05,2016-06-30,39233000.0,261367000.0,75415000.0,0.17,163893000.0,0.6270607995653621,7265767000.0,3285568000.0,32659000.0,18433000.0,3980199000.0,0.0,-1256502000.0,4943479750.0,9331009750.0,13.844171494785632,1.7717680247382412,0.6073912086638616,1.3431963666556286,0.008889502643513195,13.844171494785632,0.011941009895397082,18.913939977120293,31.500775813728236,1.5046043028176557,2.360614788570846,0.0,0.018734576590507934,0.03597238942564494,1.3906038083871317,0.005399705220384854,52.95072568551842,0.6270607995653621,0.30769230769230776,-0.5405726932008216,0.550809088354095,-0.06607787945454545,0.021611210152967724,0.2545727807623433,0.06954943200351718,4.554181400732764,0.10809712815956615,-0.07410216960114509,REIT—Healthcare Facilities,Real Estate,DHC
2016Q1,2016,Q1,2016-05-05,2016-03-31,31272000.0,258375000.0,70511000.0,0.13,160426000.0,0.620903725205612,7154151000.0,3322744000.0,46052000.0,33628000.0,3831407000.0,0.0,-1203123000.0,4245565112.685,8264887112.684999,14.001407412089417,1.369454026406566,0.5672959656568614,1.2214365596627366,0.008609727721084079,14.001407412089417,0.009411498448270465,16.431795307924528,33.940626700283005,1.2777286220921624,2.9615630596060374,0.0,0.021814292689396213,0.036115396501974865,1.165665516831212,0.004371168570526398,34.569909150523976,0.620903725205612,2.25,-0.4116379386200586,0.5749177555384288,-0.05897733887561622,-0.035048991597144113,2.2769569317824585,-0.15867030987125488,-0.3096017980423765,0.06101687954293368,-0.10381419266064405,REIT—Healthcare Facilities,Real Estate,DHC
2015Q4,2015,Q4,2016-02-16,2015-12-31,9543000.0,267519000.0,83809000.0,0.04,166253000.0,0.6214624008014384,7183978000.0,3359760000.0,61723000.0,31982000.0,3824218000.0,0.0,-1141781000.0,3521724920.0,7762093920.0,14.157505067147607,1.9299293352510787,0.5954952813051487,1.273312677095983,0.009742611060307582,14.157505067147607,0.0028403814558182728,13.16439176282806,92.25937650633972,1.0482072886158535,9.705543330189668,0.0,0.02629961229339854,0.03723828218850336,1.7374773309986868,0.0013283726648383389,41.58862683042041,0.6214624008014384,-0.75,-0.8315291018664812,0.651566303003224,-0.056113991649612525,0.049921691464369616,-0.7505032811315329,0.08319547122990228,-0.8409419379374602,0.025042692304621757,-0.05554508721288147,REIT—Healthcare Facilities,Real Estate,DHC
2015Q3,2015,Q3,2015-11-04,2015-09-30,38249000.0,255275000.0,77372000.0,0.16,158348000.0,0.6203035941631574,7352996000.0,3505540000.0,69587000.0,33662000.0,3847456000.0,0.0,-1027369000.0,3843660837.263,7751574837.2630005,14.774912228202458,2.0672271403956985,0.5398237670739927,1.1322997312824843,0.009250753346745544,14.774912228202458,0.010911015136041808,15.056941875479385,25.122623057223716,1.0964532817377637,2.420586159115271,0.0,0.02408771322964283,0.034717141148995594,1.8242528667340028,0.005201825215191196,36.84985367345119,0.6203035941631574,0.06666666666666674,-0.26840332354739604,0.6933636364210856,0.01613346966288452,0.029503933424354725,0.05117212191167175,0.03151663822525597,0.09809136072037952,0.18482108643211873,-0.03361585033733672,REIT—Healthcare Facilities,Real Estate,DHC
2015Q2,2015,Q2,2015-08-06,2015-06-30,36387000.0,247402000.0,75008000.0,0.15,153810000.0,0.6217007138179966,7348026000.0,3566221000.0,61352000.0,21258000.0,3781805000.0,0.0,-973033000.0,4133884714.4509997,8136205714.451,15.140038802966686,2.886066422052874,0.5517879223617336,1.1369323437891259,0.008823230374115372,15.140038802966686,0.01020323754472872,16.70918066325656,28.4022089925729,1.1591779405850058,2.518894110533982,0.0,0.02217163910730206,0.033669178633826284,2.45700442186471,0.004951942195087497,36.77898818885567,0.6217007138179966,-0.16666666666666666,-0.19859692366109968,0.6568967355828879,0.03565152234553615,0.07722908189350272,-0.08550101786926034,-0.030202730657840297,-0.24426812228658631,0.16250493145149308,0.01931624205136784,REIT—Healthcare Facilities,Real Estate,DHC
2015Q1,2015,Q1,2015-05-06,2015-03-31,39789000.0,228577000.0,77344000.0,0.18,142783000.0,0.6246603989027767,6537095000.0,3574793000.0,85479000.0,31984000.0,2962302000.0,0.0,-917766000.0,4912311471.375,7677066471.375,16.1481332580463,2.672555027513757,0.41595142796609197,0.7606353710550513,0.010952355084577786,16.1481332580463,0.01113043468530905,21.4908388480687,30.864758296105705,1.374152705170621,1.9987936364321797,0.0,0.01618993430352226,0.03496614321805022,2.43227863931966,0.006086648580141485,47.17162460388719,0.6246603989027767,-0.18181818181818185,-0.2364348024950781,0.6349156294175241,0.09103626308463655,-0.018949986601713608,-0.12140349327621613,-0.06406253781553281,-0.09639344357745201,0.15761306435951028,0.07384407779815753,REIT—Healthcare Facilities,Real Estate,DHC
2014Q4,2014,Q4,2015-02-27,2014-12-31,45287000.0,229808000.0,82638000.0,0.22,145541000.0,0.6333156374016571,5968269000.0,2952407000.0,56434000.0,31721000.0,3015862000.0,0.0,-878024000.0,4504735823.742,7357845823.742,14.490910072542725,1.7790737996910564,0.4826699332754606,0.9757137142677145,0.012533375242252941,14.490910072542725,0.015339009831639066,19.602171481158184,24.867709407456886,1.5257841563652979,1.7558018857508777,0.0,0.017651423548728406,0.03850496685052232,1.4466757037924403,0.007587962271807789,64.93032119320245,0.6333156374016571,0.22222222222222227,-0.11812297097900785,0.6468167502189682,-0.028831123541687202,0.08477494465852259,0.22027915499029962,0.12136673270551199,-0.06340520557264764,0.3302067017684519,-0.04679392892807973,REIT—Healthcare Facilities,Real Estate,DHC
2014Q3,2014,Q3,2014-11-03,2014-09-30,37112000.0,216873000.0,73694000.0,0.18,134167000.0,0.6186431690436338,5989122000.0,2984215000.0,91736000.0,32555000.0,3004907000.0,0.0,-843797000.0,4263328640.0000005,7070354640.0,14.643435463609956,2.817877438181539,0.46121668585144865,0.9256313636919592,0.011219689628090347,14.643435463609956,0.012436101286267914,19.65818077861237,28.71934037508084,1.4286265031172352,2.1413289502047856,0.0,0.018640129980690392,0.036211150816430185,2.480417754569191,0.006196567710592638,41.5849303069615,0.6186431690436338,-0.05263157894736847,0.42345506958702267,0.7891858285784954,-0.07018103473519677,0.0570823025165062,-0.01452508032608407,0.08166740055775723,-0.06879183823133184,0.4409851576720905,-0.02746914576951218,REIT—Healthcare Facilities,Real Estate,DHC
2014Q2,2014,Q2,2014-08-04,2014-06-30,37659000.0,206708000.0,68130000.0,0.19,126922000.0,0.6140159064961201,6016855000.0,3029581000.0,90352000.0,20401000.0,2987274000.0,0.0,-801440000.0,4853385099.81,7667854099.81,15.162309193734048,4.428802509680898,0.4596510967939231,0.9128833327116852,0.010281819810237475,15.162309193734048,0.012430431798984743,23.479425565580435,32.219290872102285,1.6019987911892766,1.948989617355745,0.0,0.015122846938907307,0.0343548249043728,3.8915739424538014,0.006258917657148128,54.602971252854815,0.6140159064961201,-0.09523809523809519,-0.25591944758782353,0.7908089885937736,0.009285590540550058,0.11633756981397599,-0.023872472783825816,0.01795959837437246,-0.47620621672158836,0.456770503026432,0.022843148101092482,REIT—Healthcare Facilities,Real Estate,DHC
2014Q1,2014,Q1,2014-05-05,2014-03-31,38580000.0,191497000.0,66928000.0,0.21,113695000.0,0.5937168728491831,4778668000.0,2740718000.0,43469000.0,21899000.0,2037950000.0,0.0,-765702000.0,4228314531.8240004,6274673531.824,14.564652240455743,1.9849764829444267,0.4351266922079542,0.7586792949876638,0.012047571731939676,14.564652240455743,0.014076603284248873,22.08031735131099,27.399653524002076,1.5427762111329952,1.9021772939346813,0.0,0.017355851710573415,0.04007330076079778,1.505411205991141,0.00807337944381154,46.92027621674046,0.5937168728491831,-0.4473684210526316,-0.23374496362320268,0.7486755639619759,-0.05656320549014776,-0.07828067871358968,-0.4657027711994682,-0.09130653198104625,-0.08459731121361451,0.4720763017165818,-0.021122133919850176,REIT—Healthcare Facilities,Real Estate,DHC
2013Q4,2013,Q4,2014-03-03,2013-12-31,72207000.0,200336000.0,73653000.0,0.38,123351000.0,0.6157205894097916,4764666000.0,2776989000.0,71365000.0,27715000.0,1987677000.0,0.0,-730894000.0,4182974640.0,6136505640.0,14.758030058245822,2.5749594082626737,0.4182379205593844,0.7175988093579053,0.013375363434066163,14.758030058245822,0.02600190350051801,20.879795144157814,14.482580082263492,1.506298598950158,1.0163280568365949,0.0,0.017543974399997796,0.042046179102585575,3.1726141078838173,0.015154682405860138,71.47573842762675,0.6157205894097916,0.8999999999999999,0.397199139415818,0.7206845363236063,0.004574511137757051,0.09610258050757091,0.8939540983606558,0.11817395132763515,0.6076630476155769,0.5598259450681045,-0.016076772233201034,REIT—Healthcare Facilities,Real Estate,DHC
2013Q3,2013,Q3,2013-10-30,2013-09-30,38125000.0,187265000.0,65869000.0,0.2,112536000.0,0.6009451846314047,4807330000.0,2776443000.0,62304000.0,21763000.0,2030887000.0,0.0,-729715000.0,4390300680.0,6384116680.0,14.76030557888805,2.8628406010200798,0.4256154663815465,0.7369407547714828,0.011851972767084908,14.76030557888805,0.013731598307618777,23.44432050837049,28.78885691803279,1.5812680757357527,1.9240131147540984,0.0,0.01670796725476215,0.03895405557762833,2.4012314478702383,0.007930597649838892,45.145408440276405,0.6009451846314047,5.666666666666667,-0.20384482920869776,0.9101192064635649,-0.030232118110631905,0.0008181850521148305,5.810468024294391,0.07423716098308789,-0.08019006706550894,0.5668779308881458,0.015128908348491845,REIT—Healthcare Facilities,Real Estate,DHC
2013Q2,2013,Q2,2013-07-16,2013-06-30,5598000.0,186928000.0,61317000.0,0.03,112444000.0,0.6015364204399555,4748631000.0,2812217000.0,49741000.0,15694000.0,1936414000.0,0.0,-694486000.0,4854370421.919001,6689960421.919001,14.95215891025675,3.1694278068051487,0.39441388475962863,0.6659962584679632,0.01126474939456935,14.95215891025675,0.0019906002986256038,25.969198953174487,216.79039040367098,1.7261720635068347,13.102715255448375,0.0,0.015109889362543562,0.039364608452415024,2.3789983433159168,0.0011788660774020975,62.85113705938941,0.6015364204399555,-0.8421052631578947,-0.862298622770895,0.8671495578195922,-0.14456309975919548,-0.020923489512133533,-0.8411238825031928,-0.05214098005874169,-0.8455905101210063,0.5678443133135701,0.022799633427983797,REIT—Healthcare Facilities,Real Estate,DHC
2013Q1,2013,Q1,2013-05-01,2013-03-31,35235000.0,189429000.0,64690000.0,0.19,114847000.0,0.6062799254601988,4811269000.0,2884145000.0,50865000.0,21595000.0,1927124000.0,0.0,-626734000.0,4982488950.0,6785221950.0,15.623330895696217,2.3554063440611253,0.3796505662019729,0.6333249541891964,0.01180089262911394,15.623330895696217,0.012216792151573517,26.302672505265825,35.35184440187314,1.7275445409298074,1.9542216546047964,0.0,0.013819799841201857,0.03937194116562595,1.8054642278305164,0.007323431718326287,67.60867550477637,0.6062799254601988,-0.24,-0.2544104859629698,0.8860624841695385,0.03864063080187167,-0.04909087898257932,-0.21061475042566538,-0.12363173295762436,-0.1891463210107063,0.6247793781651053,0.055578393179387925,REIT—Healthcare Facilities,Real Estate,DHC
2012Q4,2012,Q4,2013-02-19,2012-12-31,44636000.0,194164000.0,73816000.0,0.25,120776000.0,0.6220308605096723,4748002000.0,2646568000.0,70145000.0,27284000.0,2101434000.0,0.0,-593113000.0,4173736383.446,6327884383.446,14.990133330312538,2.570920686116405,0.4626219618273118,0.8299541141584119,0.013200533125769617,14.990133330312538,0.016865616148914367,21.49593324944892,23.376514379906354,1.5770372737243101,1.5426337485437762,0.0,0.016497687844661855,0.04089383281641415,2.225223574255974,0.009401006991993685,12.659040786420547,0.6220308605096723,0.6666666666666667,-0.13169243218595778,0.8869071513492007,0.09275685621602671,0.08978037644596033,0.7404663495281916,0.1849045700435013,0.0030503891177713458,0.6056535601382951,0.004626408657675547,REIT—Healthcare Facilities,Real Estate,DHC
2012Q3,2012,Q3,2012-10-30,2012-09-30,25646000.0,158633000.0,62297000.0,0.15,110826000.0,0.6986314322997107,4646295000.0,2670811000.0,32362000.0,36322000.0,1975484000.0,0.0,-568892000.0,3785532300.0000005,5647162300.0,15.288860266758258,0.8909751665657177,0.40518628283395697,0.7048851453734465,0.01361567409483592,15.288860266758258,0.009602326783886991,23.863460314058237,36.90178097948998,1.4173718394899528,2.614871714887312,0.0,0.01771507800897644,0.034141826982574286,0.5777490226309124,0.005519666745223883,-77.17858264184795,0.6986314322997107,-0.25000000000000006,-0.4041690495878295,0.6798449157217743,0.11655124282910899,0.04318605395432896,-0.2287149258668912,0.019407308013287296,0.1475407815711802,0.5267312205371574,-0.029198286929126446,REIT—Healthcare Facilities,Real Estate,DHC
2012Q2,2012,Q2,2012-08-01,2012-06-30,33251000.0,146972000.0,61111000.0,0.2,106238000.0,0.7228451677870614,4466552000.0,2416159000.0,30449000.0,28406000.0,2050393000.0,0.0,-527476000.0,3630794400.0,5590408400.0,14.853132107948607,1.0719214250510456,0.44329921603957595,0.8194903563879695,0.013835491255903639,14.853132107948607,0.013761925436198528,24.70398715401573,27.298385010977114,1.5027133561988264,1.8589816847613605,0.0,0.017024648930823512,0.03290502383046252,0.7183341547560375,0.0074444448424646125,-98.45688098272636,0.7228451677870614,0.0,-0.17194540123743726,0.6809015188900446,0.07722769545239154,0.004719167005551405,0.027788081107814045,0.0031681933090383797,-0.1930146802934077,0.5639985202562051,-0.011294914290305231,REIT—Healthcare Facilities,Real Estate,DHC
2012Q1,2012,Q1,2012-05-01,2012-03-31,32352000.0,145073000.0,60918000.0,0.2,105739000.0,0.7288675356544636,4383821000.0,2445835000.0,35598000.0,36360000.0,1937986000.0,0.0,-498914000.0,3586366187.353,5429619187.353001,15.037688982889325,0.9790429042904291,0.42623889068463333,0.7639742664570587,0.013976965942199692,15.037688982889325,0.013227384512855527,24.721114110502988,27.713635844406838,1.4663156702528992,1.9104228486646884,0.0,0.017233599908997956,0.033092820167611774,0.6958745874587459,0.00737986336577155,90.73894816701245,0.7288675356544636,-0.1572694300518134,-0.08259019382392287,0.6107200437722232,0.04492416328155234,-0.03452337472607743,-0.16186528497409328,-0.06944274715874374,-0.25658652623045486,0.532681918792124,-0.025921878763011545,REIT—Healthcare Facilities,Real Estate,DHC
2011Q4,2011,Q4,2012-02-17,2011-12-31,38600000.0,137915000.0,65464000.0,0.23732377480064187,109520000.0,0.7941123155566835,4383048000.0,2472606000.0,66003000.0,83057000.0,1910442000.0,0.0,-469460000.0,3649798842.647,5471401842.646999,15.202284702453781,0.7946711294653069,0.42097713737107145,0.7462422237914168,0.015120124263704881,15.202284702453781,0.01561105974829795,26.464118062915563,23.638593540459844,1.4760939845033942,1.6011658031088083,0.0,0.01693380996175017,0.03146554635039361,0.7088505484185559,0.008806656920024605,43.66362610686813,0.7941123155566835,0.1866188740032093,-0.14113470688666557,0.24491456423913682,0.20511389122226958,0.17104883290741316,0.2868382450993466,0.20243190125452307,-0.13589598271193634,0.37041932122063037,0.03481478644987654,REIT—Healthcare Facilities,Real Estate,DHC
2011Q3,2011,Q3,2011-10-28,2011-09-30,29996000.0,113277000.0,54443000.0,0.2,93523000.0,0.8256133195617822,4003313000.0,2309524000.0,34014000.0,34786000.0,1693789000.0,0.0,-446255000.0,3303913053.385,4900698053.385,15.057039475828796,0.9778071638015293,0.40557158533444676,0.7030149935657737,0.013681622567670595,15.057039475828796,0.01298795769171483,29.166671551903743,27.53628028224597,1.4305601731720476,1.8918522469662622,0.0,0.0171759967901877,0.028295813992061075,0.7717185074455241,0.00749279409329223,85.18093828821513,0.8256133195617822,-0.4444444444444444,-0.08899239805211576,0.25346890458437044,0.2090976107902184,0.039918606073410204,-0.4123961761479392,0.021291363397613866,-0.23182222989666373,0.4169551952000254,-0.01073638333854159,REIT—Healthcare Facilities,Real Estate,DHC
2011Q2,2011,Q2,2011-07-28,2011-06-30,51048000.0,100748000.0,53308000.0,0.36,89933000.0,0.8926529558899432,3733418000.0,2103022000.0,33794000.0,38127000.0,1630396000.0,0.0,-419503000.0,3321153290.0,4863266290.0,14.823689459994783,0.8863535027670679,0.4205784083110972,0.7466374579058136,0.014417145543361164,14.823689459994783,0.024273640503998533,32.96495503632826,16.26485508736875,1.5792289809616828,1.0282479235229587,0.0,0.015804750764756178,0.026985459436902056,0.7365384110997456,0.013673261338537501,48.75302090367282,0.8926529558899432,0.5,1.037012886812209,0.2356019404322226,0.18048854981509183,0.021107250720984627,0.6065460267505901,-0.02126097014651342,0.6647213105151654,0.3341313759388317,-0.1519130422636422,REIT—Healthcare Facilities,Real Estate,DHC
2011Q1,2011,Q1,2011-04-28,2011-03-31,31775000.0,98077000.0,54466000.0,0.24,88074000.0,0.8980087074441511,3525408000.0,2110918000.0,19968000.0,34869000.0,1414490000.0,0.0,-418061000.0,3268754061.873,4619817061.873,14.878926927604265,0.572657661533167,0.38743685837213737,0.6470516618835975,0.015546577359078488,14.878926927604265,0.01505269271473359,33.328446647766555,25.717970589087333,1.5484988340963506,1.651801730920535,0.0,0.016056882532767075,0.027820042389419892,0.42473257047807506,0.009013141174014468,50.24137443127219,0.8980087074441511,0.005478384124734192,0.02658989656940764,0.2058523246608967,0.17138075765860722,-0.02954107211723872,-0.06168792818332152,-0.07993513294368053,-0.12510732136208214,0.2706340534540558,-0.010847420891600871,REIT—Healthcare Facilities,Real Estate,DHC
2010Q4,2010,Q4,2011-02-24,2010-12-31,33864000.0,96836000.0,59198000.0,0.23869235161024296,90755000.0,0.9372031062827874,3392656000.0,2127977000.0,62696000.0,59789000.0,1264679000.0,0.0,-397350000.0,3112693761.8729997,4324956761.872999,14.9991682702135,1.0486209837930054,0.36052255224225505,0.5747848778440744,0.017529727852958248,14.9991682702135,0.01591370583422659,32.143972921981494,22.979371617890678,1.4627478407299515,1.3928655799669265,0.0,0.015153434166173037,0.0285428289811876,0.9650939135961465,0.00998156016996713,-7.526819833955995,0.9372031062827874,0.08496523459201347,0.09275628929202907,0.11121233570495151,0.1733630274185213,0.1884215488568211,0.20606880831968089,0.23262399533585973,-0.18020666749647693,0.17110671429341548,0.0934154889516216,REIT—Healthcare Facilities,Real Estate,DHC
2010Q3,2010,Q3,2010-11-01,2010-09-30,28078000.0,80961000.0,48026000.0,0.22,76366000.0,0.9432442781092131,2999712000.0,1852772000.0,13876000.0,13358000.0,1146940000.0,0.0,-384046000.0,2994440500.0,4086348500.0,14.540326314715553,1.0387782602185955,0.36370724922925934,0.5888565889380885,0.016222532122242228,14.540326314715553,0.015154589987327096,36.986209409468756,26.66180372533656,1.616194815120263,1.6335921361920365,0.0,0.015317719620743842,0.02698959100073607,0.6372960023955682,0.00936023191559723,54.73396516112523,0.9432442781092131,0.15789473684210525,0.06898110204004608,0.08215633577674795,0.1480862340707581,-0.0033280693282520457,0.1432875931430433,-0.008935388679089539,-0.10568645244548996,0.17536224073493417,0.06188552544595977,REIT—Healthcare Facilities,Real Estate,DHC
2010Q2,2010,Q2,2010-08-02,2010-06-30,24559000.0,80765000.0,48459000.0,0.19,76621000.0,0.9486906457004891,2993227000.0,1862559000.0,30160000.0,14609000.0,1130668000.0,0.0,-366256000.0,2562175007.408,3627559007.408,14.618854389049353,2.064480799507153,0.36114634807183016,0.5803805409654137,0.016358507262779275,14.618854389049353,0.013185622576251275,31.723828482733857,26.081833619121298,1.3756208567932613,1.8675434667535322,0.0,0.01790080687985435,0.02698258434792951,1.727017591895407,0.00820485716586146,46.84648871716673,0.9486906457004891,-0.2083333333333333,-0.12119318964643054,0.09698722997252018,0.14423654547707776,0.007216847197391944,-0.18092982924226253,0.004394055588948536,-0.21913544476160254,0.179347066735909,0.06023663623393681,REIT—Healthcare Facilities,Real Estate,DHC
2010Q1,2010,Q1,2010-05-05,2010-03-31,29984000.0,80447000.0,48247000.0,0.24,76072000.0,0.9456163685407784,2966022000.0,1885317000.0,10129000.0,33329000.0,1080705000.0,0.0,-344950000.0,2821467000.0,3863357000.0,14.800730098916627,0.3039095082360707,0.3499832435497781,0.5506013047142735,0.016408746674998288,14.800730098916627,0.015903956735127303,35.07237062910985,23.524771544823903,1.496547795410533,1.5293489861259337,0.0,0.01625253812998699,0.02712286018107755,0.16460139818176364,0.010109163047340849,54.24959141687016,0.9456163685407784,-0.047804148757241725,0.16287667958931765,0.10277960013434843,0.1498242116922841,-0.0863100242619328,-0.0660935650657198,-0.28657193132920283,0.08566697185239208,0.1404812163675692,0.028458597073271395,REIT—Healthcare Facilities,Real Estate,DHC
2009Q4,2009,Q4,2010-02-19,2009-12-31,32106000.0,87245000.0,67627000.0,0.2520489872821479,83258000.0,0.9543011060805777,2987926000.0,1900650000.0,92825000.0,45057000.0,1087276000.0,0.0,-329078000.0,2785800727.3799996,3827212727.3799996,14.921102213848329,2.0601682313513994,0.3520522261930182,0.5534454002578065,,14.921102213848329,0.016892115855102204,31.930778008825715,21.692212727994765,1.4657094822192407,1.428268859403227,0.0,0.016460617426547527,0.029199183647787796,1.0172448232239164,0.010745246033536306,57.024148514523155,0.9543011060805777,0.9388383637088301,0.04550035928529061,0.1518345540101347,0.14749487433547567,0.2198438163890232,1.0627047863796981,3.344812078380983,-0.08784474912870976,0.005572536385644189,0.18282402298080822,REIT—Healthcare Facilities,Real Estate,DHC
2009Q3,2009,Q3,2009-11-04,2009-09-30,15565000.0,72365000.0,15565000.0,0.13,68253000.0,0.9431769501830995,2955036000.0,1916065000.0,77215000.0,54731000.0,1038971000.0,0.0,-315328000.0,2325018271.665,3246842271.665,15.74869518760531,1.4108092306005737,0.3364801647086533,0.5189338566280371,,15.74869518760531,0.00812341961259143,32.129044035998064,37.34369212439769,1.2134339240396332,2.7861869579184066,0.0,0.01865232653373682,0.02448870335251415,1.3244230874641427,0.0052672793157173044,44.18590759354986,0.9431769501830995,-0.48,-0.37140494586448086,0.05627292497770687,0.25189086581396747,0.028433233884820542,-0.489856117465832,-0.6223737202193217,-0.4040291594076838,0.009526265108313472,0.26463836101146065,REIT—Healthcare Facilities,Real Estate,DHC
2009Q2,2009,Q2,2009-08-10,2009-06-30,30511000.0,69585000.0,41218000.0,0.25,66366000.0,0.9537400301789178,2560198000.0,1809573000.0,9962000.0,10866000.0,750625000.0,0.0,592362000.0,1965825600.0,2675981600.0,15.022813498816985,0.9168047119455182,0.27615832837928944,0.39071095777843723,,15.022813498816985,0.01686088375544949,28.25070920456995,16.107515322342763,1.0863477737565714,1.3817639539838091,0.0,0.021445951258341533,0.02717953845757242,0.49447818884594147,0.011917437635682865,35.561887877855966,0.9537400301789178,-0.07407407407407414,0.14500902911775135,0.032676731839100304,0.186269808424594,0.011214383666006399,-0.03241049059715219,-0.025786475690751376,0.43395050859924267,0.005125879850155885,0.19634584691086004,REIT—Healthcare Facilities,Real Estate,DHC
2009Q1,2009,Q1,2009-05-07,2009-03-31,31533000.0,68585000.0,42309000.0,0.27,65630000.0,0.9569147772836626,2508542000.0,1819399000.0,10343000.0,8180000.0,689143000.0,0.0,561851000.0,1652299060.0,2308617060.0,15.437867512918636,1.2644254278728606,0.2605967928780941,0.35930436369372526,,15.437867512918636,0.017331547395596017,24.09125989647882,13.099761043985664,0.9081565176192797,1.2713665049313418,0.0,0.024263162142088252,0.02734058269704075,0.680440097799511,0.012570249969902835,31.388063676601888,0.9569147772836626,-0.01692072417202175,0.25733432881901225,-0.007001433520764413,0.1878389305155896,-0.0789159754676996,-0.025797083539298073,0.2290553102486637,0.2264104077463642,0.015114905866983663,0.21538475401515866,REIT—Healthcare Facilities,Real Estate,DHC
2008Q4,2008,Q4,2009-03-02,2008-12-31,32368000.0,72921000.0,34424000.0,0.2746472300238433,71253000.0,0.9771259308018266,2496874000.0,1731358000.0,28800000.0,35083000.0,765516000.0,0.0,-267321000.0,2111925760.0000002,2844342760.0,14.690826707847913,0.8209104124504746,0.29573258402306246,0.4264900731102406,,14.690826707847913,0.01869515143604038,28.961832119691177,16.311833910034604,1.2198088205905422,1.2384453781512605,0.0,0.018980780839568907,0.029204917829253697,0.697089758572528,0.012963409447172745,41.626604119444174,0.9771259308018266,0.09858892009537312,0.26246615413982477,0.0760354151779524,0.2584479431975402,0.21490562498934337,0.11050880021957663,0.22483543853406868,0.2573611425776,0.007330393876645647,0.1492419173290555,REIT—Healthcare Facilities,Real Estate,DHC
2008Q3,2008,Q3,2008-11-10,2008-09-30,29147000.0,59673000.0,28105000.0,0.25,58649000.0,0.9828398102994654,2349042000.0,1742620000.0,0.0,39300000.0,606422000.0,0.0,497950000.0,2728344360.0,3288246360.0,15.2204520839884,0.0,0.24141458517983075,0.32542550871675985,,15.2204520839884,0.016725964352526657,45.72158865818712,23.401588156585582,1.5656565171982417,1.3747898583044567,0.0,0.014686929035600186,0.025403121783263136,0.1829770992366412,0.012408036978478885,54.169284650664125,0.9828398102994654,0.13636363636363635,0.4241338045704144,-0.05094589043730061,0.21636513559180828,0.0,0.3444188191881919,0.29635608856088563,0.23500979689477755,-0.11230310937574899,0.2017881260529681,REIT—Healthcare Facilities,Real Estate,DHC
2008Q2,2008,Q2,2008-08-08,2008-06-30,21680000.0,53390000.0,21680000.0,0.22,0.0,0.0,2199065000.0,1753176000.0,0.0,32400000.0,445889000.0,0.0,468803000.0,1958898160.3019998,2186418160.302,17.47897350002991,0.0,0.18801627055134795,0.23583485057974785,,17.47897350002991,0.012366128671622244,36.690357001348566,22.58877029868542,1.1173425601890512,1.5320571955719557,0.0,0.016955960586985952,0.024278500180758642,5.738888888888889,0.009858735417097721,42.95358316636333,0.0,-0.15384615384615388,0.2887897445744868,-0.02309402527925748,0.3819582787559076,0.0,-0.0701664093326471,-0.33970883839922034,-0.0145624247235266,-0.0788605106178634,0.3681017488717316,REIT—Healthcare Facilities,Real Estate,DHC
2008Q1,2008,Q1,2008-05-07,2008-03-31,23316000.0,49553000.0,32834000.0,0.26,0.0,0.0,1936972000.0,1370034000.0,0.0,25500000.0,566938000.0,0.0,-237144000.0,2158596091.08,2579778091.08,15.042094861660079,0.0,0.2201239873369362,0.3112141742467705,,15.042094861660079,0.01701855574387205,43.561360383427846,23.145008696603192,1.5755784827821793,1.3313604391833933,0.0,0.014380643107932667,0.025582713637574524,0.2036078431372549,0.012037344886761399,57.17680955367785,0.0,-0.10702515177797053,0.2405310582652421,0.01413856371074999,0.1774613044159141,0.0,-0.12078132659602549,-0.09791746799274685,0.2646675095393326,-0.049992474799479006,0.16857511426242816,REIT—Healthcare Facilities,Real Estate,DHC
2007Q4,2007,Q4,2008-02-29,2007-12-31,26519000.0,53084000.0,36398000.0,0.2911616161616162,0.0,0.0,1701894000.0,1249410000.0,0.0,25600000.0,452484000.0,0.0,-229418000.0,2065694400.0,2449025400.0,13.71772068511199,0.0,0.25080997993999626,0.3416428554277619,,13.71772068511199,0.021225218303039035,38.91369150779896,19.473720728534257,1.6533358945422238,1.1045665371997435,0.0,0.014180219494229157,0.031191131762612713,2.1448828125,0.015582051526123249,-28.70056409258899,0.0,0.1646464646464647,0.14761981408581978,0.037269266442404796,0.06552537553652185,0.0,0.2865182166593897,0.21993564821021586,0.20773972389063536,-0.019852539636482723,0.054949825296582086,REIT—Healthcare Facilities,Real Estate,DHC
2007Q3,2007,Q3,2007-11-01,2007-09-30,20613000.0,45224000.0,29836000.0,0.25,0.0,0.0,1576938000.0,1145537000.0,0.0,19400000.0,431401000.0,0.0,-226645000.0,1888183630.0,2296518630.0,13.692932021659356,0.0,0.26125313740933376,0.3596391910518822,,13.692932021659356,0.017994180895073663,41.75180501503626,22.900398171057102,1.6482956290368622,1.3798088584873625,0.0,0.015063153576858413,0.02867836275110372,0.18788659793814433,0.013071534835231316,48.11149238138918,0.0,0.0,0.09560746752353794,0.039918572403463116,0.058967530573965074,0.0,-0.0017434258317594073,0.0009057667147505787,0.2106428160797298,-0.0400037307737619,0.08847471615415081,REIT—Healthcare Facilities,Real Estate,DHC
2007Q2,2007,Q2,2007-07-30,2007-06-30,20649000.0,44962000.0,29809000.0,0.25,0.0,0.0,1584631000.0,1153377000.0,0.0,18900000.0,431254000.0,0.0,-218816000.0,1702257150.0,2105693150.0,13.788293942545637,0.0,0.2602246201166076,0.35752403593967974,,13.788293942545637,0.01790307939208082,37.859907255015344,20.609438108382975,1.4758896267222252,1.377257978594605,0.0,0.016706641531803818,0.028373798064028788,0.4721693121693122,0.013030793919846325,57.22449826873298,0.0,0.13636363636363635,0.36109239943149724,0.03375346362578589,0.058083033600079714,0.0,0.17846136285812123,0.08732445741382455,0.11587506284048034,-0.03914366050078024,0.08878651891762178,REIT—Healthcare Facilities,Real Estate,DHC
2007Q1,2007,Q1,2007-05-02,2007-03-31,17522000.0,44752000.0,27415000.0,0.22,0.0,0.0,1590932000.0,1163023000.0,0.0,15200000.0,427909000.0,0.0,-211026000.0,1931478500.0,2326862500.0,14.3911773804368,0.0,0.2594340927204934,0.3548872206310623,,14.3911773804368,0.015065910132473735,43.1596018055059,27.557905775596392,1.6607397274172566,1.5060495377240042,0.0,0.013662590600930844,0.02812942350773006,1.1419736842105264,0.011013669974580937,67.4375370971684,0.0,-0.20382875822847168,-0.06229798770124025,-0.030580079420076862,-0.05933594339870203,0.0,-0.2153508575522816,-0.20813956847000376,0.01886776747363665,-0.055111436581559654,0.10730324211769172,REIT—Healthcare Facilities,Real Estate,DHC
