Quarters,Year,Quarter,FillingDate,Date,NetIncome,Revenue,OperatingIncome,EPSDiluted,GrossProfit,GrossProfitRatio,TotalAssets,CommonStockEquity,CurrentAssets,CurrentLiability,TotalLiability,Inventory,RetainedEarnings,MarketCap,EnterpriseValue,bookValuePerShare,currentRatio,debtToAssets,debtToEquity,roic,shareholdersEquityPerShare,roe,priceToSalesRatio,peRatio,pbRatio,payoutRatio,inventoryTurnover,dividendYield,assetTurnover,quickRatio,returnOnAssets,priceToFreeCashFlowsRatio,grossProfitMargin,epsdilutedGrowth,fiveYNetIncomeGrowthPerShare,fiveYRevenueGrowthPerShare,fiveYShareholdersEquityGrowthPerShare,grossProfitGrowth,netIncomeGrowth,operatingIncomeGrowth,threeYNetIncomeGrowthPerShare,threeYRevenueGrowthPerShare,threeYShareholdersEquityGrowthPerShare,Industry,Sector,Symbol
2023Q1,2023,Q1,2023-05-11,2023-03-31,-34573000.0,10380000.0,-32963000.0,-0.67,10174000.0,0.9801541426,226817000.0,85085000.0,199201000.0,21514000.0,141732000.0,37000.0,-465251000.0,357210826.5,312697826.5,1.6435294130145857,9.25913358743144,0.4601551030125608,1.226667450196862,-0.17132915571731958,1.6435294130145857,-0.4063348416289593,34.413374421965315,-2.5830187321030866,4.198282029734971,0.0,5.5675675675675675,0.0,0.04576376550258578,9.802640141303337,-0.15242684631222528,-8.612055222045422,0.9801541425818883,0.1184210526315789,-0.12360735344359491,0.0,-0.6877442612988663,0.4809315866084425,-0.007606668221030543,-0.12840613446528823,0.2251125280813841,0.0,-0.5006825908316801,Biotechnology,Healthcare,MRNS
2022Q4,2022,Q4,2023-03-09,2022-12-31,-34312000.0,7162000.0,-29212000.0,-0.76,6870000.0,0.9592292656,259518000.0,116000000.0,240551000.0,54874000.0,143518000.0,77000.0,-430521000.0,178994016.58,11118016.580000013,2.579304095305642,4.383697197215439,0.28003837884077404,0.6265086206896552,-0.1608970514741726,2.579304095305642,-0.29579310344827586,24.992183270036303,-1.3041648445150384,1.5430518670689655,0.0,3.792207792207792,0.0,0.027597315022464722,4.49938039873164,-0.13221433580715017,-8.13387333363628,0.959229265568277,-1.402116402116402,-0.6252771377243956,0.0,-0.5512065121013381,1.9973821989528795,-1.468167553554373,-1.376074978114218,-0.07271430214769362,0.0,-0.3633080895990079,Biotechnology,Healthcare,MRNS
2022Q3,2022,Q3,2022-11-07,2022-09-30,73290000.0,2340000.0,77676000.0,1.89,2292000.0,0.9794871795,184841000.0,82004000.0,177006000.0,21050000.0,102837000.0,104000.0,-396209000.0,247395088.85000002,152050088.85000002,2.204274153278124,8.408836104513064,0.3944146590853761,0.8890298034242232,0.4831021969894628,2.204274153278124,0.8937368908833715,105.72439694444445,0.8438910112225406,3.016866114457832,0.0,0.46153846153846156,0.0,0.012659529000600515,8.154251781472684,0.3965029403649623,-8.004759232835049,0.9794871794871794,2.6725663716814156,4.385760871333842,0.0,-0.7456152621509048,0.28044692737430166,2.7413100810187934,3.112712832508296,2.8744192190324496,0.0,-0.1501543957717809,Biotechnology,Healthcare,MRNS
2022Q2,2022,Q2,2022-08-11,2022-06-30,-42089000.0,1790000.0,-36766000.0,-1.13,1790000.0,1.0,109377000.0,4803000.0,101091000.0,23110000.0,104574000.0,0.0,-469499000.0,179834638.28,160124638.28,0.12926608701381262,4.374340112505409,0.66390557429807,15.118884030814074,-0.49246865623469244,0.12926608701381262,-8.763064751197168,100.46627836871508,-1.0681807496020337,37.44214829897981,0.0,0.0,0.0,0.016365415032410836,4.124881003894418,-0.3848066778207484,-5.288165327138531,1.0,-0.9824561403508771,-0.36775728439444644,0.0,-0.956382492365874,-0.862487516324806,-0.9991925141310027,-1.0562639821029083,-0.19728420820672318,0.0,-0.9635647613086672,Biotechnology,Healthcare,MRNS
2022Q1,2022,Q1,2022-05-12,2022-03-31,-21053000.0,14186000.0,-17880000.0,-0.57,13017000.0,0.9175948118,140810000.0,40405000.0,135071000.0,19536000.0,100405000.0,0.0,-430066000.0,344926810.8,290938810.8,1.0952664106445853,6.913953726453727,0.51367800582345,1.7901497339438188,-0.16886027602213816,1.0952664106445853,-0.521049375077342,24.314592612434797,-4.095934199401511,8.53673581982428,0.0,0.0,0.0,0.10074568567573326,6.593366093366093,-0.1495135288686883,-12.433827576511302,0.9175948117862681,0.0,0.4600462555920625,0.0,-0.7072268326684605,7.563815789473685,0.0,0.34061070954418055,0.40035936910055514,0.0,-0.7512192585123563,Biotechnology,Healthcare,MRNS
2021Q4,2021,Q4,2022-03-24,2021-12-31,0.0,1520000.0,-27116000.0,0.0,1520000.0,1.0,136840000.0,53486000.0,131678000.0,40566000.0,83354000.0,-557000.0,-410705000.0,436543810.56,354425810.56,1.455555352359455,3.2460188335058917,0.29822420344928385,0.7629847062782784,,1.455555352359455,0.0,287.19987536842103,0.0,8.161833200463674,0.0,0.0,0.0,0.011107863197895352,3.1088349849627765,0.0,-20.423102248421053,1.0,1.0,1.0,0.0,-0.6513322496353008,-0.8239925891616489,1.0,-0.41457561688142314,1.0,0.0,-0.7205780882004,Biotechnology,Healthcare,MRNS
2021Q3,2021,Q3,2021-11-09,2021-09-30,-19507000.0,10114000.0,-19169000.0,-0.53,8636000.0,0.8538659284160569,158873000.0,78494000.0,153491000.0,37676000.0,80379000.0,0.0,-382400000.0,418153445.58000004,314171445.58000004,2.136205571045817,4.073972820893938,0.2588167907699861,0.5238489566081483,-0.15953825539104308,2.136205571045817,-0.2485158101256147,41.344022699228795,-5.359017859998975,5.3272026598211335,0.0,0.0,0.0,0.06366091154570003,3.9450313196730016,-0.12278360703203188,92.28723142352682,0.8538659284160569,0.1846153846153846,0.5994325706166488,0.0,-0.6096757160045847,0.0,0.1811694580867229,0.18377687885884608,0.5172956957827278,0.0,-0.38558477504946637,Biotechnology,Healthcare,MRNS
2021Q2,2021,Q2,2021-08-10,2021-06-30,-23823000.0,1905000.0,-23485000.0,-0.65,0.0,0.0,124989000.0,95059000.0,120924000.0,16694000.0,29930000.0,0.0,-362893000.0,657673493.1,556679493.1,2.5930168661072956,7.243560560680484,0.09200009600844875,0.12096697840288663,-0.21930766572973376,2.5930168661072956,-0.2506127773277649,345.23542944881893,-6.901665334970407,6.918582071134769,0.0,0.0,0.0,0.015241341238028946,6.990176111177669,-0.19060077286801239,-27.6112974138293,0.0,0.12162162162162159,0.6458282170035087,0.0,-0.6088294786381664,0.0,0.1222504697689842,0.13534111409741909,0.30947928543563413,0.0,-0.41833298211165343,Biotechnology,Healthcare,MRNS
2021Q1,2021,Q1,2021-05-17,2021-03-31,-27141000.0,1806000.0,-27161000.0,-0.74,0.0,0.0,133859000.0,115334000.0,129798000.0,16121000.0,18525000.0,0.0,-339070000.0,566563371.48,446014371.48,3.1512279294303522,8.051485639848645,0.02183640995375731,0.02534378413997607,-0.22413764647631623,3.1512279294303522,-0.2353252293339345,313.7117228571429,-5.218703911793965,4.912370779475264,0.0,0.0,0.0,0.013491808544812078,7.823460083121394,-0.20275812608789845,-34.11593734449329,0.0,-0.34545454545454535,0.4999207986885417,0.0,-0.6219981423405155,-1.0,-0.5536664949338829,-0.5517911215220248,-0.2476746079956497,0.0,-0.4012951656794072,Biotechnology,Healthcare,MRNS
2020Q4,2020,Q4,2021-03-09,2020-12-31,-17469000.0,1547000.0,-17503000.0,-0.55,1547000.0,1.0,150462000.0,137199000.0,146267000.0,10729000.0,13263000.0,0.0,-311929000.0,388362234.0,250363234.0,4.309965422641997,13.63286419983223,0.0,0.0,-0.1271013514004168,4.309965422641997,-0.12732600091837404,251.0421680672269,-5.557877296925983,2.8306491592504313,0.0,0.0,0.0,0.010281665802661138,13.200577873054339,-0.11610240459385093,-23.68351225759239,1.0,-0.07843137254901968,0.6492303056764238,0.0,-0.5530143963086562,8.046783625730994,-0.11558847946867616,-0.11491177782024332,-0.16903555365131637,0.0,-0.25007508099934855,Biotechnology,Healthcare,MRNS
2020Q3,2020,Q3,2020-11-09,2020-09-30,-15659000.0,171000.0,-15699000.0,-0.51,171000.0,1.0,99526000.0,87423000.0,95172000.0,9439000.0,12103000.0,0.0,-294460000.0,392605368.95,305764368.95,2.861360640595488,10.082847759296536,0.0,0.0,-0.17856208555602315,2.861360640595488,-0.17911762350868765,2295.937830116959,-6.268046633725015,4.490870468297817,0.0,0.0,0.0,0.0017181440025721923,9.672952643288484,-0.15733577155718104,-27.13424348261801,1.0,0.203125,0.6310759780302705,0.0,-0.6015993020984827,0.0,0.0010207336523125998,0.01152247827729505,0.11917038883681894,0.0,-0.6697840532371558,Biotechnology,Healthcare,MRNS
2020Q2,2020,Q2,2020-08-06,2020-06-30,-15675000.0,0.0,-15882000.0,-0.64,0.0,0.0,113443000.0,101145000.0,109035000.0,9503000.0,12298000.0,0.0,-278801000.0,253417059.84,154966059.84,4.055106631924532,11.473745133115859,0.0,0.0,-0.15628198063449578,4.055106631924532,-0.15497553017944535,0.0,-4.041739391387559,2.505482820109744,0.0,0.0,0.0,0.0,11.14342839103441,-0.13817511878211966,-15.831639897544825,0.0,0.25739636675235644,0.5761996316368798,0.0,-0.5174778628668878,0.0,0.16050771208226222,0.1576323326615042,0.24118864235327545,0.0,0.36829116252481425,Biotechnology,Healthcare,MRNS
2020Q1,2020,Q1,2020-05-04,2020-03-31,-18672000.0,0.0,-18854000.0,-0.8618325730525651,0.0,0.0,84558000.0,71313000.0,79998000.0,10325000.0,13245000.0,0.0,-263126000.0,175923543.32,106059543.32,3.2915523930000843,7.747990314769976,0.0,0.0,-0.26268199233716477,3.2915523930000843,-0.26183164359934374,0.0,-2.355445899207369,2.4669210847951986,0.0,0.0,0.0,0.0,7.533753026634383,-0.22081884623571987,-12.53195208149309,0.0,-0.2117593614121617,0.5674160114817066,0.0,-0.6666690478614316,0.0,-0.21175936141216173,-0.21858841778697002,0.18458102554558622,0.0,-0.12014263363632267,Biotechnology,Healthcare,MRNS
2019Q4,2019,Q4,2020-03-16,2019-12-31,-15409000.0,0.0,-15472000.0,-0.7112241922754379,0.0,0.0,98842000.0,87769000.0,94134000.0,8031000.0,11073000.0,0.0,-235574000.0,187189583.04000002,96692583.04000002,4.051102351341612,11.721329846843481,0.0,0.0,-0.1753896729581137,4.051102351341612,-0.17556312593284645,0.0,-3.0370170523719904,2.132752828903144,0.0,0.0,0.0,0.0,11.41601294981945,-0.15589526719410776,-11.498837953191229,0.0,0.31613058435054053,0.3065010439673001,0.0,-0.6537890366742679,0.0,-0.11610893814283645,-0.11317360961220231,0.39162970416960025,0.0,-0.02958775078544483,Biotechnology,Healthcare,MRNS
2019Q3,2019,Q3,2019-11-06,2019-09-30,-13806000.0,0.0,-13899000.0,-1.04,0.0,0.0,45800000.0,34071000.0,41141000.0,8571000.0,11729000.0,0.0,-220165000.0,80917045.44,44188045.44,2.59373484114202,4.800023334500058,0.0,0.0,-0.4028578881771543,2.59373484114202,-0.40521264418420355,0.0,-1.4652514385049977,2.3749536391652724,0.0,0.0,0.0,0.0,4.653949364134873,-0.3014410480349345,-6.734108308921438,0.0,-0.08333333333333341,-0.48819304208978714,0.0,-0.8614536978547631,0.0,-0.11132576672301377,-0.11085358056265984,0.20697453822383638,0.0,-0.5260766527038482,Biotechnology,Healthcare,MRNS
2019Q2,2019,Q2,2019-08-08,2019-06-30,-12423000.0,0.0,-12512000.0,-0.96,0.0,0.0,58965000.0,46585000.0,54193000.0,9204000.0,12380000.0,0.0,-206359000.0,225320340.96,176205340.96,3.5478314855821793,5.887983485441112,0.0,0.0,-0.2667462584743956,3.5478314855821793,-0.2666738220457229,0.0,-4.534338343395316,4.8367573459268005,0.0,0.0,0.0,0.0,5.640699695784441,-0.21068430424828288,-25.23184109294513,0.0,0.0,0.1290399069073256,0.0,1.4244649249427497,0.0,0.004806536890170632,0.002153281760905973,0.4843574163973037,0.0,-0.464790564975182,Biotechnology,Healthcare,MRNS
2019Q1,2019,Q1,2019-05-01,2019-03-31,-12483000.0,0.0,-12539000.0,-0.96,0.0,0.0,67619000.0,57745000.0,62872000.0,6677000.0,9874000.0,0.0,-193936000.0,214582684.35999998,153734684.35999998,4.402536965261776,9.41620488243223,0.0,0.0,-0.2171443415014287,4.402536965261776,-0.21617456056801454,0.0,-4.2974982848674195,3.7160392130920425,0.0,0.0,0.0,0.0,9.11307473416205,-0.18460787648442006,-18.191139738894538,0.0,-0.24521844936708853,0.14171437013176522,0.0,0.039427867347889514,0.0,-0.23447389240506328,-0.22057821473766184,0.3582024119002066,0.0,-0.4718988316455,Biotechnology,Healthcare,MRNS
2018Q4,2018,Q4,2019-03-12,2018-12-31,-10112000.0,0.0,-10273000.0,-0.7709490655940269,0.0,0.0,75234000.0,68325000.0,73940000.0,6909000.0,6909000.0,0.0,-181453000.0,150575135.48000002,82848135.48000002,5.209166822261856,10.701982920827906,0.0,0.0,-0.15035492133186973,5.209166822261856,-0.14799853640687888,0.0,-3.722684322587025,2.2038073249908527,0.0,0.0,0.0,0.0,10.526125343754524,-0.134407315841242,-16.304833295073095,0.0,0.2861582725981233,-0.11436934860287803,0.0,0.11025349678897606,0.0,0.08982898289828983,0.0844844488013546,0.507215696614411,0.0,-0.45975840907087423,Biotechnology,Healthcare,MRNS
2018Q3,2018,Q3,2018-10-29,2018-09-30,-11110000.0,0.0,-11221000.0,-1.08,0.0,0.0,42099000.0,35122000.0,40817000.0,6877000.0,6977000.0,0.0,-171341000.0,349521795.6,329859795.6,3.4768109322450504,5.93529155154864,0.0,0.0,-0.31948636182449747,3.4768109322450504,-0.3163259495472923,0.0,-7.86502690369037,9.951648414099425,0.0,0.0,0.0,0.0,5.762541806020067,-0.26390175538611366,-51.36249751653197,0.0,-0.1250000000000001,-0.8114124591500134,0.0,0.0,0.0,-0.16898148148148148,-0.17251828631138977,0.20833414836507566,0.0,-0.515907263759041,Biotechnology,Healthcare,MRNS
2018Q2,2018,Q2,2018-08-03,2018-06-30,-9504000.0,0.0,-9570000.0,-0.96,0.0,0.0,48687000.0,45020000.0,47407000.0,3560000.0,3667000.0,0.0,-160231000.0,285597231.36,264130231.36,4.45790596056288,13.316573033707865,0.0,0.0,-0.21257219013771658,4.45790596056288,-0.21110617503331852,0.0,-7.512553434343435,6.343785681030654,0.0,0.0,0.0,0.0,13.025,-0.1952061125146343,-49.85985184357542,0.0,-0.6,-0.1281276196255637,0.0,0.0,0.0,-0.5842640440073346,-0.5652600588812562,0.36535953411862543,0.0,-0.46954827419461237,Biotechnology,Healthcare,MRNS
2018Q1,2018,Q1,2018-05-02,2018-03-31,-5999000.0,0.0,-6114000.0,-0.6,0.0,0.0,55033000.0,53125000.0,53718000.0,1794000.0,1908000.0,0.0,-150726000.0,154225165.6,127044165.6,5.2634081917951265,29.94314381270903,0.0,0.0,-0.11508705882352942,5.2634081917951265,-0.11292235294117647,0.0,-6.4271197532922155,2.903061940705882,0.0,0.0,0.0,0.0,28.99665551839465,-0.10900732287899988,-25.048751924638623,0.0,-0.2781684254959898,-0.23565244686895534,0.0,0.0,0.0,-0.26614605318699874,-0.23840388900141787,0.701671662945165,0.0,-0.4669819420781234,Biotechnology,Healthcare,MRNS
2017Q4,2017,Q4,2018-03-07,2017-12-31,-4738000.0,0.0,-4937000.0,-0.46942170376894704,0.0,0.0,60672000.0,58008000.0,54370000.0,2544000.0,2664000.0,0.0,-144727000.0,329444332.8,295913332.8,5.747195903805209,21.37185534591195,0.0,0.0,-0.08510895048958764,5.747195903805209,-0.08167838918769825,0.0,-17.383090586745464,5.679291352916839,0.0,0.0,0.0,0.0,20.9874213836478,-0.0780920358649789,-69.53236234698186,0.0,0.21763049371842158,0.32147377616186373,0.0,0.22492609022653778,0.0,-0.13621103117505995,-0.17184903868976975,0.5422772945035286,0.0,-0.5088393089798988,Biotechnology,Healthcare,MRNS
2017Q3,2017,Q3,2017-10-31,2017-09-30,-4170000.0,0.0,-4213000.0,-0.6,0.0,0.0,64657000.0,62100000.0,43547000.0,2430000.0,2557000.0,0.0,-139989000.0,168273270.72,130743270.72,8.66511950330028,17.92057613168724,0.0,0.0,-0.06784219001610306,8.66511950330028,-0.06714975845410628,0.0,-10.088325582733813,2.709714504347826,0.0,0.0,0.0,0.0,17.681069958847736,-0.0644941769645978,-53.049580933165196,0.0,0.2857142857142857,0.04165812095339796,0.0,0.0,0.0,0.08391915641476275,0.06543921916592724,0.17610907984044233,0.0,-0.5371461084664162,Biotechnology,Healthcare,MRNS
2017Q2,2017,Q2,2017-08-01,2017-06-30,-4552000.0,0.0,-4508000.0,-0.84,0.0,0.0,22095000.0,16289000.0,20959000.0,5674000.0,5806000.0,0.0,-135819000.0,30119740.44,14085740.440000001,2.963628460803562,3.693866760662672,0.15827110205928943,0.21468475658419792,-0.22783786515718185,2.963628460803562,-0.27945239118423476,0.0,-1.654203670913884,1.8490846853704956,0.0,0.0,0.0,0.0,3.5733168840324288,-0.2060194614166101,-6.875083414745492,0.0,0.19230769230769237,0.007208662335487298,0.0,0.0,0.0,0.1629275468922398,0.16285979572887652,0.23759370369590507,0.0,1.025240850074155,Biotechnology,Healthcare,MRNS
2017Q1,2017,Q1,2017-05-01,2017-03-31,-5438000.0,0.0,-5385000.0,-1.04,0.0,0.0,26824000.0,19248000.0,25676000.0,6569000.0,7576000.0,0.0,-131267000.0,36427584.12,18221584.119999997,3.7410068027316656,3.9086618967879434,0.1629138085296749,0.2270365752285952,-0.22800406469641799,3.7410068027316656,-0.282522859517872,0.0,-1.6746774604634058,1.8925386596009977,0.0,0.0,0.0,0.0,3.7692190592175367,-0.20272889949299136,-5.222592705376344,0.0,0.11039990689941802,-1.197310615025844,0.0,0.0,0.0,0.09592684954280964,0.09190556492411467,0.04683884144474878,0.0,-0.1167577346017558,Biotechnology,Healthcare,MRNS
2016Q4,2016,Q4,2017-03-13,2016-12-31,-6015000.0,0.0,-5930000.0,-1.1690646258536455,0.0,0.0,31447000.0,21479000.0,30299000.0,8084000.0,9968000.0,0.0,-125829000.0,20786361.56,-148638.44000000134,4.174619966535404,3.7480207817911926,0.1667249658154991,0.24409888728525536,-0.22191452735573686,4.174619966535404,-0.2800409702500116,0.0,-0.8639385519534498,0.9677527613017366,0.0,0.0,0.0,0.0,3.723404255319149,-0.191274207396572,-3.4363302297900478,0.0,0.11434498041390499,-0.6898260128033129,0.0,-0.11024419571218286,0.0,0.06946163366336634,0.06892761815041608,-0.6898260128033129,0.0,-0.11024419571218286,Biotechnology,Healthcare,MRNS
2016Q3,2016,Q3,2016-11-08,2016-09-30,-6464000.0,0.0,-6369000.0,-1.32,0.0,0.0,38635000.0,26693000.0,37123000.0,9181000.0,11942000.0,0.0,-119814000.0,35506780.4,8727780.399999999,5.472899480348266,4.043459318157064,0.15830205771968422,0.2291237403064474,-0.1941235636563138,5.472899480348266,-0.24216086614468213,0.0,-1.3732510983910893,1.330190701682089,0.0,0.0,0.0,0.0,3.98322622807973,-0.16730943445062768,-5.302685244922341,0.0,0.2826086956521739,-1.1828449509500902,0.0,0.0,0.0,0.2776846575036317,0.2798507462686567,-1.1828449509500902,0.0,0.0,Biotechnology,Healthcare,MRNS
2016Q2,2016,Q2,2016-08-09,2016-06-30,-8949000.0,0.0,-8844000.0,-1.84,0.0,0.0,46165000.0,32331000.0,44404000.0,10196000.0,13834000.0,0.0,-113351000.0,24776709.4,-7209290.6000000015,6.628865736303143,4.355041192624559,0.15414274883569803,0.22009835761343602,-0.22419955890181764,6.628865736303143,-0.2767931706411803,0.0,-0.6921641915297799,0.7663452847112678,0.0,0.0,0.0,0.0,4.317281286779129,-0.1938481533629373,-3.792546976886576,0.0,-0.2432432432432433,-1.199484903717919,0.0,0.0,0.0,-0.2401607538802661,-0.2459847844463229,-1.199484903717919,0.0,0.0,Biotechnology,Healthcare,MRNS
2016Q1,2016,Q1,2016-05-02,2016-03-31,-7216000.0,0.0,-7098000.0,-1.48,0.0,0.0,52786000.0,40567000.0,51716000.0,7754000.0,12219000.0,0.0,-104402000.0,104719913.84,65231913.84,8.3365408544343,6.669589889089502,0.13717652407835412,0.17849483570389726,-0.14846887550200802,8.3365408544343,-0.17787857125249587,0.0,-3.628045795454545,2.5814064101363177,0.0,0.0,0.0,0.0,6.603043590404952,-0.13670291365134696,-17.069260609616954,0.0,0.05399616970970713,-2.082896025715526,0.0,0.0,0.0,0.0521476421909891,0.05385230605171954,-2.082896025715526,0.0,0.0,Biotechnology,Healthcare,MRNS
2015Q4,2015,Q4,2016-03-07,2015-12-31,-7613000.0,0.0,-7502000.0,-1.5644756951415766,0.0,0.0,59662000.0,46921000.0,57767000.0,7435000.0,12741000.0,0.0,-97186000.0,148710063.51999998,104366063.51999998,9.64229135580427,7.76960322797579,0.12366330327511649,0.15724302551096525,-0.13816092377391848,9.64229135580427,-0.16225144391637006,0.0,-4.883425177985025,3.1693711455425078,0.0,0.0,0.0,0.0,7.5583053127101545,-0.12760215882806478,-29.453369681124972,0.0,-0.11748263938684049,-1.261373466944456,0.0,1.0551055591249918,0.0,-0.533951239169857,-0.5468041237113402,-1.261373466944456,0.0,1.0551055591249918,Biotechnology,Healthcare,MRNS
2015Q3,2015,Q3,2015-10-29,2015-09-30,-4963000.0,0.0,-4850000.0,-1.4,0.0,0.0,36753000.0,25658000.0,34860000.0,6663000.0,11095000.0,0.0,-89573000.0,119178066.24,98653066.24,7.182117540624395,5.231877532642954,0.20411939161429,0.2923844414997272,-0.1462605548854041,7.182117540624395,-0.1934289500350768,0.0,-6.003327938746726,4.644869679632083,0.0,0.0,0.0,0.0,4.95287408074441,-0.1350365956520556,-20.19282721789224,0.0,0.054054054054054106,-1.2881023040328685,0.0,0.0,0.0,0.05879006258296984,0.061895551257253385,-1.2881023040328685,0.0,0.0,Biotechnology,Healthcare,MRNS
2015Q2,2015,Q2,2015-08-04,2015-06-30,-5273000.0,0.0,-5170000.0,-1.48,0.0,0.0,41040000.0,29884000.0,40135000.0,5847000.0,11156000.0,0.0,-84611000.0,164995337.6,133062337.6,8.40398050132539,6.864203865230032,0.1705653021442495,0.23423905768973363,-0.1401691790478256,8.40398050132539,-0.17644893588542362,0.0,-7.8226501801630945,5.521193200374782,0.0,0.0,0.0,0.0,6.8288010945784166,-0.12848440545808967,-29.57965894585873,0.0,0.26,-0.7775853893256635,0.0,0.0,0.0,0.24746681889539032,0.25234996384671005,-0.7775853893256635,0.0,0.0,Biotechnology,Healthcare,MRNS
2015Q1,2015,Q1,2015-05-14,2015-03-31,-7007000.0,0.0,-6915000.0,-2.0,0.0,0.0,46351000.0,34730000.0,45794000.0,5446000.0,11621000.0,0.0,-79343000.0,126473441.64,88996441.64,9.874727719950107,8.408740359897172,0.1510215529330543,0.20155485171321624,-0.16570812365204887,9.874727719950107,-0.20175640656492946,0.0,-4.512396233766234,3.6416193964871866,0.0,0.0,0.0,0.0,8.34961439588689,-0.15117257448598737,-32.00238907894737,0.0,-0.9501556993272989,-3.1419211432195695,0.0,0.0,0.0,-0.9426374401433676,-0.9452981594919438,-3.1419211432195695,0.0,0.0,Biotechnology,Healthcare,MRNS
2014Q4,2014,Q4,2015-03-12,2014-12-31,-3606952.0,0.0,-3554725.0,-1.0255591390420236,0.0,0.0,50213000.0,41154000.0,50148000.0,2039000.0,9059000.0,0.0,-72336000.0,148701254.52,105981254.52000001,11.70125380324868,24.59440902403139,0.13940612988668274,0.1700928220829081,-0.07381993188520164,11.70125380324868,-0.08764523497108422,0.0,-10.306572870944775,3.613288004082228,0.0,0.0,0.0,0.0,24.3845022069642,-0.07183303128671858,-74.30348170086081,0.0,-0.16540811254775403,-0.4823958167034099,0.0,1.4939416215952968,0.0,-1.1619668585909806,-0.4586233879528494,-0.4823958167034099,0.0,1.4939416215952968,Biotechnology,Healthcare,MRNS
2014Q3,2014,Q3,2014-11-13,2014-09-30,-1668366.0,0.0,-2437041.0,-0.88,0.0,0.0,47560878.0,44225492.0,47544235.0,1335386.0,3335386.0,0.0,-68729063.0,61137307.44,16032238.439999998,18.72106870397039,35.60336486978297,0.0420513683536288,0.0452227868940384,-0.05272071522786605,18.72106870397039,-0.03772408003962963,0.0,-9.161255300096022,1.382399712817214,0.0,0.0,0.0,0.0,35.27449666238825,-0.03507853660733513,-19.678793264110112,0.0,0.18990200088671452,-0.1631902422968882,0.0,0.0,0.0,0.49783964914276735,0.2531330648090005,-0.1631902422968882,0.0,0.0,Biotechnology,Healthcare,MRNS
2014Q2,2014,Q2,2014-06-30,2014-06-30,-3322377.0,0.0,-3263019.0,-1.086288326799014,0.0,0.0,9478858.0,4475596.0,9448529.0,3003262.0,5003262.0,0.0,-67060697.0,97870944.0,91455209.0,1.4633461796383613,3.14608881942368,0.2109958815713876,0.44686785849303645,-0.5038947766352317,1.4633461796383613,-0.7423317475482595,0.0,-7.364527264666232,21.86768957698595,0.0,0.0,0.0,0.0,2.8021980766246832,-0.350503932013751,-40.97288372303318,0.0,0.03009970821516617,-0.30218145164494536,0.0,0.0,0.0,-0.48631865167453586,-0.2242981431898953,-0.30218145164494536,0.0,0.0,Biotechnology,Healthcare,MRNS
2014Q1,2014,Q1,2014-03-31,2014-03-31,-2235306.0,0.0,-2665216.0,-1.12,0.0,0.0,10564473.0,8538270.0,10541537.0,2026203.0,2026203.0,0.0,-63738321.0,64507648.0,55677702.0,4.235538706976264,5.202606550281487,0.0,0.0,-0.31214941668511303,4.235538706976264,-0.2617984673710248,0.0,-7.214632806425608,7.5551192454677585,0.0,0.0,0.0,0.0,4.357878258002777,-0.21158708058603587,-57.3251505828699,0.0,-0.6189054843377366,-1.305287616163887,0.0,0.0,0.0,-0.6027996036213293,-0.790284346659627,-1.305287616163887,0.0,0.0,Biotechnology,Healthcare,MRNS
2013Q4,2013,Q4,2013-12-31,2013-12-31,-1394626.0,0.0,-1488711.0,-0.6918254406051202,0.0,0.0,11823945.0,9458175.0,11798502.0,2365770.0,2365770.0,0.0,-61503015.0,64507648.0,54470525.0,4.69187157466972,4.987172041238159,0.0,0.0,-0.15739939258895083,4.69187157466972,-0.14745191329194057,0.0,-11.563610602412403,6.820306031554713,0.0,0.0,0.0,0.0,4.242645312097118,-0.1179492969563035,-20.61190875598713,0.0,-0.1394571134672562,0.0,0.0,0.0,0.0,-0.13945711346725612,-0.12619885164423666,0.0,0.0,0.0,Biotechnology,Healthcare,MRNS
2013Q3,2013,Q3,2013-09-30,2013-09-30,-1223939.0,0.0,-1321890.0,-0.6071535579781175,0.0,0.0,,,,,,,,64507648.0,,,0.0,0.0,0.0,0.0,,0.0,0.0,-13.176238358284197,0.0,0.0,0.0,0.0,0.0,0.0,0.0,-53.61540948589334,0.0,0.27217840605073484,0.0,0.0,0.0,0.0,0.2721784060507348,0.19436201509142803,0.0,0.0,0.0,Biotechnology,Healthcare,MRNS
2013Q2,2013,Q2,2013-06-30,2013-06-30,-1681647.0,0.0,-1640799.0,-0.8342065734593207,0.0,0.0,,,,,,,,64507648.0,,,0.0,0.0,0.0,0.0,,0.0,0.0,-9.589950804181852,0.0,0.0,0.0,0.0,0.0,0.0,0.0,-40.0825465865525,0.0,-0.7342949931057101,0.0,0.0,0.0,0.0,-0.73429499310571,-0.7692424644328997,0.0,0.0,0.0,Biotechnology,Healthcare,MRNS
2013Q1,2013,Q1,2013-03-31,2013-03-31,-969643.0,0.0,-927402.0,-0.48100615914565664,0.0,0.0,,,,,,,,64507648.0,,,0.0,0.0,0.0,0.0,,0.0,0.0,-16.631803663822666,0.0,0.0,0.0,0.0,0.0,0.0,0.0,-91.76248141852244,0.0,0.0,0.0,0.0,0.0,0.0,0.0,0.0,0.0,0.0,0.0,Biotechnology,Healthcare,MRNS
