Quarters,Year,Quarter,FillingDate,Date,NetIncome,Revenue,OperatingIncome,EPSDiluted,GrossProfit,GrossProfitRatio,TotalAssets,CommonStockEquity,CurrentAssets,CurrentLiability,TotalLiability,Inventory,RetainedEarnings,MarketCap,EnterpriseValue,bookValuePerShare,currentRatio,debtToAssets,debtToEquity,roic,shareholdersEquityPerShare,roe,priceToSalesRatio,peRatio,pbRatio,payoutRatio,inventoryTurnover,dividendYield,assetTurnover,quickRatio,returnOnAssets,priceToFreeCashFlowsRatio,grossProfitMargin,epsdilutedGrowth,fiveYNetIncomeGrowthPerShare,fiveYRevenueGrowthPerShare,fiveYShareholdersEquityGrowthPerShare,grossProfitGrowth,netIncomeGrowth,operatingIncomeGrowth,threeYNetIncomeGrowthPerShare,threeYRevenueGrowthPerShare,threeYShareholdersEquityGrowthPerShare,Industry,Sector,Symbol
2023Q1,2023,Q1,2023-05-01,2023-03-31,375000000.0,3783000000.0,585000000.0,1.61,3783000000.0,1.0,76560000000.0,14451000000.0,14089000000.0,5618000000.0,61246000000.0,0.0,15293000000.0,13536066000.0,22000066000.0,61.941705957993996,2.507831968672125,0.11831243469174503,0.626807833367933,0.019370271918982204,61.941705957993996,0.025949761262196388,3.5781300555114988,9.024044,0.9366871496782231,0.04,0.0,0.0011081506251520937,0.04941222570532915,9.466358134567463,0.004898119122257054,24.17154642857143,1.0,0.0733333333333334,0.7981725326923835,0.48422496547657773,0.09557804764252498,-0.002636435539151068,0.03021978021978022,0.2942477876106195,1.7300319575490892,0.5019049464541127,0.04796341377947636,Insurance—Property & Casualty,Financial Services,L
2022Q4,2022,Q4,2023-02-07,2022-12-31,364000000.0,3793000000.0,452000000.0,1.5,3793000000.0,1.0,75494000000.0,14598000000.0,2810000000.0,5568000000.0,60016000000.0,0.0,15144000000.0,14164273900.0,22651273900.0,60.116130626364125,0.5046695402298851,0.11946644766471508,0.6178243595013015,0.015600498572634796,60.116130626364125,0.024934922592135908,3.7343195096229898,9.728210096153846,0.9702886628305246,0.04120879120879121,0.0,0.0010590023961623617,0.05024240336980422,9.341415229885058,0.004821575224521154,35.499433333333336,1.0,1.7777777777777777,0.021495407197338542,0.4402017976841642,0.02608130059933515,0.40429470566456865,1.8,0.6802973977695167,0.9828128798455844,0.15674906153689042,-0.09745624065110313,Insurance—Property & Casualty,Financial Services,L
2022Q3,2022,Q3,2022-10-31,2022-09-30,130000000.0,3461000000.0,269000000.0,0.54,2701000000.0,0.780410286,75111000000.0,13846000000.0,51708000000.0,1173000000.0,60458000000.0,0.0,15377000000.0,11980040800.0,20383040800.0,57.60286225402505,44.08184143222506,0.12367030128742794,0.6708796764408493,0.008751151706801042,57.60286225402505,0.009388993211035679,3.461439121641144,23.038540000000005,0.8652347826086957,0.11538461538461539,0.0,0.0012520825471646138,0.04607847053028185,44.08184143222506,0.0017307717910825312,10.686923104371097,0.7804102860444958,-0.26027397260273966,0.16058602859869164,0.37774617014805933,0.02029232542997624,0.010475121586232696,-0.2777777777777778,-0.17737003058103976,1.265864431224085,0.1818635046480213,-0.10525729150738121,Insurance—Property & Casualty,Financial Services,L
2022Q2,2022,Q2,2022-08-01,2022-06-30,180000000.0,3388000000.0,327000000.0,0.73,2673000000.0,0.788961039,77071000000.0,15236000000.0,12593000000.0,1159000000.0,60850000000.0,0.0,15261000000.0,14545367000.0,22876367000.0,62.0737421063353,10.865401207937877,0.12043440463987752,0.6092150170648464,0.010648625660843836,62.0737421063353,0.01181412444211079,4.293201593860685,20.20189861111111,0.9546709766342871,0.08333333333333333,0.0,0.0010312562068732951,0.04395946594698395,46.874892148403795,0.0023355088165457824,17.482412259615383,0.788961038961039,-0.5100671140939598,0.0695753625067131,0.38447227483031293,0.11146175877154696,132.65,-0.5135135135135135,-0.41397849462365593,-0.10514005502556158,0.1575958964329375,-0.03348950488936575,Insurance—Property & Casualty,Financial Services,L
2022Q1,2022,Q1,2022-05-02,2022-03-31,370000000.0,20000000.0,558000000.0,1.49,20000000.0,1.0,79144000000.0,16575000000.0,56651000000.0,789000000.0,61449000000.0,0.0,15097000000.0,16073415399.999998,24551415400.0,66.84276323748841,71.80101394169836,0.1172040836955423,0.5596380090497738,0.017286879303822555,66.84276323748841,0.022322775263951735,803.67077,10.86041581081081,0.9697384856711914,0.043243243243243246,0.0,0.000995432495323925,0.0002527039320731831,71.80101394169836,0.004675022743353886,53.2232298013245,1.0,0.03472222222222225,0.7039458709808388,-0.9917663549231883,0.21797869317639,-0.9943993279193504,-0.0026954177897574125,-0.7442713107241063,0.17335607774724668,-0.9933485990888011,0.0878758908373712,Insurance—Property & Casualty,Financial Services,L
2021Q4,2021,Q4,2022-02-08,2021-12-31,371000000.0,3571000000.0,2182000000.0,1.44,3571000000.0,1.0,80297000000.0,17846000000.0,58750000000.0,183000000.0,62451000000.0,0.0,14776000000.0,14830457600.0,23288457600.0,69.50459573142234,321.0382513661202,0.11306773602998867,0.5087414546677127,0.06550285935069375,69.50459573142234,0.020788972318726884,4.153026491178942,9.993569811320754,0.8310241846912473,0.0431266846361186,0.0,0.0010788608437813814,0.04447239622899984,321.0382513661202,0.0046203469619039315,18.725325252525252,1.0,0.6941176470588235,0.6785093821682399,0.40362591919528895,0.2891432147773803,0.08805606337599026,0.6863636363636364,0.0,3.713226595287664,0.31095035686808437,0.16290144159556028,Insurance—Property & Casualty,Financial Services,L
2021Q3,2021,Q3,2021-11-01,2021-09-30,220000000.0,3282000000.0,0.0,0.85,3282000000.0,1.0,81726000000.0,17817000000.0,0.0,852000000.0,62596000000.0,0.0,15336000000.0,13847066800.0,22148066800.0,69.39164978968687,0.0,0.111494506032352,0.511421675927485,0.0,69.39164978968687,0.012347757759443228,4.21909408897014,15.735303181818182,0.7771828478419487,0.07272727272727272,0.0,0.0011554793683814684,0.040158578665296235,69.5,0.0026919217874360668,14.001078665318504,1.0,-0.7027972027972027,-0.11649427611929986,0.31121319792695984,0.2806500534256495,-0.009656004828002414,-0.7082228116710876,0.0,-0.026356107822886367,0.11916548156474217,0.15664954456321661,Insurance—Property & Casualty,Financial Services,L
2021Q2,2021,Q2,2021-08-02,2021-06-30,754000000.0,3314000000.0,0.0,2.86,3314000000.0,1.0,81608000000.0,18083000000.0,18138000000.0,776000000.0,62210000000.0,0.0,15132000000.0,14359834000.0,22891834000.0,68.81945501598416,23.373711340206185,0.11163121262621312,0.5037880882596915,0.0,68.81945501598416,0.041696621135873475,4.3330820760410385,4.761218169761273,0.7941068406790909,0.021220159151193633,0.0,0.0011142190083812946,0.040608763846681696,76.60051546391753,0.009239290265660229,45.87806389776358,1.0,1.9484536082474226,15.953387121327447,0.2918137315850171,0.2989983729737618,-0.08503589177250138,1.8888888888888888,0.0,2.978303560200415,0.1202435809964164,0.16040715038585313,Insurance—Property & Casualty,Financial Services,L
2021Q1,2021,Q1,2021-05-07,2021-03-31,261000000.0,3622000000.0,0.0,0.97,3622000000.0,1.0,80005000000.0,17270000000.0,18520000000.0,451000000.0,61468000000.0,0.0,14394000000.0,13711759200.0,22188759200.0,64.5873069299525,41.06430155210643,0.1142053621648647,0.5290677475390851,0.0,64.5873069299525,0.015112912565141865,3.785687244616234,13.133868965517241,0.7939640532715692,0.06513409961685823,0.0,0.001239811737650702,0.04527217048934441,126.529933481153,0.003262296106493344,291.73955744680853,1.0,-0.3173350125944585,2.245061740616812,0.4476414257998672,0.2281475792041101,-0.24839178252749533,-0.3425692695214106,0.0,0.09196866639172982,0.23988502466033232,0.14237143673105077,Insurance—Property & Casualty,Financial Services,L
2020Q4,2020,Q4,2021-02-09,2020-12-31,397000000.0,4819000000.0,0.0,1.4209019327129564,4819000000.0,1.0,80236000000.0,17860000000.0,15711000000.0,129000000.0,61055000000.0,0.0,14150000000.0,12578588000.0,22209588000.0,63.9226914817466,121.79069767441861,0.12599082706017248,0.566013437849944,0.0,63.9226914817466,0.022228443449048153,2.610207096908072,7.921025188916877,0.7042882418812991,0.042821158690176324,0.0,0.0013515030462878661,0.06006032204995264,443.47286821705427,0.004947903684131811,38.349353658536586,1.0,1.8418038654259128,3.4027914500332987,0.7589084738749465,0.23723968067214066,0.41985857395403653,1.856115107913669,0.0,-0.03171884510467188,0.5902791696492482,0.09105289595328571,Insurance—Property & Casualty,Financial Services,L
2020Q3,2020,Q3,2020-11-02,2020-09-30,139000000.0,3394000000.0,0.0,0.5,3394000000.0,1.0,79464000000.0,17372000000.0,16635000000.0,501000000.0,60844000000.0,0.0,14437000000.0,9709150000.0,19231150000.0,62.17609162491052,33.203592814371255,0.13097754958220076,0.599125028781948,0.0,62.17609162491052,0.008001381533502187,2.860680612846199,17.4625,0.5588965001151278,0.1223021582733813,0.0,0.0017509256732051723,0.04271116480418806,114.1377245508982,0.0017492197724755865,13.732885431400282,1.0,1.1689189189189189,-0.02443935413012181,0.3680452391512896,0.18385470738238227,-0.03606929849474581,1.1664670658682634,0.0,0.06758545381595689,0.16234034589883733,0.10129577989320236,Insurance—Property & Casualty,Financial Services,L
2020Q2,2020,Q2,2020-08-03,2020-06-30,-835000000.0,3521000000.0,0.0,-2.96,3521000000.0,1.0,78439000000.0,17204000000.0,16839000000.0,1032000000.0,60026000000.0,0.0,14316000000.0,9651949200.0,18988949200.0,61.11979536734404,16.316860465116278,0.12755134563163734,0.5815508021390374,0.0,61.11979536734404,-0.04853522436642641,2.7412522578812837,-2.8898051497005985,0.5610293652638921,-0.02155688622754491,0.0,0.0018649082819457857,0.0448883846045972,54.66375968992248,-0.010645214752865284,-100.5411375,1.0,-0.34545454545454535,-7.380190213388894,0.3314821731308355,0.17729022283917453,0.1361729590190384,-0.3212025316455696,0.0,-5.32654131193992,0.25464939223344757,0.0943808597582845,Insurance—Property & Casualty,Financial Services,L
2020Q1,2020,Q1,2020-05-04,2020-03-31,-632000000.0,3099000000.0,0.0,-2.2,3099000000.0,1.0,79254000000.0,16966000000.0,63740000000.0,52780000000.0,60076000000.0,0.0,15167000000.0,9997603200.0,21026603200.0,59.106744704570794,1.2076544145509662,0.15100815100815101,0.7054108216432866,0.0,59.106744704570794,-0.037250972533301896,3.226073959341723,-3.9547481012658228,0.5892728515855239,-0.028481012658227847,0.0,0.0018004315274284942,0.03910212733742145,1.0015725653656689,-0.007974360915537385,104.1417,1.0,-3.910082949308756,-8.502677905965859,0.15296923907514218,0.13701945178453195,-0.20046439628482973,-3.912442396313364,0.0,-3.514362375526708,0.10214933617107513,0.07701645154023205,Insurance—Property & Casualty,Financial Services,L
2019Q4,2019,Q4,2020-02-12,2019-12-31,217000000.0,3876000000.0,0.0,0.7559921962095875,3876000000.0,1.0,82243000000.0,19119000000.0,4964000000.0,51668000000.0,60313000000.0,0.0,15823000000.0,15066729600.0,26263729600.0,66.6074414715719,0.09607494000154834,0.1402307795192296,0.6032219258329411,0.0,66.6074414715719,0.011349966002405983,3.8871851393188854,17.35798341013825,0.7880500863015849,0.08755760368663594,0.0,0.0012610566794800646,0.047128631008110114,1.0534760393280174,0.002638522427440633,87.59726511627908,1.0,2.1499674842066145,0.3554596246971742,0.43023674033201653,0.28839292249883774,0.054693877551020405,2.013888888888889,0.0,-0.12179775496866956,0.3627940949560248,0.23540796580648254,Insurance—Property & Casualty,Financial Services,L
2019Q3,2019,Q3,2019-10-28,2019-09-30,72000000.0,3675000000.0,0.0,0.24,3675000000.0,1.0,82499000000.0,19420000000.0,5016000000.0,51684000000.0,60241000000.0,0.0,16427000000.0,15528942000.0,26568942000.0,64.37924747223603,0.09705131181797075,0.13917744457508577,0.5912461380020597,0.0,64.37924747223603,0.0037075180226570545,4.225562448979592,53.919937499999996,0.7996365602471679,0.2638888888888889,0.0,0.0012235218600211142,0.04454599449690299,1.0659391687949848,0.0008727378513678954,27.77986046511628,1.0,-0.7073170731707317,-0.5663219209731094,0.3069019601671365,0.2377424816845431,0.014352746342809827,-0.7108433734939759,0.0,-0.7538820888781427,0.24972977192523563,0.18814420704370793,Insurance—Property & Casualty,Financial Services,L
2019Q2,2019,Q2,2019-08-05,2019-06-30,249000000.0,3623000000.0,0.0,0.82,3623000000.0,1.0,82277000000.0,19514000000.0,1807000000.0,51307000000.0,59883000000.0,0.0,16374000000.0,16893504000.0,27996504000.0,64.22459189046867,0.035219365778548735,0.1402943714525323,0.5915240340268525,0.0,64.22459189046867,0.012760069693553346,4.662849572177754,16.96134939759036,0.8657120016398483,0.07630522088353414,0.0,0.0011246926629312664,0.04403417723057477,1.07026331689633,0.003026362166826695,152.19372972972974,1.0,-0.35433070866141736,1.7250129378438743,0.28008358215692647,0.24755550103195734,-0.035666755389938784,-0.3680203045685279,0.0,5.2705310487301,0.22132158427565132,0.21226825105263578,Insurance—Property & Casualty,Financial Services,L
2019Q1,2019,Q1,2019-04-29,2019-03-31,394000000.0,3757000000.0,0.0,1.27,3757000000.0,1.0,80449000000.0,19037000000.0,1665000000.0,50183000000.0,58547000000.0,0.0,16144000000.0,15082524400.0,26104524400.0,61.44337217183617,0.0331785664468047,0.14121990329276934,0.5967852077533224,0.0,61.44337217183617,0.020696538320113464,4.014512749534203,9.570129695431472,0.792274223879813,0.048223350253807105,0.0,0.001259736069115857,0.046700394038459145,1.064902457007353,0.004897512709915599,-106.21496056338029,1.0,3.3847521212121214,7.339360245667799,0.25345830669734876,0.20749525836680327,0.14298752662001826,3.3878787878787877,0.0,3.227663114434038,0.29591180401797956,0.16836468925417178,Insurance—Property & Casualty,Financial Services,L
2018Q4,2018,Q4,2019-02-13,2018-12-31,-165000000.0,3287000000.0,0.0,-0.5325501081238099,3287000000.0,1.0,78316000000.0,18518000000.0,1698000000.0,48439000000.0,56930000000.0,0.0,15773000000.0,14103461600.000002,25074461600.0,59.76826001355582,0.03505439831540701,0.14525767403851064,0.6143212009936279,0.0,59.76826001355582,-0.008910249486985636,4.290678916945543,-21.368881212121213,0.7616082514310402,-0.12121212121212122,0.0,0.0014180915698029763,0.04197098932529751,1.0607568281756437,-0.002106849175136626,25.050553463587924,1.0,-1.6051705774134204,-0.04065620662944195,0.055209342269709784,0.18845955191884084,-0.0889689578713969,-1.5935251798561152,0.0,0.09944042086632958,0.08190456620041506,0.15682962058344102,Insurance—Property & Casualty,Financial Services,L
2018Q3,2018,Q3,2018-11-05,2018-09-30,278000000.0,3608000000.0,0.0,0.88,3608000000.0,1.0,78725000000.0,18952000000.0,1838000000.0,48462000000.0,56839000000.0,0.0,16790000000.0,15873975000.0,26762975000.0,59.99366888255777,0.03792662292105155,0.14557002222927914,0.6046855213170114,0.0,59.99366888255777,0.014668636555508653,4.399660476718403,14.27515737410072,0.837588381173491,0.07194244604316546,0.0,0.0012599238691002098,0.045830422356303586,1.0694564813668441,0.003531279771355986,15.985876132930514,1.0,0.22222222222222227,0.20818551346035977,0.1938052579588505,0.2000512911932128,0.005013927576601671,0.20869565217391303,0.0,0.7256830924725797,0.2862693639264757,0.1423006088613756,Insurance—Property & Casualty,Financial Services,L
2018Q2,2018,Q2,2018-07-30,2018-06-30,230000000.0,3590000000.0,0.0,0.72,3590000000.0,1.0,80732000000.0,18911000000.0,1758000000.0,50531000000.0,58874000000.0,0.0,16532000000.0,15395043600.0,26413043600.0,59.30630037319284,0.0347905246284459,0.14208740028737055,0.6065781820104701,0.0,59.30630037319284,0.012162233620644069,4.288312980501392,16.733743043478263,0.8140787689704405,0.08695652173913043,0.0,0.0012991194126920173,0.04446811673190309,1.0465852644911045,0.0028489322697319527,11.091529971181556,1.0,-0.19101123595505623,0.04040030565648707,0.17271663749696653,0.20156689252067286,0.002513264451270595,-0.2150170648464164,0.0,0.5513467053695125,0.19838857576990512,0.14235866076587092,Insurance—Property & Casualty,Financial Services,L
2018Q1,2018,Q1,2018-04-30,2018-03-31,293000000.0,3581000000.0,0.0,0.89,3581000000.0,1.0,80786000000.0,18532000000.0,451000000.0,50999000000.0,56938000000.0,0.0,16321000000.0,16300499399.999998,27317499400.0,56.53792177680151,0.008843310653150062,0.14195528928279652,0.6188214979494928,0.0,56.53792177680151,0.015810489963306713,4.551940631108629,13.90827593856655,0.8795866285344269,0.06825938566552901,0.0,0.0012269562734992033,0.0443269873492932,1.0385105590305692,0.003626866041145743,57.59893780918727,1.0,-0.3935047817047817,0.4401950110283607,0.14077253112456095,0.13238031325601576,0.0073136427566807315,-0.3908523908523909,0.0,2.0459783691343656,0.16670332567837223,0.08760374378601826,Insurance—Property & Casualty,Financial Services,L
2017Q4,2017,Q4,2018-02-15,2017-12-31,481000000.0,3555000000.0,0.0,1.467447678320825,3555000000.0,1.0,79586000000.0,19204000000.0,472000000.0,49129000000.0,55020000000.0,0.0,16096000000.0,16398833400.0,27459833400.0,58.58807736896699,0.00960736021494433,0.1449124217827256,0.6005519683399292,0.0,58.58807736896699,0.02504686523640908,4.612892658227848,8.523302182952182,0.8539280045823786,0.04365904365904366,0.0,0.001280578897764764,0.04466866031714121,1.0951169370432943,0.0060437765436131986,33.881887190082644,1.0,2.190103648523533,18.879861313323726,0.14135419798704713,0.17392466351547423,0.009656347628514627,2.0636942675159236,0.0,1.6310669465800232,0.14874527292977058,0.1332737387489687,Insurance—Property & Casualty,Financial Services,L
2017Q3,2017,Q3,2017-10-30,2017-09-30,157000000.0,3521000000.0,0.0,0.46,3521000000.0,1.0,79527000000.0,19021000000.0,416000000.0,49267000000.0,55166000000.0,0.0,15811000000.0,16124512600.0,27141512600.0,56.457214092784426,0.008443785901313252,0.1437624957561583,0.6010724988170969,0.0,56.457214092784426,0.00825403501393197,4.579526441351889,25.675975477707006,0.847721602439409,0.1337579617834395,0.0,0.0013023649471426504,0.044274271631018394,1.1221507296973634,0.001974172293686421,50.389101875,1.0,-0.33333333333333326,0.04070660792744687,0.11201112733318999,0.12490408582775119,0.048228639476034535,-0.3203463203463203,0.0,-0.15331073297936226,0.12109165268702042,0.085435059027904,Insurance—Property & Casualty,Financial Services,L
2017Q2,2017,Q2,2017-07-31,2017-06-30,231000000.0,3359000000.0,0.0,0.69,3359000000.0,1.0,79101000000.0,18816000000.0,357000000.0,49191000000.0,54995000000.0,0.0,15677000000.0,15770757100.0,26699757100.0,55.84874298774153,0.007257425138744892,0.14267834793491865,0.5998086734693877,0.0,55.84874298774153,0.012276785714285714,4.695075052098839,17.06791893939394,0.8381567336309524,0.09090909090909091,0.0,0.0013315784313233762,0.0424646970329073,1.1179280762741153,0.002920317062995411,16.3089525336091,1.0,-0.20689655172413798,3.8432609999703184,0.16407382196703507,0.1326488030319065,0.01787878787878788,-0.21694915254237288,0.0,1.2798813558107713,0.070313597993612,0.08485557462011702,Insurance—Property & Casualty,Financial Services,L
2017Q1,2017,Q1,2017-05-01,2017-03-31,295000000.0,3300000000.0,0.0,0.87,3300000000.0,1.0,77114000000.0,18488000000.0,412000000.0,48092000000.0,53380000000.0,0.0,15466000000.0,15755877600.000002,26033877600.0,54.88007599145096,0.008566913415952757,0.1386259304406463,0.578212894850714,0.0,54.88007599145096,0.015956295975768066,4.7745083636363645,13.352438644067798,0.8522218520121161,0.0711864406779661,0.0,0.0013328359443462547,0.04279378582358586,1.1263411794061382,0.0038255050963508573,-74.32017735849057,1.0,0.010640000000000009,-0.053129698104807895,0.038275589078360185,0.12097617241372054,-0.011384062312762133,0.017241379310344827,0.0,4.742576214082166,0.012583569675188333,0.07851228205964113,Insurance—Property & Casualty,Financial Services,L
2016Q4,2016,Q4,2017-02-16,2016-12-31,290000000.0,3338000000.0,0.0,0.8608406554262645,3338000000.0,1.0,76594000000.0,18163000000.0,327000000.0,47763000000.0,53233000000.0,0.0,15196000000.0,15776090400.0,26227090400.0,53.91534077416291,0.006846303624144212,0.14071598297516777,0.5934041733193856,0.0,53.91534077416291,0.015966525353741122,4.7262104254044335,13.600077931034482,0.8685839563948686,0.07241379310344828,0.0,0.001331128274974895,0.04358043710995639,1.1142306806523878,0.003786197352273024,44.946126495726496,1.0,-0.11253540677704685,0.2746699497938944,0.1302290019589668,0.13594290158500646,0.015515667782172194,-0.11314984709480122,0.0,2.6821687899836646,-0.014461727372428254,0.07207741573002747,Insurance—Property & Casualty,Financial Services,L
2016Q3,2016,Q3,2016-10-31,2016-09-30,327000000.0,3287000000.0,0.0,0.97,3287000000.0,1.0,78508000000.0,18270000000.0,344000000.0,49501000000.0,55102000000.0,0.0,15031000000.0,13874957000.0,24452957000.0,54.18470846432173,0.006949354558493768,0.13911958017017373,0.5978106185002737,0.0,54.18470846432173,0.017898193760262728,4.221161241253423,10.607765290519877,0.7594393541324576,0.06422018348623854,0.0,0.0015135182040564162,0.04186834462729913,1.1193511242197127,0.004165180618535691,21.183140458015266,1.0,6.105263157894736,1.3790382101657976,0.12684066431840776,0.1348757872363112,-0.0060477774417901425,6.030769230769231,0.0,0.3314485848836344,0.018953773902192474,0.08385485613202669,Insurance—Property & Casualty,Financial Services,L
2016Q2,2016,Q2,2016-08-01,2016-06-30,-65000000.0,3307000000.0,0.0,-0.19,3307000000.0,1.0,79183000000.0,17945000000.0,348000000.0,50503000000.0,56152000000.0,0.0,14724000000.0,13918004800.000002,24635004800.0,52.97886159659896,0.006890679761598321,0.13973959056868268,0.6166062970186682,0.0,52.97886159659896,-0.003622178879910839,4.2086497732083465,-53.53078769230769,0.7755923544162721,-0.3230769230769231,0.0,0.0015088369562855732,0.04176401500322039,1.1117161356751084,-0.0008208832703989492,-231.9667466666667,1.0,-1.6333333333333333,-1.3083221568032033,0.11603433906156692,0.13176802386960193,0.04223132682004412,-1.6372549019607843,0.0,-1.2767953645848882,0.016964174758982094,0.07337071605097537,Insurance—Property & Casualty,Financial Services,L
2016Q1,2016,Q1,2016-05-03,2016-03-31,102000000.0,3173000000.0,0.0,0.3,3173000000.0,1.0,77224000000.0,17833000000.0,308000000.0,48807000000.0,54099000000.0,0.0,14812000000.0,12973966000.0,23252966000.0,52.58920672368033,0.006310570205093531,0.13709468558997204,0.593674648124264,0.0,52.58920672368033,0.005719733079122974,4.088864166404034,31.7989362745098,0.7275257107609489,0.20588235294117646,0.0,0.0016186261009162504,0.041088262716254015,1.1077304485012396,0.0013208329016885943,-90.72703496503496,1.0,1.5073094841508061,-0.6769044796126488,0.046730485503193864,0.15478781564253608,-0.048004800480048,1.507462686567164,0.0,-0.5153719863469417,-0.02294397446958186,0.05329273719575062,Insurance—Property & Casualty,Financial Services,L
2015Q4,2015,Q4,2016-02-19,2015-12-31,-201000000.0,3333000000.0,0.0,-0.591355,3333000000.0,1.0,76029000000.0,17561000000.0,440000000.0,48925000000.0,53219000000.0,0.0,14731000000.0,13052065804.8,23195065804.8,51.66556850732436,0.008993357179356157,0.1391968853989925,0.6026422185524742,0.0,51.66556850732436,-0.011445817436364672,3.916011342574257,-16.233912692537313,0.7432416038266613,-0.1044776119402985,0.0,0.001608940708242299,0.043838535295742415,1.0723352069494123,-0.0026437280511383814,10.492014312540192,1.0,-2.18271,-1.5206957441425195,0.08305467882095575,0.1490178081692463,0.05175134111707163,-2.1043956043956045,0.0,-6.205258184847241,0.031930787309159075,0.0352189020188327,Insurance—Property & Casualty,Financial Services,L
2015Q3,2015,Q3,2015-11-03,2015-09-30,182000000.0,3169000000.0,0.0,0.5,3169000000.0,1.0,77532000000.0,18744000000.0,328000000.0,49296000000.0,53379000000.0,0.0,15906000000.0,12898090215.66,23340090215.66,52.520035809451564,0.0066536838688737426,0.13891038538925862,0.5745838668373879,0.0,52.520035809451564,0.009709773794280837,4.070082112862101,17.717156889642858,0.6881183427048655,0.12637362637362637,0.0,0.0017832097322497352,0.04087344580302327,1.0893581629341123,0.002347417840375587,14.524876368986487,1.0,0.08695652173913039,4.916500525929958,0.0020725702293015896,0.163160472799917,-0.07743813682678312,0.07058823529411765,0.0,0.1388766459749968,-0.05519542673188091,0.04645622032955837,Insurance—Property & Casualty,Financial Services,L
2015Q2,2015,Q2,2015-08-04,2015-06-30,170000000.0,3435000000.0,0.0,0.46,3435000000.0,1.0,78015000000.0,18982000000.0,249000000.0,49242000000.0,53683000000.0,0.0,15747000000.0,14080469411.59,24683469411.59,51.91565697364447,0.005056658949677105,0.1391014548484266,0.5716995047940154,0.0,51.91565697364447,0.008955852913286272,4.099117732631732,20.70657266410294,0.7417800764719208,0.13529411764705881,0.0,0.0016334682692515992,0.044029994231878485,1.0976808415580195,0.002179068127924117,51.957451703284136,1.0,0.5862068965517243,-0.46817966056627874,0.12822693958939746,0.19384623100502707,-0.012363427257044278,0.5596330275229358,0.0,2.2843172538814986,0.09690128994486609,0.05288326261381014,Insurance—Property & Casualty,Financial Services,L
2015Q1,2015,Q1,2015-05-05,2015-03-31,109000000.0,3478000000.0,0.0,0.29,3478000000.0,1.0,78623000000.0,19308000000.0,271000000.0,49452000000.0,53993000000.0,0.0,15600000000.0,15165178388.519999,25444178388.519997,51.98393449804557,0.005480061473752325,0.13418465334571308,0.5464056349699606,0.0,51.98393449804557,0.005645328361301015,4.360315810385279,34.78251923972477,0.7854349693660659,0.21100917431192662,0.0,0.0015166323409298594,0.04423641936837821,1.119671600744156,0.0013863627691642394,-36.89824425430657,1.0,-0.47272727272727283,-0.704598139598745,0.06620483350029081,0.25255032416155976,-0.012212439647827322,-0.47596153846153844,0.0,-0.6826766267420623,-0.007488914289440785,0.06181981106772207,Insurance—Property & Casualty,Financial Services,L
2014Q4,2014,Q4,2015-02-24,2014-12-31,208000000.0,3521000000.0,0.0,0.55,3521000000.0,1.0,78367000000.0,19280000000.0,364000000.0,48754000000.0,53717000000.0,0.0,15515000000.0,15670709370.800001,25974709370.800003,51.69808084818317,0.007466054067358576,0.13612872765322137,0.5533195020746888,0.0,51.69808084818317,0.010788381742738589,4.450641684407839,18.83498722451923,0.8127961291908714,0.11057692307692307,0.0,0.0014677063721733636,0.04492962599053173,1.1178775074865652,0.0026541784169357,-59.35874761666667,1.0,0.0,-0.4149003442594994,0.04435198396996616,0.293354496726812,-0.0005676979846721544,0.0,0.0,-0.17414138260808568,0.07693318622213671,0.08922742807189878,Insurance—Property & Casualty,Financial Services,L
2014Q3,2014,Q3,2014-11-04,2014-09-30,208000000.0,3523000000.0,0.0,0.55,3523000000.0,1.0,78529000000.0,19657000000.0,637000000.0,48821000000.0,53413000000.0,0.0,15817000000.0,15744211106.439999,26008211106.44,52.013442557628906,0.013047663915118494,0.13881496007844235,0.5545607162842753,0.0,52.013442557628906,0.010581472249071577,4.468978457689468,18.923330656778845,0.8009467928188431,0.11538461538461539,0.0,0.0015243698040979048,0.04486240751824167,1.1517174986173984,0.0026487030269072573,34.15230174932755,1.0,0.8333333333333336,-0.49107601438415693,0.07921701524354827,0.3220261521680904,-0.019482326746451433,0.7931034482758621,0.0,0.3501349113123664,0.07754550022606713,0.08939954172361464,Insurance—Property & Casualty,Financial Services,L
2014Q2,2014,Q2,2014-08-04,2014-06-30,116000000.0,3593000000.0,0.0,0.3,3593000000.0,1.0,82894000000.0,19857000000.0,277000000.0,53209000000.0,57539000000.0,0.0,15633000000.0,16975537200.0,27500537200.0,51.48034843928238,0.005205886222255633,0.13031099958983763,0.5439895251044972,0.0,51.48034843928238,0.005841768645817596,4.724613748956304,36.58520948275862,0.8548893186281915,0.20689655172413793,0.0,0.0014137991462208337,0.04334451226868048,1.0604784904809337,0.0013993775182763529,45.2680992,1.0,1.0,-0.61517254210613,0.14677350836287262,0.49157932841492963,-0.04007480630510286,0.9661016949152542,0.0,-0.5168098744216135,0.06480299106094353,0.09975583591976386,Insurance—Property & Casualty,Financial Services,L
2014Q1,2014,Q1,2014-04-29,2014-03-31,59000000.0,3743000000.0,0.0,0.15,3743000000.0,1.0,81803000000.0,19688000000.0,301000000.0,51659000000.0,56686000000.0,0.0,15541000000.0,17043465450.749998,28052465450.75,50.88498008260616,0.005826671054414526,0.13825898805667275,0.5744616009752134,0.0,50.88498008260616,0.0029967492889069482,4.553423844710125,72.21807394385593,0.8656778469499187,0.4067796610169492,0.0,0.0014081643237023654,0.04575626810752662,1.0771017634874853,0.0007212449421170373,-50.87601627089552,1.0,1.2931150113636365,1.1025521535866059,0.39244719262999755,0.6559025154097371,-0.037789203084832905,1.297979797979798,0.0,-0.8362057791315509,0.08218229879789962,0.11736530477359623,Insurance—Property & Casualty,Financial Services,L
2013Q4,2013,Q4,2014-02-24,2013-12-31,-198000000.0,3890000000.0,0.0,-0.5117445172874858,3890000000.0,1.0,79939000000.0,19458000000.0,295000000.0,50956000000.0,55033000000.0,0.0,15508000000.0,18664625955.600002,29215625955.600002,50.29052938070656,0.005789308422953136,0.13567845482180163,0.5574056943159625,0.0,50.29052938070656,-0.010175763182238668,4.798104358766067,-23.566446913636362,0.959226331359852,-0.12121212121212122,0.0,0.0012858548602630428,0.0486621048549519,1.122635214695031,-0.0024768886275785286,55.22078685088758,1.0,-1.7025732472720314,0.7675675632963143,0.594853690511916,0.6671046125348955,0.050215982721382287,-1.702127659574468,0.0,-1.4505979373538231,0.11045434827245454,0.11843758832342466,Insurance—Property & Casualty,Financial Services,L
2013Q3,2013,Q3,2013-10-29,2013-09-30,282000000.0,3704000000.0,0.0,0.728386,3704000000.0,1.0,79510000000.0,19355000000.0,257000000.0,50450000000.0,54689000000.0,0.0,15911000000.0,18095736782.52,27813736782.52,49.99258725258816,0.005094152626362735,0.12545591749465476,0.515370705244123,0.0,49.99258725258816,0.014569878584345131,4.885458094632829,16.042319842659577,0.9349386092751227,0.0851063829787234,0.0,0.001326279238499057,0.04658533517796504,1.1237066402378593,0.0035467236825556534,27.048933905112108,1.0,0.055631884057971065,3.319776258404303,0.40550400312193624,0.3857293482021005,-0.005637583892617449,0.048327137546468404,0.0,7.450693052062855,0.07968635497619907,0.10718510619802196,Insurance—Property & Casualty,Financial Services,L
2013Q2,2013,Q2,2013-07-30,2013-06-30,269000000.0,3725000000.0,0.0,0.69,3725000000.0,1.0,80046000000.0,19151000000.0,166000000.0,50856000000.0,55404000000.0,0.0,15654000000.0,17336113486.28,27242113486.28,49.35746877044757,0.0032641182947931416,0.1258276491017665,0.5259255391363375,0.0,49.35746877044757,0.014046263902668268,4.65399019765906,16.11162963408922,0.905232806969871,0.09293680297397769,0.0,0.0014420763927154312,0.04653574194837968,1.1242921189240207,0.003360567673587687,-26.548412689555892,1.0,0.11290322580645154,-0.9290144577273518,0.2438860213421432,0.4946362749770953,-0.00241028387787895,0.1115702479338843,0.0,-0.20699972218058424,0.152924953947602,0.13501844142049813,Insurance—Property & Casualty,Financial Services,L
2013Q1,2013,Q1,2013-04-30,2013-03-31,242000000.0,3734000000.0,0.0,0.62,3734000000.0,1.0,80614000000.0,19467000000.0,179000000.0,51729000000.0,55896000000.0,0.0,15410000000.0,17143834450.77,26401834450.77,49.92838635125499,0.0034603413945755767,0.11706403354256084,0.4847690964195819,0.0,49.92838635125499,0.012431293984692043,4.591278642412962,17.710572779721076,0.8806613474479889,0.09917355371900827,0.0,0.0013999201910703276,0.04631949785397078,1.1293665062150824,0.0030019599573275113,2857.305741795,1.0,8.554282294375,-0.5033666833993864,0.11663195250125037,0.5325413600428678,0.007827260458839407,8.5625,0.0,-0.37523205531604675,0.09044063663846943,0.20302199348683886,Insurance—Property & Casualty,Financial Services,L
2012Q4,2012,Q4,2013-02-22,2012-12-31,-32000000.0,3705000000.0,0.0,-0.0820726544018164,3705000000.0,1.0,80021000000.0,19459000000.0,228000000.0,51371000000.0,55345000000.0,0.0,15192000000.0,15888361470.75,24870361470.75,49.907868187654536,0.0044383017655875885,0.1150947876182502,0.4733028418726553,0.0,49.907868187654536,-0.0016444832725217124,4.288356672267207,-124.12782399023438,0.816504520825839,-0.78125,0.0,0.0015734788037158052,0.04630034615913323,1.1211773179420295,-0.00039989502755526676,92.37419459738372,1.0,-1.1823836764484807,-1.0853228341871581,0.14093191341545425,0.5089533724225992,-0.0026917900403768506,-1.1807909604519775,0.0,-1.0860988985147788,0.05111490103262504,0.2485679290901655,Insurance—Property & Casualty,Financial Services,L
2012Q3,2012,Q3,2012-10-30,2012-09-30,177000000.0,3715000000.0,0.0,0.45,3715000000.0,1.0,79554000000.0,19839000000.0,169000000.0,50867000000.0,54692000000.0,0.0,15415000000.0,16424299499.999998,25121299500.0,50.18846922512586,0.0033223897615349833,0.11144631319606808,0.4468975250768688,0.0,50.18846922512586,0.008921820656283079,4.421076581426648,23.19816313559322,0.8278794042038409,0.13559322033898305,0.0,0.0014612495345691914,0.046697840460567665,0.3096309984862485,0.002224903838901878,23.429813837375175,1.0,2.214285714285714,-0.5714372984469053,0.07418545375318754,0.5448102204415363,0.09651711924439198,2.1607142857142856,0.0,-0.585953934501836,0.08802974852321079,0.2756407880402451,Insurance—Property & Casualty,Financial Services,L
2012Q2,2012,Q2,2012-07-31,2012-06-30,56000000.0,3388000000.0,0.0,0.14,3388000000.0,1.0,77328000000.0,19505000000.0,136000000.0,48775000000.0,53087000000.0,0.0,15263000000.0,16182935449.159998,25182935449.159996,49.30808458742377,0.002788313685289595,0.1181460790399338,0.46839271981543196,0.0,49.30808458742377,0.0028710587028966932,4.776545291959858,72.24524754089285,0.8296813867808254,0.44642857142857145,0.0,0.0015448371575441009,0.04381336643906476,0.30499231163505897,0.0007241878750258639,33.29822108880658,1.0,-0.8478260869565217,-0.88380461707352,-0.009491552443921343,0.5428644805411691,-0.09508547008547008,-0.8474114441416893,0.0,-0.8188491294477697,0.05440673663253474,0.42864067404438316,Insurance—Property & Casualty,Financial Services,L
2012Q1,2012,Q1,2012-05-01,2012-03-31,367000000.0,3744000000.0,0.0,0.92,3744000000.0,1.0,77240000000.0,19428000000.0,5657000000.0,48858000000.0,53119000000.0,0.0,15232000000.0,15821804273.4,24764804273.4,48.95739743805748,0.11578451840026198,0.11706369756602797,0.4654107473749228,0.0,48.95739743805748,0.018890261478278773,4.2259092610576925,10.777795826566756,0.8143815252933909,0.0681198910081744,0.0,0.001580097918543374,0.04847229414810979,0.30836301117524256,0.004751424132573796,175.79782526,1.0,0.3622687850746269,-0.34816157174850093,0.09643429747383296,0.5670997405442225,0.07617131359586088,0.3694029850746269,0.0,1.621957998588205,0.3579912344361831,0.5931749886506298,Insurance—Property & Casualty,Financial Services,L
2011Q4,2011,Q4,2012-02-22,2011-12-31,268000000.0,3479000000.0,0.0,0.6753439630121167,3479000000.0,1.0,75375000000.0,18835000000.0,5234000000.0,47583000000.0,52102000000.0,0.0,14957000000.0,14940830973.0,23812830973.0,47.46307292288515,0.10999726793182439,0.11941625207296849,0.47788691266259625,0.0,47.46307292288515,0.01422882930714096,4.294576307272204,13.937342325559701,0.79324825978232,0.09328358208955224,0.0,0.0016732670388399553,0.046155887230514094,0.30458356976231005,0.0035555555555555557,9.420448280580075,1.0,0.6883599075302917,-0.5018919858073123,-0.011275716004074504,0.5836268358973767,0.011925538103548575,0.654320987654321,0.0,1.3067386901731026,0.3906821967198872,0.5733759172791243,Insurance—Property & Casualty,Financial Services,L
2011Q3,2011,Q3,2011-11-01,2011-09-30,162000000.0,3438000000.0,0.0,0.4,3438000000.0,1.0,76305000000.0,18974000000.0,5976000000.0,49305000000.0,52740000000.0,0.0,15282000000.0,13730252919.999998,22834252920.0,47.74505639623717,0.12120474596896866,0.12098813970250967,0.4865605565510699,0.0,47.74505639623717,0.008537999367555603,3.9936744968004647,21.188661913580244,0.7236351280699904,0.15432098765432098,0.0,0.0018207967577628574,0.045056025162178104,0.3262346617990062,0.002123058777275408,15.154804547461367,1.0,-0.3548387096774193,-0.6465965901316099,0.05680990836923099,0.6345686678814999,-0.029361942405420668,-0.35714285714285715,0.0,2.2982821391018384,0.27093710190339704,0.3234307227499015,Insurance—Property & Casualty,Financial Services,L
2011Q2,2011,Q2,2011-08-03,2011-06-30,252000000.0,3542000000.0,0.0,0.62,3542000000.0,1.0,76069000000.0,18953000000.0,5840000000.0,47953000000.0,52586000000.0,0.0,15145000000.0,17041651740.000002,26062651740.0,46.8107072114126,0.12178591537547181,0.12053530347447712,0.4837756555690392,0.0,46.8107072114126,0.013296048119031288,4.811307662337663,16.906400535714287,0.8991532601698939,0.0992063492063492,0.0,0.0014669939499655565,0.046562988865372225,0.3330969908034951,0.003312781816508696,-46.94669900826447,1.0,-0.37373737373737376,-0.39219122088190733,0.1358696650426958,0.838067737383321,-0.03435114503816794,-0.3403141361256545,0.0,-0.9362729255096807,0.1334664865707705,0.41751558170260566,Insurance—Property & Casualty,Financial Services,L
2011Q1,2011,Q1,2011-05-03,2011-03-31,382000000.0,3668000000.0,0.0,0.99,3668000000.0,1.0,75967000000.0,18686000000.0,6149000000.0,47985000000.0,52522000000.0,0.0,14919000000.0,17680657516.66,27050657516.66,45.54014686621814,0.1281442117328332,0.12496215461976912,0.5080274001926576,0.0,45.54014686621814,0.0204431124906347,4.820244688293347,11.571110940222514,0.9461980903703308,0.06806282722513089,0.0,0.0014705335463627927,0.048284123369357744,0.34033552151714075,0.005028499216765174,18.05991574735444,1.0,-0.12829167111587975,-0.04069238785627667,0.17407159733456049,0.907276982235225,-0.012651413189771197,-0.18025751072961374,0.0,-0.2550734920448986,0.042304578495830344,0.3978452682989944,Insurance—Property & Casualty,Financial Services,L
2010Q4,2010,Q4,2011-02-23,2010-12-31,466000000.0,3715000000.0,0.0,1.1357009761135421,3715000000.0,1.0,76277000000.0,18450000000.0,7200000000.0,48997000000.0,53171000000.0,0.0,14564000000.0,15965522951.339998,25322522951.339996,44.96498499848681,0.14694777231259057,0.12424452980583925,0.5136585365853659,0.0,44.96498499848681,0.025257452574525746,4.297583566982503,8.56519471638412,0.8653399973626016,0.796137339055794,0.0,0.023237572682757734,0.04870406544567825,0.35394003714513134,0.006109312112432319,-13.427689614247265,1.0,12.20152713202146,3.5844161197990965,0.22862734219313952,0.9146035041938618,0.0037827614158335585,11.944444444444445,0.0,0.18067615550380864,0.08707601813665193,0.3595063908416347,Insurance—Property & Casualty,Financial Services,L
2010Q3,2010,Q3,2010-11-03,2010-09-30,36000000.0,3701000000.0,0.0,0.086028,3701000000.0,1.0,76821000000.0,18859000000.0,6231000000.0,49133000000.0,53322000000.0,0.0,14433000000.0,15829693000.0,25173693000.0,45.15287188450212,0.1268190421916024,0.12335168768956405,0.502465666260141,0.0,45.15287188450212,0.0019089029110769395,4.277139421777898,109.9284236111111,0.8393707513653959,3.3333333333333335,0.0,0.00758069028881356,0.04817693078715456,0.35255327376712187,0.0004686218612098254,-155.19306862745097,1.0,-0.9011172413793104,-0.8399233844901477,0.19312443913169158,0.9618945721881931,0.06167527251864601,-0.9016393442622951,0.0,-0.9175052803602929,0.012796237913053987,0.3898136174782136,Insurance—Property & Casualty,Financial Services,L
2010Q2,2010,Q2,2010-08-04,2010-06-30,366000000.0,3486000000.0,0.0,0.87,3486000000.0,1.0,75059000000.0,18205000000.0,5713000000.0,48045000000.0,52332000000.0,0.0,14426000000.0,13944898400.0,22909898400.0,43.486050066883244,0.11890935581225934,0.12065175395355654,0.4974457566602582,0.0,43.486050066883244,0.020104366932161496,4.000257716580609,9.525203825136613,0.7659927712166987,0.44808743169398907,0.0,0.011760573314754304,0.046443464474613304,0.32215631179102927,0.00487616408425372,56.91795265306123,1.0,-0.12121212121212122,0.12245005165907707,0.1505947656248137,0.8772229909586743,-0.06113654726636143,-0.12857142857142856,0.0,-0.2824221402040487,-0.03699339583137203,0.3606913066816117,Insurance—Property & Casualty,Financial Services,L
2010Q1,2010,Q1,2010-05-04,2010-03-31,420000000.0,3713000000.0,0.0,0.99,3713000000.0,1.0,75855000000.0,17546000000.0,6322000000.0,48760000000.0,53862000000.0,0.0,14085000000.0,15760865600.0,25236865600.0,41.50247179317359,0.12965545529122233,0.12670226089249226,0.5477601732588624,0.0,41.50247179317359,0.023937079676279494,4.244779315917048,9.38146761904762,0.8982597515103158,0.45714285714285713,0.0,0.012182072030358536,0.04894865203348494,0.33474159146841675,0.00553687957286929,192.2056780487805,1.0,0.038566501240694814,0.6284416703108434,0.3071712490118117,0.901307425818231,-0.028519099947671375,0.04218362282878412,0.0,-0.2997892139509385,0.02065115520389486,0.32847161373958106,Insurance—Property & Casualty,Financial Services,L
2009Q4,2009,Q4,2010-02-24,2009-12-31,403000000.0,3822000000.0,0.0,0.9532369846488634,3822000000.0,1.0,74070000000.0,16899000000.0,59940000000.0,47696000000.0,52985000000.0,0.0,13693000000.0,15367689500.0,24662689500.0,39.97208884263311,1.2567091580006708,0.128054542999865,0.5612758151369903,0.0,39.97208884263311,0.023847564944671284,4.020850209314495,9.533306141439207,0.9093845493816202,0.47890818858560796,0.0,0.012558816990673842,0.05159983799108951,0.36936011405568603,0.005440799243958417,10.46845333787466,1.0,-0.11737316236216357,0.05567014749806403,0.24258315614677162,0.8268989707421959,0.02247191011235955,-0.1388888888888889,0.0,-0.2969286652674914,0.019570039414560456,0.3336867733135394,Insurance—Property & Casualty,Financial Services,L
2009Q3,2009,Q3,2009-11-02,2009-09-30,468000000.0,3738000000.0,0.0,1.08,3738000000.0,1.0,75112000000.0,17026000000.0,61056000000.0,49391000000.0,53926000000.0,0.0,13563000000.0,14821687500.0,23369687500.0,39.343731946851534,1.2361766313700877,0.11588028544040899,0.5112181369669917,0.0,39.343731946851534,0.02748737225419946,3.9651384430176564,7.9175681089743595,0.870532567837425,0.4017094017094017,0.0,0.01268411575942348,0.04976568324635212,0.3653904557510478,0.006230695494727873,46.03008540372671,1.0,0.38461538461538464,1.1678591941823704,0.2697908657352581,0.9118549112748962,0.057724957555178265,0.3764705882352941,0.0,-0.06244882354530348,0.05517309797103375,0.34694639344734873,Insurance—Property & Casualty,Financial Services,L
2009Q2,2009,Q2,2009-08-04,2009-06-30,340000000.0,3534000000.0,0.0,0.78,3534000000.0,1.0,71630000000.0,15016000000.0,58103000000.0,47967000000.0,52868000000.0,0.0,13122000000.0,11920918000.0,20454918000.0,34.51398625508539,1.211311943627911,0.12103867094792685,0.5773841236014917,0.0,34.51398625508539,0.022642514651038892,3.3732082625919637,8.76538088235294,0.7938810602024506,0.55,0.0,0.015686711375751432,0.0493368700265252,0.37773886213438407,0.004746614546977524,-39.869290969899666,1.0,1.523489932885906,0.0676947938836442,0.1547098378318081,0.7981123779507329,0.16903738008600727,1.525502318392581,0.0,-0.23683408165040085,0.05467854635000913,0.3552250842409235,Insurance—Property & Casualty,Financial Services,L
2009Q1,2009,Q1,2009-05-04,2009-03-31,-647000000.0,3023000000.0,0.0,-1.49,3023000000.0,1.0,69667000000.0,13371000000.0,56632000000.0,47894000000.0,52771000000.0,0.0,12700000000.0,9616152000.0,17898152000.0,30.729453943739657,1.182444565081221,0.12086066573844144,0.6297210380674594,0.0,30.729453943739657,-0.04838830304390098,3.180996361230566,-3.7156692426584237,0.7191797172986314,-0.29057187017001546,0.0,0.019550439718506944,0.04339213687972785,0.39744018039837975,-0.009287036904129645,16.84089667250438,1.0,0.32324759916492685,-19.97595633219814,0.1072592043574187,0.5373568549008418,0.1020780167699599,0.3246346555323591,0.0,-2.5321866719410946,-0.08753487609317837,0.2869870700181893,Insurance—Property & Casualty,Financial Services,L
2008Q4,2008,Q4,2009-02-25,2008-12-31,-958000000.0,2743000000.0,0.0,-2.201691487405773,2743000000.0,1.0,69857000000.0,13126000000.0,56106000000.0,48550000000.0,56731000000.0,0.0,13425000000.0,12292140000.0,20419140000.0,30.166390880676595,1.155633367662204,0.11821292068081939,0.6291330184366906,0.0,30.166390880676595,-0.07298491543501448,4.481275975209624,-3.2077609603340296,0.9364726497028798,-0.1931106471816284,0.0,0.015050267894768526,0.039265928969179895,0.36729145211122555,-0.0137137294759294,13.160749464668093,1.0,-6.102230604534752,-4.334358085213517,-0.19099265604114052,0.5184029336925238,-0.07643097643097643,-5.992700729927007,0.0,-9.887436180805373,-0.14453935012253272,0.2844811955562495,Insurance—Property & Casualty,Financial Services,L
2008Q3,2008,Q3,2008-10-29,2008-09-30,-137000000.0,2970000000.0,0.0,-0.31,2970000000.0,1.0,73417000000.0,15741000000.0,59250000000.0,50275000000.0,53508000000.0,0.0,14435000000.0,17230276800.0,24668276800.0,36.07673267326733,1.1785181501740427,0.10452619965403108,0.4875166761959215,0.0,36.07673267326733,-0.008703386061876628,5.80144,-31.442110948905114,1.094611320754717,-1.0875912408759123,0.0,0.00864756856372731,0.040453845839519456,0.41989060169070114,-0.0018660528215535912,-6.596583767228178,1.0,-1.0324947589098532,0.8736798123011374,-0.03882337789616521,0.914596570046863,-0.2427332993370729,-1.0276042716099134,0.0,-1.5831417308397504,-0.08346032892276395,0.5675358633890373,Insurance—Property & Casualty,Financial Services,L
2008Q2,2008,Q2,2008-07-30,2008-06-30,4963000000.0,3922000000.0,0.0,9.54,3922000000.0,1.0,74782000000.0,16781000000.0,61643000000.0,50864000000.0,53747000000.0,0.0,14598000000.0,23832704000.0,31059704000.0,33.023063602015114,1.2119180559924505,0.09888743280468562,0.4406769560812824,0.0,33.023063602015114,0.2957511471306835,6.07667108618052,1.2005190409026798,1.420219533996782,0.03989522466250252,0.0,0.008307911683038568,0.05244577572143029,0.4299504561182762,0.06636623786472681,57.98711435523114,1.0,8.085714285714284,24.29633559086656,0.01026572779778886,0.5019441348370808,-0.13669381465991637,6.496978851963746,0.0,11.539218188758358,0.06645576396059492,0.42555265723715435,Insurance—Property & Casualty,Financial Services,L
2008Q1,2008,Q1,2008-04-30,2008-03-31,662000000.0,4543000000.0,0.0,1.05,4543000000.0,1.0,76892000000.0,17257000000.0,64452000000.0,52542000000.0,55847000000.0,0.0,14269000000.0,21304534529.7,28452534529.7,32.57881819898056,1.2266758022153705,0.09565364407220517,0.42620385930347104,0.0,32.57881819898056,0.03836124471229067,4.68952994270306,8.04551908221299,1.234544505400707,0.3021148036253776,0.0,0.009387672831865259,0.05908286947926963,0.43886795325644246,0.008609478229204598,33.2364033224649,1.0,0.09158131352619232,2.6595063740150833,0.20823587845800237,0.5658536284159229,0.025577352868140054,0.2939796716184519,0.0,1.0485902201683917,0.2765107122136979,0.49249782699189154,Insurance—Property & Casualty,Financial Services,L
2007Q4,2007,Q4,2007-12-31,2007-12-31,511600000.0,4429700000.0,0.0,0.9619072688301433,4429700000.0,1.0,76079000000.0,17591000000.0,18820000000.0,358000000.0,54590000000.0,0.0,13691000000.0,26773832400.0,33890832400.0,33.07449328770729,52.56983240223464,0.09540083334428685,0.4125973509180831,0.0,33.07449328770729,0.02908305383434711,6.044163803417839,13.083381743549648,1.5220187823318743,0.38506645817044566,0.0,0.007357930574033174,0.05822500295745212,59.46648044692738,0.0067245889141550235,67.76469855732726,1.0,0.24923021925992636,1.0871962130017558,0.16339093457494352,0.6377985563778084,-0.04805192014269443,-0.07935936656469318,0.0,0.06527212510479054,0.14476390382326318,0.5116487402751349,Insurance—Property & Casualty,Financial Services,L
2007Q3,2007,Q3,2007-09-30,2007-09-30,555700000.0,4653300000.0,0.0,0.77,4653300000.0,1.0,78964900000.0,17279300000.0,19855300000.0,164200000.0,58033300000.0,0.0,13822200000.0,26140920063.72,33246120063.72,32.48843680667845,120.92143727161998,0.09158752812958669,0.41854704762345696,0.0,32.48843680667845,0.03215986758722865,5.617716472980466,11.760356336026634,1.512846010180968,0.19254993701637574,0.0,0.004093199464256856,0.05892871389693395,151.7442143727162,0.0070373039160437105,18.68409696499178,1.0,-0.18947368421052627,1.4213922549020035,0.19543591209342426,0.392511543671462,0.0034502835701809243,-0.1495255586164677,0.0,1.0944276453652784,0.28615615813434986,0.5787312081222858,Insurance—Property & Casualty,Financial Services,L
2007Q2,2007,Q2,2007-06-30,2007-06-30,653400000.0,4637300000.0,0.0,0.95,4637300000.0,1.0,79537500000.0,17139500000.0,21354700000.0,164100000.0,58864100000.0,0.0,13349000000.0,27340574000.0,32324974000.0,31.95879172105165,130.13223644119438,0.06439101052962438,0.29881268415064616,0.0,31.95879172105165,0.038122465649523034,5.895795829469734,10.46088689929599,1.5951792059278274,0.16406489133761862,0.0,0.003920912560211794,0.058303316045890306,176.1895185862279,0.008214992927864215,14.313687241505681,1.0,-0.20788050502203764,2.4068484212585326,0.05015405743832437,0.42853552080331037,-0.004807176427667017,-0.14955095665755563,0.0,0.6645570290730438,0.2292008562569965,0.6649916515947283,Insurance—Property & Casualty,Financial Services,L
2007Q1,2007,Q1,2007-03-31,2007-03-31,768300000.0,4659700000.0,0.0,1.199314,4659700000.0,1.0,76739600000.0,16917500000.0,19595000000.0,4300000.0,56416600000.0,0.0,12780900000.0,24601253600.0,29605153600.0,31.240766730684,4556.976744186047,0.06688072390265261,0.3033781587113935,0.0,31.240766730684,0.04541451160041377,5.279578857007962,8.005093583235714,1.454189661593025,0.4865286997266693,0.0,0.015194347657145408,0.06072093156597116,6468.302325581395,0.010011780097889486,-74.48154283984256,1.0,-0.11543162054922977,2.2160790714840366,0.030608407770284698,0.42936680689720486,-0.04553461696026219,0.029202947086403214,0.0,17.10609394927767,0.3713984478874279,0.5629372059037103,Insurance—Property & Casualty,Financial Services,L
