Year,Date,FillingDate,NetIncome,Revenue,OperatingIncome,EPSDiluted,GrossProfit,GrossProfitRatio,TotalAssets,CommonStockEquity,CurrentAssets,CurrentLiability,TotalLiability,Inventory,RetainedEarnings,EnterpriseValue,bookValuePerShare,currentRatio,debtToAssets,debtToEquity,roic,shareholdersEquityPerShare,roe,priceToSalesRatio,peRatio,pbRatio,payoutRatio,inventoryTurnover,dividendYield,assetTurnover,quickRatio,returnOnAssets,priceToFreeCashFlowsRatio,grossProfitMargin,epsdilutedGrowth,fiveYNetIncomeGrowthPerShare,fiveYRevenueGrowthPerShare,fiveYShareholdersEquityGrowthPerShare,grossProfitGrowth,netIncomeGrowth,operatingIncomeGrowth,threeYNetIncomeGrowthPerShare,threeYRevenueGrowthPerShare,threeYShareholdersEquityGrowthPerShare,Industry,Sector,Price,MarketCap,AvgVolume,Symbol
2022,2022-12-31,2023-03-02,-66561000.0,376423000.0,-12822000.0,-0.72,171129000.0,0.4546188729,580586000.0,332047000.0,104821000.0,165091000.0,248539000.0,398000.0,-1300789000.0,140695934.24,3.5825877390731327,0.6349286151274146,0.09167806319821697,0.1602995961415101,-0.031154799277397012,3.5825877390731327,-0.20045656187226507,0.2856173353913018,-1.6152541914935172,0.3237883017765557,-0.2330493832724869,515.8140703517588,0.1442803148258676,0.6483501152284071,0.5360740440120904,-0.11464451433551619,6.281795748758399,0.45461887291690467,-0.16129032258064513,0.853288532045079,-0.4214546728086509,-0.6862905244323434,0.043666790673846885,-0.3302356256370286,0.6298819386311809,0.8652845558043103,-0.3354690848153202,-0.12029812193484145,Internet Content & Information,Communication Services,0.7789,72822788,279495,SCOR
2021,2021-12-31,2022-03-02,-50037000.0,367013000.0,-34643000.0,-0.62,163969000.0,0.4467661908,663474000.0,223176000.0,109107000.0,165371000.0,440298000.0,0.0,-1218715000.0,307617857.02,2.7620090296468085,0.6597710602221671,0.08981964628606397,0.2670224396888554,-0.10800312177204613,2.7620090296468085,-0.22420421550704378,0.735338685605142,-5.393585886843736,1.2092646925296626,-0.0951296040929712,0.0,0.017637543202012485,0.5531686245429361,0.5678927986164443,-0.07541667043471184,-47.397059539866525,0.4467661908433761,0.07462686567164185,0.7054795352299059,-0.3663347179665816,-0.8298933773939303,-0.06476580502384158,-0.04422137818773739,-1.3619690461580418,0.7756527794825225,-0.37522150280267874,-0.7110603308354819,Internet Content & Information,Communication Services,0.7789,72822788,279495,SCOR
2020,2020-12-31,2021-03-10,-47918000.0,356036000.0,-14667000.0,-0.67,175324000.0,0.4924333494,677970000.0,228990000.0,137030000.0,184275000.0,448980000.0,0.0,-1156055000.0,394805925.04,3.2169877407465557,0.7436168769502103,0.36681564081006535,1.0860299576400716,-0.028701029285052238,3.2169877407465557,-0.20925804620289096,0.49782023458301977,-3.6988589891063905,0.7740160052404036,0.0,0.0,0.0,0.5251500803870378,0.545407678741012,-0.07067864359779931,-11.945135802668824,0.49243334943657385,0.874296435272045,0.6740115562953574,-0.30036282219384075,-0.6906227797570734,-0.07247266205699836,0.8586472996731525,0.7661660608379568,0.8624759916671385,-0.2874903246159263,-0.7183043066746282,Internet Content & Information,Communication Services,0.7789,72822788,279495,SCOR
2019,2019-12-31,2020-02-28,-338996000.0,388645000.0,-62724000.0,-5.33,189023000.0,0.4863641627,723695000.0,258974000.0,153983000.0,190237000.0,464721000.0,0.0,-1108137000.0,513347957.08000004,4.072502092359719,0.8094271881915716,0.33964446348254446,0.9491261671055782,-0.11287796039548789,4.072502092359719,-1.3089962698958197,0.8082928046932292,-0.9266745244191673,1.2130134958721726,0.0,0.0,0.0,0.5370287206627101,0.6226075894804901,-0.4684238525898341,-16.64576923908436,0.4863641626677302,-0.9311594202898552,-17.13550168796442,-0.37445337496303543,-0.2171784963290586,-0.1379126342001806,-1.1284627169299546,0.5485403351183279,-1.5353991139373182,-0.14737296918213663,-0.7491827256712297,Internet Content & Information,Communication Services,0.7789,72822788,279495,SCOR
2018,2018-12-31,2019-03-01,-159268000.0,419482000.0,-138936000.0,-2.76,219262000.0,0.5226970406358318,954143000.0,551567000.0,145779000.0,168936000.0,402576000.0,0.0,-769095000.0,969468701.29,9.559120205381562,0.8629244210825401,0.18586522146051482,0.32152394903973586,-0.1941891925797779,9.559120205381562,-0.2887554911733298,1.9848758737919623,-5.227790273564055,1.509553148194145,0.0,0.0,0.0,0.43964269506772047,0.7085819481933987,-0.16692256821042548,-9.63802916216185,0.5226970406358318,0.4367346938775511,-39.75078660855104,-0.1270978875250164,0.6561502484034517,0.044383264108524174,0.43400155654191824,0.5298321844448279,-0.3366533996006566,0.01690189226569975,-0.08070086819086435,Internet Content & Information,Communication Services,0.7789,72822788,279495,SCOR
2017,2017-12-31,2018-03-23,-281393000.0,403549000.0,-295503000.0,-4.9,209944000.0,0.520244133921779,1022439000.0,656492000.0,179554000.0,250490000.0,365947000.0,0.0,-609091000.0,1608836017.5,11.420081374942367,0.716811050341331,0.0,0.0,-0.44021979097705133,11.420081374942367,-0.4286312704496018,4.0598391211476175,-5.822262876119876,2.4956039334828146,0.0,0.0,0.0,0.3946924951023973,0.6272505888458622,-0.2752173968324761,-24.604562714944358,0.520244133921779,-1.3333333333333335,-12.803835677569504,-0.08548469750934508,0.9405667386695218,-0.07260358688930117,-1.401517414421411,-1.2413419092550173,-15.652632542375574,-0.28148227686054045,1.195182487628111,Internet Content & Information,Communication Services,0.7789,72822788,279495,SCOR
2016,2016-12-31,2016-12-31,-117173000.0,399460000.0,-131842000.0,-2.1,226380000.0,0.5667150653382066,1120792000.0,904853000.0,232433000.0,175877000.0,215939000.0,0.0,-327698000.0,1696689082.1999998,16.236928270823565,1.3215656396231457,0.0,0.0,-0.13770571729431302,16.236928270823565,-0.12949396200266783,4.405680374004906,-15.019612728188235,1.9449491599187934,0.0,0.0,0.0,0.356408682431709,1.1869260903927177,-0.10454482187595915,-27.926831733790344,0.5667150653382066,-10.666666666666668,-3.2996950166896903,-0.0040343590350028855,1.7512025519776013,0.4246785694057231,-0.49795453964357855,-0.7556694853185965,-30.041393733592905,-0.139339828935546,1.813103320313368,Internet Content & Information,Communication Services,0.7789,72822788,279495,SCOR
2015,2015-12-31,2015-12-31,-78222000.0,270803000.0,-75095000.0,-0.18,158899000.0,0.5867697182084394,563242000.0,393877000.0,272095000.0,141678000.0,169365000.0,0.0,-99838000.0,1444777594.6499999,10.398269588887441,1.9205169468795438,0.0,0.0,-0.17699628164040657,10.398269588887441,-0.1985949928530988,5.7559354757886725,-19.9269335308481,3.9573892221429534,0.0,0.0,0.0,0.48079333572425353,1.6641539265094087,-0.13887813763888346,28.32396777602122,0.5867697182084394,0.3793103448275862,-39.71127080292246,0.26928708338176577,0.9482031411041622,-0.31415635089173183,-6.898818539836413,-4.08085250338295,-4.823392974223044,-0.06865869627654857,0.7669345288720067,Internet Content & Information,Communication Services,0.7789,72822788,279495,SCOR
2014,2014-12-31,2015-02-20,-9903000.0,329151000.0,-14780000.0,-0.29,231684000.0,0.7038836278789978,353952000.0,175265000.0,178883000.0,151610000.0,178687000.0,0.0,-93076000.0,1547620913.8,5.202338046747874,1.179889189367456,0.0,0.0,-0.047686919364983975,5.202338046747874,-0.05650300972812598,4.752259339330581,-157.95323778652931,8.924833331241263,0.0,0.0,0.0,0.9299311771087605,0.9313369830486116,-0.02797836994846759,37.3783911728159,0.7038836278789978,-3.1428571428571423,-3.2228704893154254,1.2956028070193488,0.055458103230552315,0.17667613015942346,-3.2447492498928416,-5.778532169414808,0.398889365009932,0.35751228328090784,-0.1185102581144212,Internet Content & Information,Communication Services,0.7789,72822788,279495,SCOR
2013,2013-12-31,2014-02-18,-2333000.0,286860000.0,3093000.0,-0.07,196897000.0,0.6863870877780102,363413000.0,198802000.0,178799000.0,134973000.0,164611000.0,0.0,-83173000.0,941303834.86,5.771891900868696,1.3247019774325235,0.0,0.0,-0.015496320800937139,5.771891900868696,-0.011735294413537087,3.435187320853378,-422.38226954993576,4.956780288226476,0.0,0.0,0.0,0.7893498581503688,1.1693820245530588,-0.0064196932966074415,24.649619402656526,0.6863870877780102,0.7999999999999999,-1.0771617261355966,1.0358959757770916,0.22777726317077662,0.16635468622270666,0.8021036559504623,1.3964876297910525,-0.33535725441360115,0.47867718324065783,0.08141242494840935,Internet Content & Information,Communication Services,0.7789,72822788,279495,SCOR
2012,2012-12-31,2013-02-20,-11789000.0,255193000.0,-7801000.0,-0.35,168814000.0,0.6615150102079602,336485000.0,195643000.0,148929000.0,121306000.0,140842000.0,0.0,-80840000.0,410847316.44,5.884920702481032,1.2277133859825564,0.0,0.0,-0.0464832116123392,5.884920702481032,-0.06025771430615969,1.7951641167273398,-38.85938726270252,2.341577855788349,0.0,0.0,0.0,0.7584082499962851,1.0725932765073452,-0.03503573710566593,12.287788113298642,0.6615150102079602,0.28571428571428575,-1.2962937673323165,0.4215075195045878,-0.07447834564325603,0.07327276541906935,0.2533882203926536,0.5675720620842573,-3.681620262113843,0.8036125777665153,0.19394149063144545,Internet Content & Information,Communication Services,0.7789,72822788,279495,SCOR
2011,2011-12-31,2012-02-22,-15790000.0,232392000.0,-18040000.0,-0.49,157289000.0,0.6768262246548935,320057000.0,190567000.0,119373000.0,112390000.0,129490000.0,0.0,-69051000.0,659455392.4,5.901756764201982,1.0621318622653262,0.0,0.0,-0.07458069041727153,5.901756764201982,-0.08285799744971585,2.9456495593652106,-43.35309641545282,3.5921507522288745,0.0,0.0,0.0,0.7260956642098126,0.9120028472284011,-0.04933496220985637,35.07790891109403,0.6768262246548935,-8.799999999999999,-2.659302225470624,1.0883501765285966,2.1403173139871856,0.27829429644198106,-9.019035532994923,-11.364633310486635,-1.5570645157020406,0.7593122761584566,0.25540167631361316,Internet Content & Information,Communication Services,0.7789,72822788,279495,SCOR
2010,2010-12-31,2011-03-15,-1576000.0,174999000.0,-1459000.0,-0.05,123046000.0,0.7031240178515306,283079000.0,165832000.0,103097000.0,97228000.0,117247000.0,0.0,-53261000.0,672986202.12,5.337364143142755,1.0603632698399639,0.0,0.0,-0.007350434918676817,5.337364143142755,-0.00950359399874572,3.966332391156521,-440.4214480456853,4.185586630565874,0.0,0.0,0.0,0.6181984534352601,0.905140494507755,-0.005567350456939582,34.207491110344485,0.7031240178515306,-1.3846153846153846,0.9640939836177342,-0.6492623804996558,1.1633232175560697,0.38238400179755083,-1.3970773494583018,-1.1529350104821803,-1.0423822447435178,0.043033277342426075,-0.16059258205752003,Internet Content & Information,Communication Services,0.7789,72822788,279495,SCOR
2009,2009-12-31,2010-03-12,3969000.0,127740000.0,9540000.0,0.13,89010000.0,0.6968060122123062,217408000.0,147939000.0,136407000.0,60110000.0,69469000.0,0.0,-51685000.0,469497191.75,4.928985841147581,2.269289635667942,0.0,0.0,0.025655456519055965,4.928985841147581,0.02682862531178391,4.123588474635979,132.7153418367347,3.560570179263075,0.0,0.0,0.0,0.5875588754783633,2.0468973548494427,0.018255997939358257,28.38230463656447,0.6968060122123062,-0.8433734939759036,1.1177152317377568,-0.64973875974034,0.0,0.07488316487338333,-0.8424124513618677,-0.13178012377138698,-0.5512900012900638,0.2349527574024818,1.9523618338781674,Internet Content & Information,Communication Services,0.7789,72822788,279495,SCOR
2008,2008-12-31,2009-03-16,25186000.0,117371000.0,10988000.0,0.83,82809000.0,0.7055320309105315,199563000.0,134880000.0,116583000.0,55992000.0,64683000.0,0.0,-55654000.0,332493004.0,4.70109039644747,2.0821367338191172,0.004895697098159479,0.007243475682087781,0.19794213548948686,4.70109039644747,0.18672894424673783,3.1167239266939872,14.524458191058525,2.712136743772242,0.0,0.0,0.0,0.5881400860881025,1.8111158736962423,0.12620575958469255,20.315044371633252,0.7055320309105315,-0.05681818181818187,1.158200332537717,-0.5287723639174249,1.1406519988042334,0.3083023935539932,0.30389314557879477,0.03096265715894164,1.6213878545030747,-0.7452582443160708,1.1438532558353127,Internet Content & Information,Communication Services,0.7789,72822788,279495,SCOR
TTM,,,,,,,,,,,,,,,,105196788.0,1.4574066311117329,0.5939742349893143,0.09177833600340281,0.3849157028177046,-0.024639400603572222,1.4574066311117329,-0.22201109617894588,0.19470552785316098,-1.1083142123142702,0.5344424701881881,-0.23518709442658742,513.3291457286432,0.0,0.6519995885943,0.49704502310254667,-0.11497743370005387,7.337308614609572,0.4537518548721308,,,,,,,,,,,Internet Content & Information,Communication Services,0.7789,72822788,279495,SCOR
