Quarters,Year,Quarter,FillingDate,Date,NetIncome,Revenue,OperatingIncome,EPSDiluted,GrossProfit,GrossProfitRatio,TotalAssets,CommonStockEquity,CurrentAssets,CurrentLiability,TotalLiability,Inventory,RetainedEarnings,MarketCap,EnterpriseValue,bookValuePerShare,currentRatio,debtToAssets,debtToEquity,roic,shareholdersEquityPerShare,roe,priceToSalesRatio,peRatio,pbRatio,payoutRatio,inventoryTurnover,dividendYield,assetTurnover,quickRatio,returnOnAssets,priceToFreeCashFlowsRatio,grossProfitMargin,epsdilutedGrowth,fiveYNetIncomeGrowthPerShare,fiveYRevenueGrowthPerShare,fiveYShareholdersEquityGrowthPerShare,grossProfitGrowth,netIncomeGrowth,operatingIncomeGrowth,threeYNetIncomeGrowthPerShare,threeYRevenueGrowthPerShare,threeYShareholdersEquityGrowthPerShare,Industry,Sector,Symbol
2023Q1,2023,Q1,2023-05-10,2023-03-31,-8671000.0,91558000.0,-4641000.0,-0.0924,39629000.0,0.4328294633,573643000.0,136778000.0,99499000.0,167514000.0,436865000.0,398000.0,-1313285000.0,115435827.17999999,147809827.18,1.4574066311117329,0.5939742349893143,0.09177833600340281,0.3849157028177046,-0.023870746078484464,1.4574066311117329,-0.06339469797774495,1.2607945474999454,-3.328215522431092,0.8439648713974469,0.0,130.4748743718593,0.0,0.1596079791786878,0.49704502310254667,-0.015115672988252275,81.35012486257928,0.4328294632910286,-27.875,0.9008254785761138,-0.4913269466196263,-0.853322478724808,-0.18894414768424714,-59.98639455782313,-1.3464467005076142,0.5085520141069311,-0.2358247243747038,-0.5836205208778621,Internet Content & Information,Communication Services,SCOR
2022Q4,2022,Q4,2023-03-02,2022-12-31,147000.0,98240000.0,13396000.0,-0.0032,48861000.0,0.4973635993,580586000.0,332047000.0,104821000.0,165091000.0,248539000.0,398000.0,-1300789000.0,108553701.32,141736701.32,3.5482393996365302,0.6349286151274146,0.09167806319821697,0.1602995961415101,-0.06298440233981215,3.5482393996365302,0.00044270841176098565,1.1049847447068404,184.6151382993197,0.32692269865410617,0.0,124.0678391959799,0.0,0.16920835156204247,0.5360740440120904,0.00025319246416551555,-17.519964706262105,0.4973635993485342,0.9942857142857143,1.0012064723459058,-0.4367146891755871,-0.7015062170708264,0.18442295105810486,1.0028063075102134,5.649774383894481,1.0051500444672852,-0.22638539906646213,-0.039167189852621444,Internet Content & Information,Communication Services,SCOR
2022Q3,2022,Q3,2022-11-09,2022-09-30,-52382000.0,92783000.0,-2881000.0,-0.56,41253000.0,0.4446180874,571073000.0,329840000.0,88941000.0,155639000.0,241233000.0,0.0,-1297026000.0,154022578.04999998,183787578.04999998,3.5334819536868545,0.5714570255527214,0.09604901650051745,0.16629577977201068,-0.006791009555857521,3.5334819536868545,-0.1588103322823187,1.6600301569252986,-0.7350930570138597,0.46696149057118597,0.0,0.0,0.0,0.16247134779616618,0.4710194745532932,-0.09172557623981523,21.00116962776111,0.4446180873651423,-9.237659963436931,0.751722689726072,-0.4298401166079952,-0.7185985646760529,0.032176545650161384,-9.372673267326732,0.7453372226641917,-2.4096046184897766,-0.3237590715521949,-0.14524473345081904,Internet Content & Information,Communication Services,SCOR
2022Q2,2022,Q2,2022-08-09,2022-06-30,-5050000.0,91434000.0,-11313000.0,-0.0547,39967000.0,0.4371131089,628304000.0,389672000.0,91218000.0,153148000.0,238632000.0,0.0,-1240734000.0,190354815.0,226596815.0,4.216989835534236,0.5956199232115339,0.08893147266291476,0.14339239154981626,-0.026736089256373448,4.216989835534236,-0.012959617319181261,2.081882177308222,-9.423505693069307,0.4885001103492168,-3.0716831683168317,0.0,0.0814899271132175,0.1455250961318088,0.49755791783111764,-0.008037510504469174,25.83534405537459,0.4371131089091585,0.45300000000000007,0.918647771103466,-0.42785147120205447,-0.7112255784705174,-0.02633502241278503,0.45558430357912894,-0.07252559726962457,0.9881332109324302,-0.38011281459802887,-0.05226234105495652,Internet Content & Information,Communication Services,SCOR
2022Q1,2022,Q1,2022-05-10,2022-03-31,-9276000.0,93966000.0,-10548000.0,-0.1,41048000.0,0.4368388566,655713000.0,401145000.0,109050000.0,170928000.0,254568000.0,0.0,-1231816000.0,266808393.03,294996393.03,4.375169524253852,0.6379879247402415,0.0881742469647544,0.14412992808086852,-0.024753844001353758,4.375169524253852,-0.023123808099315708,2.8394141820445693,-7.1908255991267795,0.6651170849194182,0.0,0.0,0.0,0.14330354896120712,0.5513842085556492,-0.014146432966862027,30.991798470205598,0.43683885660770916,-3.849002849002849,0.8579493547111565,-0.41802418102395167,-0.7114639834268913,-0.12215568862275449,-4.21748178980229,-6.834070796460177,0.7795301954606064,-0.3992930054470301,-0.5086933267633584,Internet Content & Information,Communication Services,SCOR
2021Q4,2021,Q4,2022-03-02,2021-12-31,2883000.0,96537000.0,1808000.0,0.0351,46760000.0,0.484373867,663474000.0,223176000.0,109107000.0,165371000.0,440298000.0,0.0,-1218715000.0,274497930.06,312236930.06,2.7155317340173317,0.6597710602221671,0.08981964628606397,0.2670224396888554,0.010134148630135942,2.7155317340173317,0.012918055704914506,2.843447901426396,23.80315036940687,1.229961689697817,0.0,0.0,0.0,0.14550231056529722,0.5678927986164443,0.004345309688096293,38.683473796505076,0.48437386701471974,0.45691606863636364,1.0629148874389551,-0.3716550207939259,-0.8283543666030739,0.07970813706474554,0.45606060606060606,1.449527598209846,1.076230788947908,-0.3647386364080686,-0.7089498998398389,Internet Content & Information,Communication Services,SCOR
2021Q3,2021,Q3,2021-11-09,2021-09-30,1980000.0,92487000.0,-4022000.0,0.02409198495068608,43308000.0,0.46826040416490966,636636000.0,197331000.0,111857000.0,170167000.0,439305000.0,0.0,-1217688000.0,320521535.09999996,365423535.09999996,2.4010583243958763,0.6573366163827299,0.0955679540585201,0.3083245916759151,-0.009726526718836904,2.4010583243958763,0.01003390242790033,3.465584731908268,40.469890795454546,1.6242837420374903,0.0,0.0,0.0,0.14527453678397076,0.5723847749563664,0.003110097449720091,-20.124413580711995,0.46826040416490966,1.0860428033953076,1.0441702217313362,-0.3609723463787766,0.0,0.19394591018112645,1.1067673227284982,0.6306703397612489,1.0569245443883888,-0.3631465870059941,-0.7541586340084285,Internet Content & Information,Communication Services,SCOR
2021Q2,2021,Q2,2021-08-09,2021-06-30,-18545000.0,87659000.0,-10890000.0,-0.28,36273000.0,0.413796643812957,627379000.0,198621000.0,93844000.0,177479000.0,428758000.0,0.0,-1215758000.0,407139855.0,436020855.0,2.4392232492198533,0.528761149206385,0.07258770217045837,0.22928089174860664,-0.038465787906545666,2.4392232492198533,-0.09336877772239592,4.644587036128635,-5.488539431113508,2.04983287265697,0.0,0.0,0.0,0.13972256004743544,0.4539241262346531,-0.029559484777144276,-36.81525047472647,0.413796643812957,0.4285714285714285,0.6824808684903235,-0.38791211696962113,0.0,-0.036010417773998084,0.4898913491954339,0.049655292782965356,0.7754435325845304,-0.41397786310402834,-0.7650296846430001,Internet Content & Information,Communication Services,SCOR
2021Q1,2021,Q1,2021-05-06,2021-03-31,-36355000.0,90330000.0,-11459000.0,-0.49,37628000.0,0.41656149673419685,643636000.0,218408000.0,107460000.0,181187000.0,425228000.0,0.0,-1193345000.0,278699271.72,294387271.72,2.868228808301674,0.5930889081446241,0.06954707319043683,0.20495128383575692,-0.03828888429563308,2.868228808301674,-0.16645452547525733,3.0853456406509467,-1.9165126648328978,1.2760488247683235,0.0,0.0,0.0,0.14034329962898284,0.5001186619349071,-0.05648378897389208,19.632239484361794,0.41656149673419685,-1.6414501801392674,-0.8711554029117867,-0.3329420954706987,0.0,-0.19063904841797338,-1.751665152891311,-5.548,0.48752128116634325,-0.38147792510967365,-0.7113333485172445,Internet Content & Information,Communication Services,SCOR
2020Q4,2020,Q4,2021-03-10,2020-12-31,-13212000.0,89990000.0,-1750000.0,-0.185504161193063,46491000.0,0.5166240693410379,677970000.0,228990000.0,137030000.0,184275000.0,448980000.0,0.0,-1156055000.0,177343083.78,351756083.78,3.2151527302149185,0.7436168769502103,0.30316828178237976,0.8975894143849077,-0.004219202960753825,3.2151527302149185,-0.05769684265688458,1.9706976750750083,-3.355719871707539,0.7744577657539631,0.0,0.0,0.0,0.13273448677670102,0.545407678741012,-0.01948758794636931,-129.73159018288223,0.5166240693410379,-0.1895257469994037,0.8922343984004123,143.6991975615243,-0.681944968811983,0.12064310851853638,-0.18802265983274885,0.5659722222222222,0.8575244507634869,-0.32203689215113646,-0.7295269588531087,Internet Content & Information,Communication Services,SCOR
2020Q3,2020,Q3,2020-11-09,2020-09-30,-11121000.0,87952000.0,-4032000.0,-0.155948,41486000.0,0.47168910314717116,672222000.0,233954000.0,127859000.0,162641000.0,438268000.0,0.0,-1142843000.0,145477181.76,361108181.76,3.2806942932628886,0.7861424855971126,0.3021293560758202,0.8681108252049549,-0.00855388219471298,3.2806942932628886,-0.047534985509972046,1.6540520029106784,-3.2703259994604803,0.6218195959889551,0.0,0.0,0.0,0.1308377292025551,0.565841331521572,-0.01654364183260887,-38.30362868878357,0.47168910314717116,-0.039653333333333395,-7.357092285775895,-0.47713651735028734,-0.6684731808409431,-0.048857097003461955,-0.06922411306605133,-0.47045951859956237,0.9310023135430239,-0.292527279736782,-0.7387302114221935,Internet Content & Information,Communication Services,SCOR
2020Q2,2020,Q2,2020-08-10,2020-06-30,-10401000.0,88566000.0,-2742000.0,-0.15,43617000.0,0.49248018426935847,683619000.0,240007000.0,134291000.0,168652000.0,443612000.0,0.0,-1131722000.0,218718410.6,430056410.6,3.401733296977424,0.796260939686455,0.2936767409916927,0.8364881024303458,-0.005289865486613508,3.401733296977424,-0.04333623602644923,2.469552769685884,-5.257148605903279,0.911300131246172,0.0,0.0,0.0,0.12955462033676654,0.5924922325261485,-0.01521461515844352,-224.32657497435898,0.49248018426935847,0.21052631578947373,-0.23403041728326585,-0.4497392780990115,-0.6834054641070062,-0.002584038417562314,0.2110891990291262,0.78495804250647,0.7805547557212562,-0.27415966947320747,-0.7670533713990357,Internet Content & Information,Communication Services,SCOR
2020Q1,2020,Q1,2020-05-08,2020-03-31,-13184000.0,89528000.0,-12751000.0,-0.19,43730000.0,0.4884505406129926,695841000.0,245461000.0,139002000.0,178903000.0,450380000.0,0.0,-1121321000.0,197760787.98,406895787.98,3.5001884199106437,0.7769685248430714,0.28530224577166335,0.808784287524291,-0.025150152431137118,3.5001884199106437,-0.053711180187483956,2.2089266819319096,-3.750014941975121,0.8056709130167318,0.0,0.0,0.0,0.12866157642334958,0.5851103670704236,-0.018946857112472532,-22.736351802713266,0.4884505406129926,0.3770776806919121,0.13267329670551872,-0.5059811185971225,-0.30044708647307117,-0.09521641976330382,0.3836372136512389,-1.1582599864590386,0.7360357647554807,-0.2750492466170835,-0.7691677046254395,Internet Content & Information,Communication Services,SCOR
2019Q4,2019,Q4,2020-02-28,2019-12-31,-21390000.0,95163000.0,-5908000.0,-0.3050139545666671,48332000.0,0.5078864684803968,723695000.0,258974000.0,153983000.0,190237000.0,464721000.0,0.0,-1108137000.0,346432018.66,545641018.6600001,3.692879096304256,0.8094271881915716,0.27157573287089176,0.7589101608655695,-0.012736142712782464,3.692879096304256,-0.08259516399329662,3.6404066565787128,-4.048995075502572,1.3377096490767415,0.0,0.0,0.0,0.13149600315049847,0.6226075894804901,-0.029556650246305417,-83.71967584823587,0.5078864684803968,-0.9063372160416692,-2.8584495733152817,-0.49322806658239987,-0.2910025904759064,0.03031336602003837,-1.02576001515295,0.3946101034942105,0.45295746292011835,-0.27410466253662874,-0.7665773654555397,Internet Content & Information,Communication Services,SCOR
2019Q3,2019,Q3,2019-11-06,2019-09-30,-10559000.0,94300000.0,-9759000.0,-0.16,46910000.0,0.4974549310710498,711829000.0,265220000.0,134124000.0,175814000.0,446609000.0,0.0,-1086747000.0,122540188.97,302400188.97,4.133910713358026,0.7628744013559785,0.2567245785153457,0.689027976773999,-0.02063926203655661,4.133910713358026,-0.039812231355101424,1.2994717812301166,-2.9013208866843447,0.4620322335042606,0.0,0.0,0.0,0.13247563670488277,0.6441807819627561,-0.014833618748322982,35.1924724210224,0.4974549310710498,0.96529284164859,-0.6908475643492441,-0.40047042909884956,-0.1587256033741075,0.044905778054973935,0.9622262845531655,0.9641488709043419,0.6982588038772908,-0.16536213914342046,0.0,Internet Content & Information,Communication Services,SCOR
2019Q2,2019,Q2,2019-08-07,2019-06-30,-279533000.0,96888000.0,-272209000.0,-4.61,44894000.0,0.46335975559408804,731832000.0,270076000.0,140636000.0,188307000.0,461756000.0,0.0,-1076188000.0,326553131.04,510975131.04,4.449532838262753,0.7468442490188894,0.2472001770898239,0.669844784431049,-0.5321787245163017,4.449532838262753,-1.035016069550793,3.3704187416398317,-0.29205239724826765,1.2091156972111554,0.0,0.0,0.0,0.13239104056668743,0.6382874773640916,-0.3819633467790422,-27.922456694313812,0.46335975559408804,-9.021739130434783,-47.48405569934589,-0.32791334617323964,-0.09461500278484103,-0.08167815574692659,-9.159664170967508,-11.049444469036342,-5.420637967268405,-0.09241084419688672,0.0,Internet Content & Information,Communication Services,SCOR
2019Q1,2019,Q1,2019-05-09,2019-03-31,-27514000.0,102294000.0,-22591000.0,-0.46,48887000.0,0.47790681760416054,962570000.0,533938000.0,124578000.0,161467000.0,428632000.0,0.0,-796655000.0,853804810.72,1050344810.72,8.905170156617269,0.7715384567744493,0.1858701185368337,0.3350819758099255,-0.030754212237573242,8.905170156617269,-0.05153032749120685,8.34657761667351,-7.757912432943229,1.5990710732706794,0.0,0.0,0.0,0.106271751664814,0.6180705655025485,-0.02858389519723241,-130.931576555743,0.47790681760416054,0.0,-18.84761736156772,-0.2496033825962001,0.6823232117059047,-0.14706190243562006,-0.011395383031907073,0.0389671161781597,-0.7984798740063845,-0.04062626163278132,0.0,Internet Content & Information,Communication Services,SCOR
2018Q4,2018,Q4,2019-03-01,2018-12-31,-27204000.0,109310000.0,-23507000.0,-0.46,57316000.0,0.5243436099167506,954143000.0,551567000.0,145779000.0,168936000.0,402576000.0,0.0,-769095000.0,853055871.3299999,989904871.3299999,9.330117847487461,0.8629244210825401,0.18586522146051482,0.32152394903973586,-0.03184511498577685,9.330117847487461,-0.04932129732199352,7.804005775592351,-7.839434194695633,1.5466042590111446,0.0,0.0,0.0,0.1145635402659769,0.7085819481933987,-0.02851144954163055,-302.5020820319149,0.5243436099167506,-0.09523809523809533,-97.05997908108436,-0.14220109351598312,0.6654675234083122,0.0729716574937287,-0.10419288062669968,-0.340193842645382,0.7326697389607935,209.82906165976635,-0.0770295622092779,Internet Content & Information,Communication Services,SCOR
2018Q3,2018,Q3,2018-11-09,2018-09-30,-24637000.0,102864000.0,-17540000.0,-0.42,53418000.0,0.5193070461969203,953550000.0,568542000.0,136368000.0,152591000.0,385008000.0,0.0,-741891000.0,1051896369.42,1179870369.42,9.766697783798499,0.8936831136829826,0.18441612920140527,0.3092999285892687,-0.0239517280814138,9.766697783798499,-0.04333364993263471,10.226088519015399,-10.673949440069814,1.85016475373851,0.0,0.0,0.0,0.10787478370300456,0.7194133336828515,-0.025837134916889517,-391.7677353519553,0.5193070461969203,0.5882352941176472,-177.077552560207,-0.14856950411676176,0.6399568837092303,0.07129534925696408,0.5598728049020133,0.6601038679172158,-18.25251473493888,-0.2508722099271739,-0.013037497398095422,Internet Content & Information,Communication Services,SCOR
2018Q2,2018,Q2,2018-08-10,2018-06-30,-55977000.0,101389000.0,-51604000.0,-1.02,49863000.0,0.4917989130970815,978030000.0,572955000.0,152893000.0,171282000.0,405075000.0,0.0,-717254000.0,1203201753.8,1331016753.8,10.38098470231801,0.8926390397122873,0.1783217283723403,0.3043938878271418,-0.07174115641348991,10.38098470231801,-0.09769877215488128,11.867182374813835,-5.373643433017132,2.099993461615659,0.0,0.0,0.0,0.10366655419567906,0.740130311416261,-0.057234440661329405,-35.99275341170839,0.4917989130970815,-0.09677419354838705,-86.6967578017544,-0.09572127029683425,0.7838189101084378,-0.15003835336231142,-0.08798833819241983,-0.11491844009938425,-7.489890178544406,-0.19474392971144225,-0.03385634703846959,Internet Content & Information,Communication Services,SCOR
2018Q1,2018,Q1,2018-05-10,2018-03-31,-51450000.0,105919000.0,-46285000.0,-0.93,58665000.0,0.553866633937254,1032078000.0,548743000.0,198545000.0,232552000.0,483335000.0,0.0,-661277000.0,1329314997.22,1388294997.22,9.936128034079534,0.8537660394234408,0.12232215007005284,0.23006398259294425,-0.07051070348633107,9.936128034079534,-0.09375973816522488,12.550297842879937,-6.459256546258504,2.4224728100768482,0.0,0.0,0.0,0.1026269332356663,0.754239911933675,-0.049850883363466714,-28.012116683594986,0.553866633937254,0.28571812115817874,-14.709689555926367,-0.04970017411236253,0.7173956539215574,0.11238575600136524,0.2844825188440464,0.42020543655267445,-3.2979381732885944,-0.2578395644287332,0.9858494690964043,Internet Content & Information,Communication Services,SCOR
2017Q4,2017,Q4,2018-03-23,2017-12-31,-71906000.0,102926000.0,-79830000.0,-1.3020069912846688,52738000.0,0.512387540563123,1022439000.0,656492000.0,179554000.0,250490000.0,365947000.0,0.0,-609091000.0,1573970811.0,1544462811.0,11.887146743282267,0.716811050341331,0.0,0.0,-0.10950463286971841,11.887146743282267,-0.10953065688538474,15.292256679556186,-5.472320845965566,2.3975475877847714,0.0,0.0,0.0,0.10066713026400596,0.6272505888458622,-0.07032791198301316,-50.30267852348993,0.512387540563123,0.42389071182094296,-26.206642033572,-0.08102152195256351,1.0479026309362396,0.023641304347826086,0.4471703480460371,0.40401355770235764,-15.470486824489877,-0.30400072662753563,1.2822182984691775,Internet Content & Information,Communication Services,SCOR
2017Q3,2017,Q3,2018-03-23,2017-09-30,-130069000.0,100323000.0,-133946000.0,-2.26,51520000.0,0.5135412617246294,1059674000.0,722613000.0,205378000.0,212933000.0,337061000.0,0.0,-537185000.0,1654501061.25,1611644061.25,12.556730386322078,0.9645193558537193,0.0,0.0,-0.18563086580393093,12.556730386322078,-0.17999814561874752,16.49174228491971,-3.180044940089491,2.2896087688015574,0.0,0.0,0.0,0.09467345617614474,0.8441904260964717,-0.12274435345209941,-183.46651821357287,0.5135412617246294,-2.3731343283582085,-23.262321339263394,-0.09216567552309472,1.1822043752791225,-0.011853158924392957,-2.3673950188991872,-2.453017452501869,-22.220493480482073,-0.2889250095146323,1.5553662165978737,Internet Content & Information,Communication Services,SCOR
2017Q2,2017,Q2,2018-03-23,2017-06-30,-38626000.0,99439000.0,-38791000.0,-0.67,52138000.0,0.5243214432968956,1072220000.0,839650000.0,206871000.0,198791000.0,232570000.0,0.0,-407116000.0,1509328485.0,1476641485.0,14.603058723827106,1.0406457032763052,0.0,0.0,-0.046672807082467516,14.603058723827106,-0.04600250104210087,15.17843587526021,-9.768863492207322,1.797568611921634,0.0,0.0,0.0,0.09274122847923001,0.8991453335412569,-0.0360243233664733,-70.76746460052513,0.5243214432968956,0.05633802816901398,-2.384891762445854,-0.04795610114230988,1.5445485595322732,-0.02633151564951072,0.05309864679348892,0.09653903484255637,-6.072333111563455,-0.27183609986345325,1.9714108789827656,Internet Content & Information,Communication Services,SCOR
2017Q1,2017,Q1,2018-03-23,2017-03-31,-40792000.0,100861000.0,-42936000.0,-0.71,53548000.0,0.530908874589782,1103948000.0,868478000.0,227353000.0,199814000.0,235470000.0,0.0,-368490000.0,1236564033.09,1182336033.09,15.163339316238465,1.1378231755532646,0.0,0.0,-0.049462204549034786,15.163339316238465,-0.04696952599835574,12.260081033204111,-7.578471471673367,1.4238288512662383,0.0,0.0,0.0,0.09136390482160392,1.0304533215890779,-0.036951015808715626,-249.76045911735002,0.530908874589782,-0.2733850222640325,-48.7327373500395,-0.06996818438626173,1.5480731208315222,-0.10906277556860722,-0.27914706804640954,-0.25893563993549334,-29.804508570727208,-0.2254515014791307,1.8645873408409797,Internet Content & Information,Communication Services,SCOR
2016Q4,2016,Q4,2016-12-31,2016-12-31,-31890000.0,106920000.0,-34105000.0,-0.5575689894150362,60103000.0,0.5621305649083427,1120792000.0,904853000.0,232433000.0,175877000.0,215939000.0,0.0,-327698000.0,1806209131.28,1743005131.28,15.820569858236555,1.3215656396231457,0.0,0.0,-0.037852487518632495,15.820569858236555,-0.03524329366206445,16.893089518144407,-14.15968274756977,1.9961354289370759,0.0,0.0,0.0,0.09539682652981106,1.1869260903927177,-0.028453093883610874,-214.48867489371807,0.5621305649083427,-0.01376179893642935,-4.575540542286673,-0.01763892079689309,1.7304024553850097,0.08276135401466429,-0.022246441851519427,-0.029305245367296433,-117.39102110411739,-0.13275903993180735,1.8240420680003462,Internet Content & Information,Communication Services,SCOR
2016Q3,2016,Q3,2016-09-30,2016-09-30,-31196000.0,100722000.0,-33134000.0,-0.55,55509000.0,0.5511109787335439,,,,,,,,1753589992.56,,,0.0,0.0,0.0,0.0,,0.0,17.41019829391791,-14.053003530580844,0.0,0.0,0.0,0.0,0.0,0.0,0.0,-83.57193883429443,0.5511109787335439,0.23611111111111102,-3.5004535876293614,-0.026170262890872525,0.0,-0.008254274535027067,0.2388249072808901,0.23694816111277434,-228.49813580169396,-0.15146642847505964,0.0,Internet Content & Information,Communication Services,SCOR
2016Q2,2016,Q2,2016-06-30,2016-06-30,-40984000.0,100494000.0,-43423000.0,-0.72,55971000.0,0.5569586243954863,,,,,,,,1364474233.56,,,0.0,0.0,0.0,0.0,,0.0,13.577668652456863,-8.32321292187195,0.0,0.0,0.0,0.0,0.0,0.0,0.0,-42.33553315420416,0.5569586243954863,-1.769230769230769,-1.7746079270980002,-0.03631362432302185,0.0,0.021424530539993065,-2.1278333206136,-1.0501888574126534,-61.0210632415132,-0.13422995582494995,0.0,Internet Content & Information,Communication Services,SCOR
2016Q1,2016,Q1,2016-03-31,2016-03-31,-13103000.0,91324000.0,-21180000.0,-0.26,54797000.0,0.6000284700626342,,,,,,,,1542663225.44,,,0.0,0.0,0.0,0.0,,0.0,16.89219948140686,-29.433397417385333,0.0,0.0,0.0,0.0,0.0,0.0,0.0,-1114.6410588439308,0.6000284700626342,0.8471778139583427,-23.183631408824606,0.06316286317863479,0.0,2.95773490532333,0.8046398592536268,0.6757997857033522,-3.3026258344802866,-0.11884498169511098,0.0,Internet Content & Information,Communication Services,SCOR
2015Q4,2015,Q4,2015-12-31,2015-12-31,-67071000.0,-345000.0,-65330000.0,-1.7013236542050731,-27990000.0,-81.1304347826087,563242000.0,393877000.0,272095000.0,141678000.0,169365000.0,0.0,-99838000.0,1603360287.7,1489413287.7,10.10879380906348,1.9205169468795438,0.0,0.0,-0.15489375697606222,10.10879380906348,-0.17028412423167638,-4647.421123768116,-5.976354488899823,4.070713160961417,0.0,0.0,0.0,-0.0006125253443457697,1.6641539265094087,-0.11908025324815977,154.0211611623439,81.1304347826087,-86.06618271025366,-109.53377902486355,-1.00547496992476,0.9297428431745194,-1.4547817892308192,-70.79292403746098,-30.126170307623717,-34.96955994378453,-1.0043660617275345,0.7415302329696741,Internet Content & Information,Communication Services,SCOR
2015Q3,2015,Q3,2015-11-06,2015-09-30,961000.0,92405000.0,2243000.0,0.02,61546000.0,0.6660462096206915,545648000.0,387659000.0,263643000.0,131693000.0,157989000.0,0.0,-104227000.0,1807900313.7,1697124313.7,9.895713117824434,2.001951508432491,0.0,0.0,0.005589560013408785,9.895713117824434,0.0024789828173730007,19.564962000973974,470.31745933922997,4.663635601649904,0.0,0.0,0.0,0.1693491041843826,1.6679626100096436,0.0017612086913174794,274.1735386260237,0.6660462096206915,1.1666666666666665,1.358755389113926,0.6114754293183999,0.8983798708979789,-0.021619559342511047,1.2007520367662419,1.7959545777146912,1.2633348652544503,0.22836656297199923,0.7197524990857592,Internet Content & Information,Communication Services,SCOR
2015Q2,2015,Q2,2015-08-07,2015-06-30,-4787000.0,91414000.0,-2818000.0,-0.12,62906000.0,0.6881440479576433,592970000.0,430561000.0,307353000.0,134726000.0,162409000.0,0.0,-105188000.0,2134219114.82,1976798114.82,10.744763131752785,2.2813191217730804,0.0,0.0,-0.010670440432655219,10.744763131752785,-0.011118052958814198,23.346742455422582,-111.4591139972843,4.956833328657263,0.0,0.0,0.0,0.1541629424760106,1.9878123005210575,-0.00807292105840093,184.50930360681247,0.6881440479576433,0.4545454545454546,-5.483879576332014,0.6834529950308684,1.1666830738413825,0.007511571664237551,0.34648464163822523,0.6933623503808487,0.3980712393602754,0.2558262487563546,0.8722496475897024,Internet Content & Information,Communication Services,SCOR
2015Q1,2015,Q1,2015-05-05,2015-03-31,-7325000.0,87329000.0,-9190000.0,-0.22,62437000.0,0.714962956177215,337336000.0,169085000.0,163227000.0,142860000.0,168251000.0,0.0,-100401000.0,1730231398.4,1716639398.4,5.003464859096618,1.1425661486770264,0.0,0.0,-0.035513344631026074,5.003464859096618,-0.043321406393234174,19.81279298285793,-59.05226615699659,10.232908882514712,0.0,0.0,0.0,0.25887838831313587,0.8704745905081899,-0.021714255223278866,65.38798225312725,0.714962956177215,-1.7500000000000002,-29.99288627009569,1.1902902065700316,0.02260916281730461,-0.021363636363636362,-1.7537593984962405,-0.47725446069763705,-14.135777477339486,0.36478035714878254,-0.15920932371169574,Internet Content & Information,Communication Services,SCOR
2014Q4,2014,Q4,2015-02-20,2014-12-31,-2660000.0,90103000.0,-6221000.0,-0.08,63800000.0,0.7080785323463148,353952000.0,175265000.0,178883000.0,151610000.0,178687000.0,0.0,-93076000.0,1562332402.43,1545742402.43,5.20859321444215,1.179889189367456,0.0,0.0,-0.013622117085391848,5.20859321444215,-0.015177017658973554,17.339404930246495,-146.83575210808272,8.914115210852138,0.0,0.0,0.0,0.25456276557273305,0.9313369830486116,-0.00751514329626616,244.49646360406888,0.7080785323463148,0.20000000000000004,-2.549178408408336,1.4248240045078537,0.07842834762865036,0.10677422152831989,0.18429929469487888,-0.03614257161892072,0.20951206284042465,0.40712474404419197,-0.10107184322374609,Internet Content & Information,Communication Services,SCOR
2014Q3,2014,Q3,2014-10-29,2014-09-30,-3261000.0,82136000.0,-6004000.0,-0.1,57645000.0,0.7018238044219344,338641000.0,164627000.0,159018000.0,146805000.0,174014000.0,0.0,-90416000.0,1219827226.53,1205848226.53,4.913867258932332,1.083191989373659,0.0,0.0,-0.01769392399516342,4.913867258932332,-0.019808415387512376,14.851310345402746,-93.51634671343145,7.409642564889112,0.0,0.0,0.0,0.24254594098174764,0.820230918565444,-0.009629666815299979,103.29640329663816,0.7018238044219344,-0.11111111111111122,-4.11105666831932,1.3201391062520846,0.0360198593266686,0.015216357584403234,-0.0190625,-1.667258996001777,0.19686890926287356,0.3557215658229806,-0.09196591673774307,Internet Content & Information,Communication Services,SCOR
2014Q2,2014,Q2,2014-08-05,2014-06-30,-3200000.0,80013000.0,-2251000.0,-0.09,56781000.0,0.7096471823328709,343676000.0,165565000.0,160420000.0,150183000.0,178111000.0,0.0,-87155000.0,1195283768.6,1181716768.6,4.914520178652077,1.0681635071878974,0.0,0.0,-0.01387020559221611,4.914520178652077,-0.019327756470268475,14.938619581817953,-93.38154442187499,7.21942299761423,0.0,0.0,0.0,0.23281520967422806,0.8380043014189356,-0.009311095333977351,194.4499379534732,0.7096471823328709,-3.4999999999999996,-3.4089347673569463,1.2750140003020973,0.05288676803952393,0.06216094878222156,-3.0920716112531967,-6.404605263157895,0.6325647113459271,0.3013668686613718,-0.05224355336161553,Internet Content & Information,Communication Services,SCOR
2014Q1,2014,Q1,2014-05-01,2014-03-31,-782000.0,76899000.0,-304000.0,-0.02,53458000.0,0.6951715887072654,344965000.0,179037000.0,162883000.0,137618000.0,165928000.0,0.0,-83955000.0,1109050759.6499999,1080256759.6499999,5.293376501407998,1.1835879027452805,0.0,0.0,-0.0017828205834303757,5.293376501407998,-0.00436781223992806,14.42217401591698,-354.55586945332476,6.194533865346269,0.0,0.0,0.0,0.22291826707057238,1.0144966501475097,-0.002266896641688287,63.3670871700377,0.6951715887072654,-5.207868714496108,-3.4603998678804713,1.1884543262676344,0.14591610525338614,0.022161035583854377,-5.6,-1.5268630849220104,-1.1913851711681847,0.3592419087252108,-0.009575442450418048,Internet Content & Information,Communication Services,SCOR
2013Q4,2013,Q4,2014-02-18,2013-12-31,170000.0,76495000.0,577000.0,0.004753,52299000.0,0.6836917445584679,363413000.0,198802000.0,178799000.0,134973000.0,164611000.0,0.0,-83173000.0,1015284243.01,971170243.01,5.6021013417264065,1.3247019774325235,0.0,0.0,0.0014131013409609979,5.6021013417264065,0.0008551221818693977,13.272556938492713,1493.06506325,5.107012218237241,0.0,0.0,0.0,0.2104905438165393,1.1693820245530588,0.00046778733837259535,214.87497206560846,0.6836917445584679,2.9995793016407237,-0.9930673680724512,1.0114180950073113,0.2243120434865389,0.045917244965302084,3.073170731707317,-0.3314020857473928,1.3076101440270391,0.3328681388618528,0.06942679563235106,Internet Content & Information,Communication Services,SCOR
2013Q3,2013,Q3,2013-10-29,2013-09-30,-82000.0,71606000.0,863000.0,-0.002377,50003000.0,0.6983074044074519,350778000.0,205478000.0,164690000.0,121492000.0,145300000.0,0.0,-83343000.0,999536150.3199999,938523150.3199999,5.955460098260831,1.355562506173246,0.0,0.0,-0.00044632925408729236,5.955460098260831,-0.0003990694867577064,13.958832364885623,-3047.3663119512194,4.864443640292391,0.0,0.0,0.0,0.204134808910479,1.2023672340565634,-0.0002337660856724196,1708.6088039658118,0.6983074044074519,0.7623,-1.1193632233525386,0.9547338314680264,0.5151370238555278,0.035237365686010644,0.7939698492462312,-0.1309164149043303,0.9652430497390504,0.4178503506262739,0.14248720004930962,Internet Content & Information,Communication Services,SCOR
2013Q2,2013,Q2,2013-07-30,2013-06-30,-398000.0,69911000.0,993000.0,-0.01,48301000.0,0.6908927064410465,346308000.0,200275000.0,165286000.0,122992000.0,146033000.0,0.0,-83261000.0,854162950.82,788501950.82,5.819528340848765,1.3438760244568753,0.005636600944823683,0.009746598427162651,-0.001953482738625676,5.819528340848765,-0.0019872675071776306,12.2178620076955,-536.5345168467337,4.2649504472350515,0.0,0.0,0.0,0.20187520935121336,1.1943215818915052,-0.001149265971331878,47.98129147399169,0.6908927064410465,0.8333333333333333,-1.1937710127172174,1.024461456135065,0.5021504567835169,0.043353350326176175,0.8032624814631735,0.5045454545454545,-1.434082697366441,0.4991071876024845,0.17350875019246095,Internet Content & Information,Communication Services,SCOR
2013Q1,2013,Q1,2013-05-03,2013-03-31,-2023000.0,68848000.0,660000.0,-0.06,46294000.0,0.6724087845689054,340568000.0,197368000.0,158080000.0,122442000.0,143200000.0,0.0,-82863000.0,561512917.5600001,506720917.56000006,5.785578885908471,1.2910602571013214,0.011292898921801226,0.01948644157107535,-0.039566769390081795,5.785578885908471,-0.010249888533095537,8.155834847199628,-69.39111685121108,2.845004851647684,0.0,0.0,0.0,0.20215639754762632,1.1398784730729652,-0.005940076577952127,33.29456967447376,0.6724087845689054,-0.1999999999999999,-1.660750208776344,1.1583147084255965,0.5487743202302706,0.03612354521038496,-0.2541847489150651,1.4193138500635325,-8.9320238767577,0.7105619610286004,0.18245778626304707,Internet Content & Information,Communication Services,SCOR
2012Q4,2012,Q4,2013-02-20,2012-12-31,-1613000.0,68354000.0,-1574000.0,-0.05,44680000.0,0.6536559674634989,336485000.0,195643000.0,148929000.0,121306000.0,140842000.0,0.0,-80840000.0,464456677.62,417190677.62,5.804546839147241,1.2277133859825564,0.0,0.0,-0.0064435770903028605,5.804546839147241,-0.008244608802768307,6.7948719551160135,-71.9864658431494,2.3740009998824387,0.0,0.0,0.0,0.20314129901778682,1.0725932765073452,-0.004793675795354919,50.960794121132324,0.6536559674634989,0.4444444444444444,-1.1058917257239704,1.2628587799021387,0.5951125714827226,0.05526688710439301,0.4826812059012187,-0.1781437125748503,-1.93784901984553,0.8364692813910054,0.2018193010576848,Internet Content & Information,Communication Services,SCOR
2012Q3,2012,Q3,2012-11-02,2012-09-30,-3118000.0,64273000.0,-1336000.0,-0.09,42340000.0,0.6587525088295241,319450000.0,192595000.0,128296000.0,111047000.0,126855000.0,0.0,-79227000.0,539211817.0799999,497280817.0799999,5.754149578549885,1.1553306257710698,0.013285334168101424,0.022035878397673875,-0.011576844260486946,5.754149578549885,-0.01618941301695267,8.389398613414652,-43.23378905388069,2.7997186691243283,0.0,0.0,0.0,0.20119893567068398,1.0019271119435915,-0.009760525903897324,77.71862454309598,0.6587525088295241,0.55,-1.669574856249494,1.3370644295927858,0.81687948061946,0.06062124248496994,0.5266433884924852,0.7757636790869419,-3.9774674102272973,0.8172841105711026,0.21318157833370868,Internet Content & Information,Communication Services,SCOR
2012Q2,2012,Q2,2012-08-02,2012-06-30,-6587000.0,60291000.0,-5958000.0,-0.2,39920000.0,0.6621220414323863,314195000.0,190476000.0,134010000.0,108567000.0,123719000.0,0.0,-76109000.0,546307301.24,508356301.24,5.738958554798172,1.2343529801873498,0.0,0.0,-0.030088236431202266,5.738958554798172,-0.03458178458178458,9.061174988638436,-20.734298665553364,2.8681161996261997,0.0,0.0,0.0,0.19189038654338866,0.9883205762340306,-0.020964687534811184,52.01440552604018,0.6621220414323863,-19.0,-1.6716924313918808,-0.63364193759061,1.2475017877489873,-0.04666380092658929,-12.985138004246284,-6.583880037488285,-6.033185789806319,0.7400280273975531,0.22951443986776257,Internet Content & Information,Communication Services,SCOR
2012Q1,2012,Q1,2012-05-03,2012-03-31,-471000.0,62275000.0,1067000.0,-0.01,41874000.0,0.6724046567643517,322558000.0,195720000.0,125789000.0,110818000.0,126838000.0,0.0,-69522000.0,703498255.41,673426255.41,5.950904309720184,1.1350953816167049,0.0,0.0,-0.003985898135615474,5.950904309720184,-0.0024064990803188227,11.296639990525893,-373.4067173089172,3.59441168715512,0.0,0.0,0.0,0.19306605323693724,0.9788211301413128,-0.0014602025062159364,65.58201318262329,0.6724046567643517,0.9000026786257221,-1.0390264992875236,-0.5746239580571127,1.2530767644797771,-0.037025112685125566,0.8567953785345089,1.2715703741410027,-2.523974204035641,0.82258712447757,0.28825846555903933,Internet Content & Information,Communication Services,SCOR
2011Q4,2011,Q4,2012-02-22,2011-12-31,-3289000.0,62587000.0,-3929000.0,-0.10000267869747438,43484000.0,0.6947768705961301,320057000.0,190567000.0,119373000.0,112390000.0,129490000.0,0.0,-69051000.0,697249322.8,672159322.8,5.794226351882518,1.0621318622653262,0.0,0.0,-0.014369886942622931,5.794226351882518,-0.017259021761375264,11.140481614392764,-52.99858032836728,3.6588146048371435,0.0,0.0,0.0,0.19554954273769984,0.9120028472284011,-0.010276294535035946,104.77074722764837,0.6947768705961301,0.16664434418771346,-1.206733801998789,-0.5719388335896297,1.2239081425304599,0.1093140131125794,0.164804469273743,0.26915922619047616,-1.1447206962027539,0.7757056918701659,0.26630003146474507,Internet Content & Information,Communication Services,SCOR
2011Q3,2011,Q3,2011-11-03,2011-09-30,-3938000.0,58759000.0,-5376000.0,-0.12,39199000.0,0.6671148249629844,294172000.0,175837000.0,98381000.0,100657000.0,118335000.0,0.0,-65762000.0,548155880.9300001,527808880.93000007,5.411544951350815,0.9773885571793318,0.0,0.0,-0.019836861406405573,5.411544951350815,-0.02239574151060357,9.328883761296144,-34.79912905853225,3.117409196756087,0.0,0.0,0.0,0.19974368736657466,0.8325998191879352,-0.01338672613301062,-210.0214103180077,0.6671148249629844,0.5384615384615385,-1.25054548162134,-0.59322023912465,0.0,0.010465805686592942,0.5214485356665451,0.12840466926070038,-7.086861403923185,0.7032312900199781,0.37675880230387193,Internet Content & Information,Communication Services,SCOR
2011Q2,2011,Q2,2011-08-09,2011-06-30,-8229000.0,58095000.0,-6168000.0,-0.26,38793000.0,0.6677510973405628,291307000.0,165063000.0,110583000.0,107022000.0,126244000.0,0.0,-61824000.0,824451519.5,797598519.5,5.185425217716516,1.0332735325447104,0.0,0.0,-0.04602595015712344,5.185425217716516,-0.049853692226604386,14.191436775970393,-25.047135724267832,4.994768782222545,0.0,0.0,0.0,0.19942878132005068,0.8957597503317075,-0.0282485487818693,427.8419924753503,0.6677510973405628,-25.0,-1.5344185964244539,-0.5894676992030907,0.0,0.08321000753916176,-23.637724550898202,-1.4028048305414882,-5.3313810635134535,0.8187639968215571,0.3384742548179741,Internet Content & Information,Communication Services,SCOR
2011Q1,2011,Q1,2011-05-05,2011-03-31,-334000.0,52952000.0,-2567000.0,-0.01,35813000.0,0.6763295059676688,286841000.0,169192000.0,106426000.0,99432000.0,117649000.0,0.0,-53595000.0,933878668.0,904512668.0,5.344552960706454,1.070339528522005,0.0,0.0,-0.0018912036515610624,5.344552960706454,-0.0019740886093905148,17.636324746940627,-699.0109790419161,5.519638446262235,0.0,0.0,0.0,0.18460401407051294,0.8914836270013677,-0.0011644081564350982,68.95655822195968,0.6763295059676688,0.35787212981744415,-1.448082148302979,-0.5970457677358306,0.0,0.0024913223603179936,0.3225152129817444,-0.9142431021625652,-1.11755723821452,0.788822674566015,0.43071359701165957,Internet Content & Information,Communication Services,SCOR
2010Q4,2010,Q4,2011-03-15,2010-12-31,-493000.0,51197000.0,-1341000.0,-0.01557322219506999,35724000.0,0.6977752602691564,283079000.0,165832000.0,103097000.0,97228000.0,117247000.0,0.0,-53261000.0,707215235.36,686097235.36,5.238414975766424,1.0603632698399639,0.0,0.0,-0.0023994507975267742,5.238414975766424,-0.0029728882242269286,13.813606956657617,-358.6284154969574,4.264648773216267,0.0,0.0,0.0,0.18085764044665978,0.905140494507755,-0.0017415633091822423,-576.3775349307253,0.6977752602691564,0.7775253972132858,0.9558848808364933,-0.5971756512598307,1.1602953753558782,0.11777221526908636,0.7690866510538642,0.5805442602439788,-1.0344589573393883,0.804536143489259,0.43953728241703066,Internet Content & Information,Communication Services,SCOR
2010Q3,2010,Q3,2010-11-09,2010-09-30,-2135000.0,45703000.0,-3197000.0,-0.07,31960000.0,0.6992976391046539,257713000.0,162757000.0,86868000.0,80605000.0,94956000.0,0.0,-52766000.0,734366771.04,705398771.04,5.212714941579909,1.0776998945474847,0.0,0.0,-0.012102913337711423,5.212714941579909,-0.013117715367080986,16.068239963240924,-85.99142518032788,4.512044158100727,0.0,0.0,0.0,0.1773406851808019,0.9109236399727064,-0.00828440940115555,212.8599336347826,0.6992976391046539,-3.3333333333333335,0.8064744515325692,-0.6354067297322015,0.0,0.08016763552791673,-3.587878787878788,-2.7930454290521594,-1.4914836401028548,0.7814555211910655,0.6459208587451734,Internet Content & Information,Communication Services,SCOR
2010Q2,2010,Q2,2010-08-09,2010-06-30,825000.0,41962000.0,1783000.0,0.03,29588000.0,0.7051141508984319,235308000.0,153562000.0,133019000.0,68952000.0,81746000.0,0.0,-50630000.0,510006725.99999994,434842725.99999994,4.959083892552429,1.9291536141083652,0.0,0.0,0.005085269157828297,4.959083892552429,0.005372422865031714,12.154013774367284,154.5474927272727,3.3211779346452897,0.0,0.0,0.0,0.1783279786492597,1.7533501566306997,0.0035060431434545364,101.96056097560974,0.7051141508984319,3.1233802620087334,1.0754028518331435,-0.6624691177908143,0.0,0.14771140418929402,2.6026200873362444,0.369431643625192,-0.9098300955955779,-0.726703345697636,1.2138684427295185,Internet Content & Information,Communication Services,SCOR
2010Q1,2010,Q1,2010-05-07,2010-03-31,229000.0,36139000.0,1302000.0,0.007275584130915272,25780000.0,0.7133567613935083,228729000.0,149870000.0,128310000.0,66846000.0,78859000.0,0.0,-51456000.0,511222394.09000003,451170394.09000003,4.892841802152439,1.9194865810968496,0.0,0.0,0.001486123927537276,4.892841802152439,0.0015279909254687395,14.146002769584106,558.1030503165939,3.4111055854407155,0.0,0.0,0.0,0.1579992042985367,1.7170361726954493,0.0010011848082228313,39.12615904561458,0.7133567613935083,-0.8574187485769551,1.0211591431556457,-0.7061252738251947,0.0,0.061735513364358965,-0.853486884197057,-0.5636729222520107,-0.9796261605887521,-0.7349461433448696,1.2080800678272652,Internet Content & Information,Communication Services,SCOR
2009Q4,2009,Q4,2010-03-12,2009-12-31,1563000.0,33825000.0,2984000.0,0.051027635529220405,24281000.0,0.7178418329637842,217408000.0,147939000.0,136407000.0,60110000.0,69469000.0,0.0,-51685000.0,537564590.5500001,480314590.5500001,4.829799982442315,2.269289635667942,0.0,0.0,0.01024464428232067,4.829799982442315,0.010565165372214223,15.892523002217297,85.9828199856046,3.6336908492689557,0.0,0.0,0.0,0.15558305122166619,2.0468973548494427,0.0071892478657639095,99.78923158529796,0.7178418329637842,0.700921184307347,1.1445487769843914,-0.7249422337955452,1.1477917661469983,0.08102933974444593,0.653968253968254,0.06381461675579322,-0.8945114547193559,-0.7515962156013456,1.1866395058092534,Internet Content & Information,Communication Services,SCOR
2009Q3,2009,Q3,2009-11-09,2009-09-30,945000.0,31916000.0,2805000.0,0.03,22461000.0,0.7037536032084221,203801000.0,143259000.0,126131000.0,51114000.0,60542000.0,0.0,-53248000.0,543976687.47,500373687.47,4.743024194657774,2.4676409594240325,0.0,0.0,0.006609223110167984,4.743024194657774,0.006596444202458484,17.044012014976815,143.9091765793651,3.7971554141101085,0.0,0.0,0.0,0.15660374581086453,2.1668036154478223,0.004636876168419193,92.90805934585825,0.7037536032084221,-0.25000000000000006,1.0885485310378495,-0.73680264489098,0.0,0.0360717745283454,-0.20253164556962025,0.1310483870967742,-0.9353207326684567,-0.7623073147325726,0.0,Internet Content & Information,Communication Services,SCOR
2009Q2,2009,Q2,2009-08-10,2009-06-30,1185000.0,31374000.0,2480000.0,0.04,21679000.0,0.6909861668897813,199172000.0,140275000.0,114965000.0,50316000.0,58897000.0,0.0,-54192000.0,400299499.8,369734499.8,4.667662589969591,2.284859686779553,0.0,0.0,0.00796490424902057,4.667662589969591,0.008447692033505615,12.758956454388985,84.45137126582279,2.8536767050436644,0.0,0.0,0.0,0.1575221416664993,1.9704666507671516,0.005949631474303617,50.3711463193658,0.6909861668897813,3.0,1.1115972917978507,-0.7399668546716492,0.0,0.05299203419467651,3.2779783393501805,0.952755905511811,-0.9184850275315789,-0.7651649024131372,0.0,Internet Content & Information,Communication Services,SCOR
2009Q1,2009,Q1,2009-05-11,2009-03-31,277000.0,30624000.0,1270000.0,0.01,20588000.0,0.6722831765935214,198948000.0,136166000.0,114896000.0,53975000.0,62782000.0,0.0,-55377000.0,356381391.21,332095391.21,4.619340348862207,2.128689207966651,0.0,0.0,0.0017636055482903215,4.619340348862207,0.0020342816855896478,11.637323380681817,321.64385488267146,2.617256813081092,0.0,0.0,0.0,0.15392967006453948,1.8899119962945807,0.001392323622253051,-565.6847479523809,0.6722831765935214,-0.985528318032304,1.0265954399371608,-0.7412306483702261,0.0,-0.034062118795158115,-0.986400903333497,-0.4964314036478985,-0.6009101658332413,-0.749726428732116,0.0,Internet Content & Information,Communication Services,SCOR
2008Q4,2008,Q4,2009-03-16,2008-12-31,20369000.0,31590000.0,2522000.0,0.6910046822699815,21314000.0,0.6747071858182969,199563000.0,134880000.0,116583000.0,55992000.0,64683000.0,0.0,-55654000.0,375836454.75,342516454.75,4.5757136601981,2.0821367338191172,0.004895697098159479,0.007243475682087781,0.34188310783805875,4.5757136601981,0.15101571767497035,11.897323670465337,4.612848627203102,2.786450583852313,0.0,0.0,0.0,0.15829587649013094,1.8111158736962423,0.1020680186206862,111.95604848078642,0.6747071858182969,33.55023411349907,2.95744679675421,-0.7330680571452274,1.1400167306476443,0.003058967480822627,34.42434782608696,0.3654574986464537,2.95744679675421,-0.7330680571452274,1.1400167306476443,Internet Content & Information,Communication Services,SCOR
2008Q3,2008,Q3,2008-11-13,2008-09-30,575000.0,30661000.0,1847000.0,0.02,21249000.0,0.6930302338475588,175526000.0,113511000.0,95839000.0,53007000.0,62015000.0,0.0,-76023000.0,509127849.21999997,470550849.21999997,3.9306412585088406,1.808044220574641,0.006050385697845334,0.00935592145254645,0.005190277597564049,3.9306412585088406,0.005065588357075526,16.60506341019536,221.35993444347827,4.48527322655954,0.0,0.0,0.0,0.17468067408816929,1.7471277378459449,0.0032758679625810422,2242.8539613215858,0.6930302338475588,-0.6666666666666666,1.056352012566209,-0.7355452247445109,0.0,0.017039199731967644,-0.6637426900584795,-0.4180844360428481,1.056352012566209,-0.7355452247445109,0.0,Internet Content & Information,Communication Services,SCOR
2008Q2,2008,Q2,2008-08-14,2008-06-30,1710000.0,28750000.0,3174000.0,0.06,20893000.0,0.7267130434782608,173737000.0,110998000.0,93704000.0,54704000.0,62739000.0,0.0,-76599000.0,625166281.94,586444281.94,3.874131459048279,1.7129277566539924,0.00539896510242493,0.008450602713562407,0.015118287155674493,3.874131459048279,0.015405682985279013,21.744914154434785,91.39857923099414,5.63223014775041,0.0,0.0,0.0,0.16548000713722466,1.6664960514770402,0.009842463033205361,80.45898094465895,0.7267130434782608,-0.25000000000000006,1.1689162525079002,-0.750059468890259,0.0,0.07957422621815739,-0.324377716317661,-0.07866473149492018,1.1689162525079002,-0.750059468890259,0.0,Internet Content & Information,Communication Services,SCOR
2008Q1,2008,Q1,2008-05-15,2008-03-31,2531000.0,26370000.0,3445000.0,0.08,19353000.0,0.7339021615472128,155875000.0,105347000.0,130238000.0,45491000.0,50528000.0,0.0,-78309000.0,565710736.04,513230736.03999996,3.7355854951470757,2.86293992218241,0.005895749799518845,0.008723551691078057,0.019359507985747784,3.7355854951470757,0.024025363797735105,21.452815170269243,55.878184120900826,5.369974807445869,0.0,0.0,0.0,0.1691740176423416,2.8173045217735377,0.016237369687249398,85.03092379978956,0.7339021615472128,-0.8229835449195763,1.2540064709674972,-0.7670909965354354,0.0,0.032380241118105196,-0.8014123185562966,-0.09603778535817371,1.2540064709674972,-0.7670909965354354,0.0,Internet Content & Information,Communication Services,SCOR
2007Q4,2007,Q4,2008-03-11,2007-12-31,12745000.0,25274000.0,3811000.0,0.45193538625351914,18746000.0,0.7417108490939305,147672000.0,102622000.0,123444000.0,42077000.0,45050000.0,0.0,-80840000.0,920196476.4200001,853705476.4200001,3.6389574898476766,2.9337642892791784,0.006094588005850805,0.008770049307166105,0.09218575411627924,3.6389574898476766,0.12419364268870223,36.40881840705864,18.050146653981955,8.966853856093236,0.0,0.0,0.0,0.17114957473319248,2.85816479311738,0.08630613792729834,163.44520007460036,0.7417108490939305,2.7661282187793264,2.28022211261398,-0.7767712493908455,1.1113520138128947,0.13978233112421717,2.361909786336059,0.37630913687251716,2.28022211261398,-0.7767712493908455,1.1113520138128947,Internet Content & Information,Communication Services,SCOR
2007Q3,2007,Q3,2007-11-13,2007-09-30,3791000.0,22389000.0,2769000.0,0.12,16447000.0,0.7346018133905042,130398000.0,86297000.0,121716000.0,38165000.0,44101000.0,0.0,-93585000.0,786115734.1500001,715588734.1500001,3.1670507812593183,3.189204768767195,0.006763907421892974,0.010220517515093225,0.030296842285359633,3.1670507812593183,0.04392968469355829,35.111694767519765,51.84092153455553,9.109421348946082,0.0,0.0,0.0,0.17169741867206553,3.1353858247085027,0.02907253178729735,134.42471514192889,0.7346018133905042,2.601548665926348,1.3937578643043558,-0.7953396725706434,0.0,0.11060841380241745,2.057258064516129,0.06828703703703703,1.3937578643043558,-0.7953396725706434,0.0,Internet Content & Information,Communication Services,SCOR
2007Q2,2007,Q2,2007-08-13,2007-06-30,1240000.0,20809000.0,2592000.0,0.033319,14809000.0,0.7116632226440482,50715000.0,-97312000.0,38851000.0,38171000.0,148027000.0,0.0,-97376000.0,97154438.39999999,93887438.39999999,-23.187543843596547,1.017814571271384,0.028551710539288178,-0.014879973692864189,-0.027344525399845453,-23.187543843596547,-0.012742518908253864,4.668866279013888,19.587588387096773,-0.9983808615586978,0.0,0.0,0.0,0.4103125308094252,0.9635063267925912,0.024450359854086563,28.275447729918508,0.7116632226440482,-0.7865179338006331,1.8362308059566457,0.23503481252191083,0.0,0.11404498608290077,-0.19480519480519481,0.7442799461641992,1.8362308059566457,0.23503481252191083,0.0,Internet Content & Information,Communication Services,SCOR
2007Q1,2007,Q1,2007-03-31,2007-03-31,1540000.0,18681000.0,1486000.0,0.156074,13293000.0,0.7115786092821583,45479000.0,-98683000.0,34520000.0,34897000.0,144162000.0,0.0,-98618000.0,98623296.0,95238296.0,-23.51422629395797,0.9891967790927587,0.03133314276919018,-0.014440177132839497,-0.015130768841993816,-23.51422629395797,-0.015605524761103736,5.279337080456078,16.010275324675323,-0.9993949920452357,0.0,0.0,0.0,0.4107610105763099,0.9491360288850045,0.033861782361089734,37.04857099924868,0.7115786092821583,-0.6773509286609349,2.0385447106235763,0.1087358995012645,0.0,0.0,-0.1724879097259538,1.0340802238378093,2.0385447106235763,0.1087358995012645,0.0,Internet Content & Information,Communication Services,SCOR
