Quarters,Year,Quarter,FillingDate,Date,NetIncome,Revenue,OperatingIncome,EPSDiluted,GrossProfit,GrossProfitRatio,TotalAssets,CommonStockEquity,CurrentAssets,CurrentLiability,TotalLiability,Inventory,RetainedEarnings,MarketCap,EnterpriseValue,bookValuePerShare,currentRatio,debtToAssets,debtToEquity,roic,shareholdersEquityPerShare,roe,priceToSalesRatio,peRatio,pbRatio,payoutRatio,inventoryTurnover,dividendYield,assetTurnover,quickRatio,returnOnAssets,priceToFreeCashFlowsRatio,grossProfitMargin,epsdilutedGrowth,fiveYNetIncomeGrowthPerShare,fiveYRevenueGrowthPerShare,fiveYShareholdersEquityGrowthPerShare,grossProfitGrowth,netIncomeGrowth,operatingIncomeGrowth,threeYNetIncomeGrowthPerShare,threeYRevenueGrowthPerShare,threeYShareholdersEquityGrowthPerShare,Industry,Sector,Symbol
2023Q1,2023,Q1,2023-05-15,2023-03-31,938178.0,0.0,-396402.0,0.04,0.0,0.0,189607949.0,184086096.0,209098.0,5521853.0,5521853.0,0.0,-4821785.0,240534250.0,245199187.0,7.913427017732402,0.03786736082977942,0.02473518132934395,0.025477138697101817,-0.0015395126065714105,7.913427017732402,0.005096408802107466,0.0,64.09611235820921,1.3066399648129863,0.0,0.0,0.0,0.0,0.004536520620885779,0.004947988757581044,-611.9234301501734,0.0,3.7397260273972606,193.44252318163973,0.0,0.0,0.0,2.95758843827249,-0.09552643870029875,193.44252318163973,0.0,0.0,Shell Companies,Financial Services,CFFS
2022Q4,2022,Q4,2023-03-31,2022-12-31,237058.0,0.0,-361837.0,-0.0146,0.0,0.0,188243516.0,183147918.0,330864.0,5095598.0,5095598.0,0.0,-4149507.0,50958781.8,55420491.8,36.659211574794746,0.06493133877515456,0.023834605809211512,0.024497739581183772,-0.0012148145761815654,36.659211574794746,0.0012943526881916288,0.0,53.74083747437336,0.2782383898024983,0.0,0.0,0.0,0.0,0.004906195504433435,0.0012593156196678773,-669.0050255346523,0.0,-2.46,4.001494049126361,0.0,0.0011868312396363483,0.0,0.7111159231990761,-0.06342889891404975,4.001494049126361,0.0,0.0011868312396363483,Shell Companies,Financial Services,CFFS
2022Q3,2022,Q3,2022-11-14,2022-09-30,138540.0,0.0,-340255.0,0.01,0.0,0.0,187614132.0,182781180.0,514054.0,4832952.0,4832952.0,0.0,-3785797.0,232625000.0,237033038.0,7.8573317571198285,0.10636439178373797,0.023628486579038727,0.0242532518938766,-0.0009971027884464615,7.8573317571198285,0.0007579554962934367,0.0,419.7794860690054,1.272696674788947,0.0,0.0,0.0,0.0,0.005172821910914903,0.0007384305143921674,-1791.2142912142913,0.0,6.142857142857143,0.0,0.0,1789.6626816881953,0.0,3.1490221916085175,0.01413653827209142,0.0,0.0,1789.6626816881953,Shell Companies,Financial Services,CFFS
2022Q2,2022,Q2,2022-08-12,2022-06-30,33391.0,0.0,-345134.0,0.0014,0.0,0.0,186978567.0,182295901.0,778373.0,4682666.0,4682666.0,0.0,-3529833.0,232625000.0,236903168.0,7.836470757657174,0.16622432605699403,0.023448126009009366,0.02405044203380086,-0.0005819331861396432,7.836470757657174,0.00018316923099658724,0.0,1741.6744032823215,1.2760846443826512,0.0,0.0,0.0,0.0,0.022664225891831705,0.00017858196549340333,0.0,0.0,1.095890410958904,13.80571635595302,0.0,0.0,0.0,1.0982198010365865,0.015800955300491908,13.80571635595302,0.0,0.0,Shell Companies,Financial Services,CFFS
2022Q1,2022,Q1,2022-05-13,2022-03-31,-339962.0,0.0,-350675.0,-0.0146,0.0,0.0,187033444.0,182626909.0,742886.0,4406535.0,4406535.0,0.0,-3563224.0,230996625.0,235274793.0,7.850700010746911,0.1685873367623314,0.023007478812185057,0.023562617489189395,-0.00185646828488103,7.850700010746911,-0.0018615110000027434,0.0,-169.8694449673787,1.2648553614845444,0.0,0.0,0.0,0.0,0.005673391905431365,-0.0018176535315256239,-205.0230720892955,0.0,0.07594936708860768,-68.73425625614394,0.0,0.0,0.0,-3.3044061787794377,-3.440048113446442,-68.73425625614394,0.0,0.0,Shell Companies,Financial Services,CFFS
2021Q4,2021,Q4,2022-03-31,2021-12-31,-78980.0,0.0,-78980.0,-0.0158,0.0,0.0,187627082.0,182930810.0,1171218.0,4696272.0,4696272.0,0.0,-3219691.0,49959590.0,53111633.0,36.615754853072254,0.24939313566164822,0.019453481667427948,0.01995289913164436,-0.00042330183902621066,36.615754853072254,-0.0004317479379225402,0.0,-158.14000379843,0.2731064821721393,0.0,0.0,0.0,0.0,0.10603240187110116,-0.0004209413649571121,-29387.99411764706,0.0,0.0,0.0,0.0,0.0,0.0,0.0,0.0,0.0,0.0,0.0,Shell Companies,Financial Services,CFFS
2021Q3,2021,Q3,2021-09-30,2021-09-30,0.0,0.0,0.0,0.0,0.0,0.0,184698.0,21922.0,25000.0,162776.0,162776.0,0.0,-3078.0,49959590.0,50020895.0,0.004387946338230558,0.1535852951295031,0.46727631051771,3.9369126904479517,,0.004387946338230558,0.0,0.0,0.0,2278.970440653225,0.0,0.0,0.0,0.0,0.1535852951295031,0.0,0.0,0.0,0.0,0.0,0.0,0.0,0.0,1.0,1.0,0.0,0.0,0.0,Shell Companies,Financial Services,CFFS
2021Q2,2021,Q2,2021-06-30,2021-06-30,-560.0,0.0,-560.0,0.0,0.0,0.0,,,,,,,,49959590.0,,,0.0,0.0,0.0,0.0,,0.0,0.0,-22303.38839285714,0.0,0.0,0.0,0.0,0.0,0.0,0.0,0.0,0.0,0.0,0.0,0.0,0.0,0.0,0.46513849092645654,0.46513849092645654,0.0,0.0,0.0,Shell Companies,Financial Services,CFFS
2021Q1,2021,Q1,2021-03-31,2021-03-31,-1047.0,0.0,-1047.0,0.0,0.0,0.0,,,,,,,,49959590.0,,,0.0,0.0,0.0,0.0,,0.0,0.0,-11929.223973256925,0.0,0.0,0.0,0.0,0.0,0.0,0.0,0.0,0.0,0.0,0.0,0.0,0.0,0.0,0.0,0.0,0.0,0.0,0.0,Shell Companies,Financial Services,CFFS
