Quarters,Year,Quarter,FillingDate,Date,NetIncome,Revenue,OperatingIncome,EPSDiluted,GrossProfit,GrossProfitRatio,TotalAssets,CommonStockEquity,CurrentAssets,CurrentLiability,TotalLiability,Inventory,RetainedEarnings,MarketCap,EnterpriseValue,bookValuePerShare,currentRatio,debtToAssets,debtToEquity,roic,shareholdersEquityPerShare,roe,priceToSalesRatio,peRatio,pbRatio,payoutRatio,inventoryTurnover,dividendYield,assetTurnover,quickRatio,returnOnAssets,priceToFreeCashFlowsRatio,grossProfitMargin,epsdilutedGrowth,fiveYNetIncomeGrowthPerShare,fiveYRevenueGrowthPerShare,fiveYShareholdersEquityGrowthPerShare,grossProfitGrowth,netIncomeGrowth,operatingIncomeGrowth,threeYNetIncomeGrowthPerShare,threeYRevenueGrowthPerShare,threeYShareholdersEquityGrowthPerShare,Industry,Sector,Symbol
2023Q1,2023,Q1,2023-03-31,2023-03-31,2512362000.0,6449409000.0,4013651000.0,83.75,4658776000.0,0.7223570408,70798173000.0,43388530000.0,20033817000.0,5601989000.0,20262361000.0,0.0,34798378000.0,166317924433.32755,164723979433.32755,1446.2774394108721,3.5761971328397824,0.19088472805647116,0.31147148797159063,0.05265627867657224,1446.2774394108721,0.0579038285002972,25.788087626839538,16.549956219817005,3.833223306558843,0.0,0.0,0.0,0.09109569818983888,3.3276264912337385,0.035486254708860916,45.410293465042905,0.7223570407769146,-0.018976221154972526,0.7271283630016566,0.6466732852810572,0.5905386136881703,-0.016856892936919863,-0.019076065312624454,0.030520594231253112,0.33326435178636593,0.5514606892421374,0.24546123077991508,Airports & Air Services,Industrials,ASR
2022Q4,2022,Q4,2022-12-31,2022-12-31,2561220000.0,7273564000.0,3894780000.0,85.37,4738655000.0,0.6514901086,70919521000.0,41620774000.0,18080170000.0,5563973000.0,21903914000.0,64716000.0,32286016000.0,136138386900.00002,138168156900.0,1387.3591333333334,3.24950714174925,0.21439458114783375,0.365316632506642,0.05233200246892407,1387.3591333333334,0.061537058393003455,18.716874822301698,13.28843157752946,3.2709239597514457,0.0,39.169741640398044,0.0,0.10256081678837058,2.994162983896579,0.03611445711823124,80.63742280595969,0.6514901085630098,0.005772855796418581,0.13202642634154088,0.8424967118260759,0.5983359203328322,0.10071778342642923,0.005778903155070638,0.05374654435481907,1.0391732549599721,0.6004647063796211,0.3357863929278485,Airports & Air Services,Industrials,ASR
2022Q3,2022,Q3,2022-09-30,2022-09-30,2546504000.0,6294804000.0,3696126000.0,84.88,4305059000.0,0.6839067587,70960470000.0,39562801000.0,18110410000.0,4898732000.0,22441762000.0,0.0,29726629000.0,118435693563.63194,120616418563.63194,1318.7527801930423,3.696958723196125,0.22686002502520064,0.4068997541402592,0.05065760824833693,1318.7527801930423,0.0643661200833581,18.814834197161968,11.627283283634341,2.9936124483105213,0.0,0.0,0.0,0.08870860071811813,3.3801810346024235,0.03588623356074164,36.617980120212984,0.6839067586536451,-0.043282236248872896,1.3135186861183683,0.9487734272582452,0.633103828851425,-0.006076816164825067,-0.04322446936895371,-0.003704443472262767,0.9370392914855308,0.532964432111486,0.30998273797752357,Airports & Air Services,Industrials,ASR
2022Q2,2022,Q2,2022-06-30,2022-06-30,2661548000.0,6319709000.0,3709869000.0,88.72,4331380000.0,0.6853764944,64728130000.0,37246122000.0,11484670000.0,4129989000.0,18645112000.0,0.0,27156558000.0,119300802031.33237,124347805031.33237,1241.5336753989739,2.7807991740413835,0.19123194197020676,0.33233220897466853,0.05569403136712614,1241.5336753989739,0.07145839236632474,18.87757838712706,11.205960030716371,3.203039554865131,1.6941268765395177,0.0,0.0377952195058654,0.09763466054094255,2.4604658753328397,0.04111887675420254,40.22371451244748,0.6853764943923842,0.13264394229541684,1.3498344620619243,1.152979482826161,0.614916484852028,0.12093202846311989,0.13268833183956502,0.09960913591085678,0.8654695410435143,0.5529874373246889,0.29290623433447555,Airports & Air Services,Industrials,ASR
2022Q1,2022,Q1,2022-03-31,2022-03-31,2349762000.0,5425805000.0,3373807000.0,78.33,3864088000.0,0.7121686091,67340269000.0,39169087000.0,13787872000.0,4150490000.0,19582601000.0,0.0,29299867000.0,131881699788.204,135300130788.204,1305.6427615471412,3.3219865606229626,0.19870195350719494,0.34161232810966463,0.04816451454757704,1305.6427615471412,0.05999021626416771,24.306383990615952,14.031389113897918,3.366984269717698,0.0,0.0,0.0,0.08057296296217646,3.0381287510631276,0.03489386120509854,47.19607799069403,0.7121686090819703,0.1340668886636746,0.7553571489318034,1.1907245476893666,0.6418267081697805,8.013122845320234,0.13395486788570315,0.20564886309099023,0.6001837045851806,0.32294620249374106,0.2851478210206731,Airports & Air Services,Industrials,ASR
2021Q4,2021,Q4,2021-12-31,2021-12-31,2072183000.0,6789564000.0,2798333000.0,69.07,428718000.0,0.0631436717,65830728000.0,37176551000.0,11662100000.0,3786398000.0,20060672000.0,57101000.0,15551586000.0,126535637667.97179,131569632667.97179,1239.216507841905,3.079998457637047,0.20969017690340597,0.3713108566741439,0.043171215242695474,1239.216507841905,0.055738979121543575,18.63678399201654,15.265982501059487,3.4036411195856164,1.1886015858637968,111.39640286509868,0.01946487207392819,0.10313669932375653,2.9502012202626346,0.03147744317820699,208.46206180596212,0.06314367167022801,0.15505535302184004,1.2584574449109671,1.206809472501986,0.63382274896471,-0.8788609508126035,0.1550951810251122,0.08849822235706895,0.42066647612230557,0.7301525326301695,0.27726429157697435,Airports & Air Services,Industrials,ASR
2021Q3,2021,Q3,2021-09-30,2021-09-30,1793950000.0,4866106000.0,2570820000.0,59.798,3539057000.0,0.7272872806305494,65946219000.0,35373656000.0,13274726000.0,6084182000.0,22010473000.0,0.0,25094930000.0,114648842208.3356,117681990208.3356,1179.1153029248137,2.181842357772992,0.21344280556858006,0.3979160649948086,0.040481680911581705,1179.1153029248137,0.05071429427594366,23.560695596917864,15.97715128742936,3.2410798083278585,0.0,0.0,0.0,0.073789006766256,2.1794025885484687,0.027203227526964056,37.606183092409346,0.7272872806305494,0.45653391791499215,0.9567408817033783,1.0656070931720658,0.6310755070674896,0.22994618768002315,0.4565313938354691,0.27908492504564925,0.8156368470670418,0.32157425982856847,0.2903792690651294,Airports & Air Services,Industrials,ASR
2021Q2,2021,Q2,2021-06-30,2021-06-30,1231659000.0,4229281000.0,2009890000.0,41.055,2877408000.0,0.6803539419584558,62163100000.0,33197336000.0,10556184000.0,5651860000.0,20749970000.0,0.0,23300980000.0,110996834970.98033,116591153970.98033,1106.569788707209,1.8677362850459849,0.21607810743029224,0.40461334005837096,0.031348331999864185,1106.569788707209,0.03710113968181061,26.244847521595357,22.5299443618283,3.343546451166453,0.0,0.0,0.0,0.06803523312061335,1.8653597222861147,0.019813345859521162,56.09725568998071,0.6803539419584558,0.30333333333333334,0.4212275507401361,0.8848980742957442,0.6068756623456253,0.3947119942765297,0.30332630696753055,0.5610589996093256,0.1337715286546577,0.08794124023874986,0.2319893495379085,Airports & Air Services,Industrials,ASR
2021Q1,2021,Q1,2021-03-31,2021-03-31,945012000.0,2899710000.0,1287517000.0,31.5,2063084000.0,0.7114794238044494,61322747000.0,34783039000.0,8511450000.0,2364967000.0,18279574000.0,0.0,24631194000.0,108229561340.9729,116227214340.9729,1159.419908700493,3.598971994112391,0.2240188457310955,0.3949468302640261,0.023947189950567955,1159.419908700493,0.0271687588884916,37.32427082052099,28.63179550655783,3.1115613946490672,0.0,0.0,0.0,0.04728604215985301,3.589754529344384,0.01541046424420615,106.08422015674309,0.7114794238044494,0.8784662174250106,0.01796792587581245,0.39586968166723835,0.6304895618334639,3.4695821632323756,0.8784639329565852,0.16589650597881944,-0.3503547337940931,-0.25964733948979263,0.2750680360596132,Airports & Air Services,Industrials,ASR
2020Q4,2020,Q4,2021-04-12,2020-12-31,503077000.0,4253658000.0,1104315000.0,16.769,-835398000.0,-0.19639519679297207,60411211000.0,33665984000.0,7716049000.0,2767087000.0,18718005000.0,34023000.0,12131610000.0,98419552122.75912,107144506122.75912,1122.1838683108972,2.7885097215953096,0.23038078147448493,0.4134019073970926,0.018061363683935613,1122.1838683108972,0.014943184194467626,23.137626984294254,48.90879135935409,2.9234123120464597,0.0,149.57693325103605,0.0,0.07041173202106477,2.694233683292213,0.008327543707077814,-142.41721418789712,-0.19639519679297207,3.784308131241084,-0.31163904947633997,0.46417712595537775,0.6496442152381622,-1.8006820286037966,3.7841472112595693,1.9879865254271682,-0.7776495019584879,0.07749680082140048,0.29283524564393415,Airports & Air Services,Industrials,ASR
2020Q3,2020,Q3,2020-09-30,2020-09-30,105155000.0,2447072000.0,369585000.0,3.505,1043358000.0,0.4263699637771181,62168907000.0,34260630000.0,7882685000.0,1976309000.0,19373458000.0,0.0,23188252000.0,77883624119.0771,86615954119.0771,1141.9666804515666,3.988589334967356,0.23717766181734545,0.43037959313649515,0.007827510813442323,1141.9666804515666,0.003069266385352517,31.827271171047318,185.163863152197,2.273268883820207,0.0,0.0,0.0,0.039361669974349076,3.963555294237895,0.0016914403851430106,-126.00896990531501,0.4263699637771181,-0.9263005172631312,-0.8510095688159939,0.12636561282436967,0.7434516026425889,-0.6517966202154316,-0.9262970644286525,-0.8355853771813848,-0.9044698834054073,-0.24245643062486455,0.4141772334259718,Airports & Air Services,Industrials,ASR
2020Q2,2020,Q2,2020-06-30,2020-06-30,1426741000.0,4069379000.0,2247884000.0,47.558,2996404000.0,0.7363295480710939,63605580000.0,34282341000.0,8762549000.0,2259720000.0,20674536000.0,0.0,23083097000.0,77670721728.46715,86084449728.46715,1142.74390007927,3.877714495601225,0.24428399206484713,0.45323115478024095,0.03320283807489005,1142.74390007927,0.041617373796031025,19.08662764723245,13.609814557874756,2.265618958998954,0.0,0.0,0.0,0.06397833334748304,3.8652784415768324,0.022431066582523106,-92.53377413065542,0.7363295480710939,-0.24285168439151752,0.9467048554910823,0.9191200194648215,0.8231112104471654,-0.011430362415664539,-0.2428555735574364,-0.007170120991927099,0.25964772426542215,0.386347005185741,0.4864163564545041,Airports & Air Services,Industrials,ASR
2020Q1,2020,Q1,2020-03-31,2020-03-31,1884371000.0,4156996000.0,2264118000.0,62.812,3031050000.0,0.7291443147888523,64582430000.0,34837356000.0,10043646000.0,2816204000.0,20956326000.0,0.0,23877508000.0,68356488283.85565,75837965283.85565,1161.238426109181,3.5663772936903717,0.23637596169732233,0.4382001320651315,0.03400367484874457,1161.238426109181,0.05409052856938971,16.44372241009028,9.068873417688932,1.9621606267667284,0.0,0.0,0.0,0.06436728998893353,3.541607781254483,0.029177765531584982,38.90292679537219,0.7291443147888523,0.500274679341725,1.5318231200396881,1.3137699754369125,0.7816165869199151,8.751292713240145,0.5002894096759168,0.13775688648752954,0.40767799990140213,0.6784116873095392,0.4602403648911558,Airports & Air Services,Industrials,ASR
2019Q4,2019,Q4,2020-04-09,2019-12-31,1256005000.0,4544643000.0,1989984000.0,41.867,-391038000.0,-0.08604372224616984,57515881000.0,31158156000.0,7845856000.0,2560020000.0,18744704000.0,49667000.0,10438563000.0,106349293771.1709,113889929771.1709,1038.6085235472754,3.0647635565347144,0.23877431348048028,0.44076148152027994,0.03440064114723571,1038.6085235472754,0.0403106332736764,23.401022648241213,21.168166880540063,3.4132088487897327,0.0,99.37546056737874,0.0,0.07901544618607163,2.900954680041562,0.02183753388042513,642.5861546759006,-0.08604372224616984,-0.04459049314255724,1.4472204942686144,1.6963422514380673,0.6616441044529868,-1.1353592087759627,-0.04459284299436799,-0.018072544791548448,0.3689173086146953,0.4771505738436847,0.36933475490521234,Airports & Air Services,Industrials,ASR
2019Q3,2019,Q3,2019-09-30,2019-09-30,1314628000.0,4106266000.0,2026610000.0,43.821,2888891000.0,0.7035323576212549,56972019000.0,30200797000.0,7717131000.0,2201166000.0,18998064000.0,0.0,20741769000.0,90622833544.7755,98400554544.7755,1006.6947769319913,3.505928675983547,0.2452875507185378,0.4627204705889053,0.032522652315456195,1006.6947769319913,0.043529579699502635,22.06940162784766,17.233550773446083,3.0006768875925856,0.0,0.0,0.0,0.07207513569073268,3.412388706712715,0.02307497650732722,52.21653080619958,0.7035323576212549,-0.0785777366583961,1.2612621873219863,1.7935138163281987,0.6691540445198625,-0.035880675636529656,-0.07857978427759488,-0.09843657412927001,0.43393328454140395,0.7430759621475725,0.3925654172018179,Airports & Air Services,Industrials,ASR
2019Q2,2019,Q2,2019-06-30,2019-06-30,1426741000.0,4069379000.0,2247884000.0,47.558,2996404000.0,0.7363295480710939,55583713000.0,28807995000.0,6659418000.0,2386353000.0,19151344000.0,0.0,19427141000.0,93158132948.64743,102453428948.64743,960.2658278139205,2.790625695360242,0.2545090321691896,0.4910635745389431,0.03850979296820842,960.2658278139205,0.049525869467833494,22.892469084016856,16.323588680189225,3.2337596888866242,2.1026941820554677,0.0,0.03220330748420777,0.07321171581322752,2.676868845472568,0.02566832841843437,39.568245951839025,0.7363295480710939,-0.02839748304322956,1.5707026818425234,2.034031562487826,0.6490906731919319,-0.011903376124195838,-0.028402756922439935,0.014014237530657695,0.6463461071100332,0.813645218903812,0.39442428651433076,Airports & Air Services,Industrials,ASR
2019Q1,2019,Q1,2019-03-31,2019-03-31,1468449000.0,4101350000.0,2216817000.0,48.948,3032501000.0,0.739390932254014,57287894000.0,30478613000.0,7721674000.0,2389197000.0,19238840000.0,0.0,21250064000.0,92260163938.86824,100594291938.86824,1015.9475355217821,3.231911809700079,0.24765780358412198,0.465499988467323,0.03722402317208802,1015.9475355217821,0.04817965305704692,22.495072095497395,15.707076639854062,3.02704601219446,0.0,0.0,0.0,0.07159191434057603,3.2159608437479204,0.025632797742573675,56.55136807903953,0.739390932254014,0.00674619498148916,1.3198103955352314,1.9716818653012433,0.80573893761415,8.067926656737777,0.006759957739980214,0.041886152909062196,0.5818252030669379,0.9743311270832143,0.4287246920706545,Airports & Air Services,Industrials,ASR
2018Q4,2018,Q4,2018-12-31,2018-12-31,1458589000.0,3924230000.0,2127696000.0,48.62,-429051000.0,-0.10933380561282086,56181821000.0,29106185000.0,6000912000.0,2408222000.0,19500432000.0,48704000.0,9919989000.0,88757293492.20087,98673167492.20087,970.2115028299322,2.4918433599560172,0.2580973834934969,0.4981889931641677,0.03896388588882805,970.2115028299322,0.05011268223575161,22.617760297485333,15.212868993973089,3.0494306791563672,0.0,89.38241212220763,0.0,0.06984875054156753,2.3765861286874714,0.025961938827151934,52.79168861958305,-0.10933380561282086,0.47624108091695744,1.261811512960279,1.6545832206335334,0.7874349426823071,-1.1667016996501234,0.47622397156430724,0.2844256233644324,0.9958280518951751,0.35080894408914076,0.4262402431519426,Airports & Air Services,Industrials,ASR
2018Q3,2018,Q3,2018-09-30,2018-09-30,988054000.0,3682047000.0,1656535000.0,32.935,2573765000.0,0.6990038421562789,55091330000.0,27413337000.0,5803759000.0,2018879000.0,20393339000.0,0.0,18318728000.0,115568601944.81447,126575341944.81447,913.7742144440017,2.874743360052782,0.28272813526193685,0.5681858067844859,0.028182947594964234,913.7742144440017,0.03604282105458376,31.387052350177623,29.24146907578292,4.2157801490863545,0.0,0.0,0.0,0.06683532599412648,2.7626217321592823,0.017934836570473067,82.57495351740151,0.6990038421562789,-0.09046974676203354,0.9373529703234119,1.8158422915468282,0.6181777365557642,-0.048907048597009804,-0.09046690189270121,-0.07833974466683506,0.4000000003326883,0.6948874704231273,0.3950679524168791,Airports & Air Services,Industrials,ASR
2018Q2,2018,Q2,2018-06-30,2018-06-30,1086331000.0,3887392000.0,1797338000.0,36.211,2706113000.0,0.6961255772507635,56083526000.0,26945951000.0,5020070000.0,2377554000.0,21661425000.0,0.0,17332709000.0,94203549563.23085,107111057563.23085,898.1975283489735,2.1114431049725897,0.29592319141988327,0.6159150218895596,0.028316126994509506,898.1975283489735,0.04031518501610873,24.233097553123237,21.679292398732716,3.4960187362929167,1.8723575042965726,0.0,0.02159154309397597,0.06931432948777151,2.029781868256199,0.019369876993825245,58.945742903144186,0.6961255772507635,-0.2531966672166309,0.6610550169918851,2.0312751689372375,0.6400961160599771,-0.1065309988771023,-0.25318879217063356,-0.1820618994894423,0.4822349248571273,0.8332944830048009,0.43296672422872534,Airports & Air Services,Industrials,ASR
2018Q1,2018,Q1,2018-03-31,2018-03-31,1454626000.0,3916573000.0,2197401000.0,48.488,3028771000.0,0.7733217279494088,56906679000.0,27278750000.0,7250219000.0,2516721000.0,22131179000.0,0.0,18477733000.0,92960641434.52725,104248910434.52725,909.300426260773,2.8808195266777683,0.2989739569936949,0.6236948173944921,0.03637272924090009,909.300426260773,0.05332451083719012,23.73519948039453,15.97672553538285,3.4078042958173396,0.0,0.0,0.0,0.06882448719244362,2.776615683661399,0.025561604113288706,67.31298179718284,0.7733217279494088,-0.3570680350584086,1.99308643303611,1.853022642476289,0.6151469706814288,1.67182466202158,-0.357074222876363,1.6416803525706918,0.9544520160104694,1.1799850601368171,0.39508363269338237,Airports & Air Services,Industrials,ASR
2017Q4,2017,Q4,2017-12-31,2017-12-31,2262510000.0,3947669000.0,-3424448000.0,75.417,-4508276000.0,-1.142009626440312,56614103000.0,26040078000.0,5787862000.0,2408649000.0,22925802000.0,50239000.0,9949654000.0,107403257576.39146,120369833576.39146,868.002223865703,2.4029495372717236,0.31165432401181026,0.6775720871496621,-0.07019706445382341,868.002223865703,0.08688568444380236,27.20675354909225,11.867710814139103,4.124536707470364,0.0,168.31435737176298,0.0,0.06972942766575317,2.2609550000851097,0.03996371716778768,47.650894392756335,-1.142009626440312,1.0555192150449715,2.401911103328407,1.9539362838023144,0.5809436106967552,-3.1150591152857148,1.0555285524146107,-3.06839050259421,3.408295128789572,1.3421483371168963,0.38869530264631597,Airports & Air Services,Industrials,ASR
2017Q3,2017,Q3,2017-09-30,2017-09-30,1100695000.0,3230104000.0,1655610000.0,36.69,2131513000.0,0.6598898982819129,43524491000.0,24225284000.0,9541895000.0,5211397000.0,17462086000.0,0.0,14806864000.0,103765919032.36787,110799397032.36787,807.5131273928441,1.830966821372465,0.33802688238215123,0.6073178749937462,0.03137018442799823,807.5131273928441,0.045435793446219244,32.12463717340614,23.568272553334,4.283372654469928,0.0,0.0,0.0,0.07421348132480171,1.830966821372465,0.025289095282010305,80.96951802036129,0.6598898982819129,-0.028208184346444305,1.6906716989686303,1.6431906631579398,0.5325607805428715,0.049709072553340804,-0.028204018929227293,0.02614433367959401,0.8932865040058278,1.197462907254463,0.3389001646540832,Airports & Air Services,Industrials,ASR
2017Q2,2017,Q2,2017-06-30,2017-06-30,1132640000.0,2935297000.0,1613428000.0,37.755,2030575000.0,0.6917783788148184,38566295000.0,23063534000.0,4732792000.0,1226827000.0,13675211000.0,0.0,13661250000.0,114333668051.67761,122398216051.67761,768.7912576561093,3.8577501147268523,0.28248477070457506,0.47236433930723715,0.03347938378563987,768.7912576561093,0.049109559705810914,38.951311588461955,25.236100625900022,4.957335161717957,1.631586382257381,0.0,0.016163217987239974,0.07611042232602327,3.8577501147268523,0.029368649490442367,-5981.671447717778,0.6917783788148184,-0.15387373658143025,1.4451136693975881,1.3012917400836765,0.4978600652407359,0.0015467789659762883,-0.15388752763999283,-0.011526477078766506,1.0408108015609348,1.1885080366883543,0.32026617620913594,Airports & Air Services,Industrials,ASR
2017Q1,2017,Q1,2017-03-31,2017-03-31,1338640000.0,2476748000.0,1632242000.0,44.621,2027439000.0,0.8185891338157939,29949776000.0,23857314000.0,5364123000.0,661444000.0,6092462000.0,0.0,14539052000.0,97144651692.11676,96689943692.11676,795.2378622239621,8.109716015263574,0.1349123612810994,0.1693650425190363,0.045496183222051026,795.2378622239621,0.05611025616714438,39.22266281919548,18.142415379063223,4.071902297639908,0.0,0.0,0.0,0.08269671198876412,8.109716015263574,0.04469616066577593,93.11045500798576,0.8185891338157939,0.4589654721422967,1.4927933209611974,0.9294326414457019,0.4924334703771008,4.265418856869793,0.4589986332514447,0.35526961466064744,1.1147393252260585,0.7945547936943304,0.4134509138263047,Airports & Air Services,Industrials,ASR
2016Q4,2016,Q4,2016-12-31,2016-12-31,917506000.0,3076591000.0,1204367000.0,30.584,385048000.0,0.12515410725702572,29216091000.0,22753954000.0,4233018000.0,593183000.0,6462137000.0,24392000.0,8155159000.0,89432197915.60075,90395338915.60075,758.4767127444812,7.136108081317233,0.15268216408553767,0.19604399305720668,0.0335542467396774,758.4767127444812,0.040322925852799035,29.06860155139268,24.368286941883966,3.9304025100692725,0.0,110.34531813709413,0.0,0.10530467611153045,6.868445319572543,0.03140413274315171,-320.02933589408036,0.12515410725702572,0.0007853403141361555,1.1767361171884254,1.2550144801577583,0.4718311558961859,-0.75635995259419,0.0007722529935711029,-0.025139526883461157,0.42277632860016723,1.081209972807259,0.39735282009735273,Airports & Air Services,Industrials,ASR
2016Q3,2016,Q3,2016-09-30,2016-09-30,916798000.0,2355757000.0,1235425000.0,30.56,1580397000.0,0.6708658830261356,27951363000.0,21687152000.0,3853807000.0,598304000.0,6264211000.0,0.0,12283610000.0,85079781970.67299,85718842970.67299,722.9066329643714,6.441218845269295,0.14884572891847886,0.1918389745227958,0.03504697143741367,722.9066329643714,0.04227378495802492,36.11568679225955,23.20025293758085,3.9230500146203147,0.0,0.0,0.0,0.08428057694360021,6.441218845269295,0.03279976006894547,114.22604136297336,0.6708658830261356,0.05791532523280362,1.5208281015028016,1.2457851872400525,0.439535455510054,0.024438385786959973,0.05789714789475931,0.023879258618346246,0.7976470321568049,0.8015743190203067,0.28017556260679843,Airports & Air Services,Industrials,ASR
2016Q2,2016,Q2,2016-06-30,2016-06-30,866623000.0,2243789000.0,1206612000.0,28.887,1542696000.0,0.6875405842527974,26875633000.0,20659714000.0,3254144000.0,698377000.0,6215919000.0,0.0,11366810000.0,87811574253.8565,89124970253.8565,688.6468036312789,4.6595807135687455,0.14841358341215627,0.1930669998626312,0.033844020473021985,688.6468036312789,0.04194748291288059,39.13539742545155,25.331538123802538,4.250377050420761,1.942020924900447,0.0,0.019166038353151216,0.083487856825549,4.6595807135687455,0.032245677711107305,63.3154570685898,0.6875405842527974,-0.06647492244053771,1.243999053096516,1.0497845414405862,0.40519969295537384,-0.05315469640048094,-0.06647499714542396,-0.061874025224810565,0.3250917383452282,0.7496167627157675,0.2574594254883745,Airports & Air Services,Industrials,ASR
2016Q1,2016,Q1,2016-03-31,2016-03-31,928334000.0,2077355000.0,1286194000.0,30.944,1629301000.0,0.7843151507566112,27140715000.0,21332931000.0,3953156000.0,599909000.0,5807784000.0,0.0,12329245000.0,78022299358.26585,78773611358.26585,711.0869862894066,6.58959275490116,0.13621313955804037,0.17329648701343478,0.03620865238535369,711.0869862894066,0.043516476943557356,37.55848151051017,21.011376120627343,3.657364258022765,0.0,0.0,0.0,0.07654017220990678,6.58959275490116,0.03420447840080853,92.59378298691698,0.7843151507566112,0.2702791461412151,1.2091811527793364,0.9543728386958846,0.4019997505615162,4.263025115077122,0.27023920616720076,0.27731411229135056,0.9101234755447937,0.5132092426639012,0.2630698926637776,Airports & Air Services,Industrials,ASR
2015Q4,2015,Q4,2015-12-31,2015-12-31,730834000.0,2905156000.0,1006952000.0,24.36,309575000.0,0.1065605427040751,26125884000.0,20408051000.0,2985529000.0,506695000.0,5717833000.0,22557000.0,7720476000.0,72881212236.38692,74515073236.38692,680.2581174443638,5.892161951469819,0.14231177785218674,0.1821840311943556,0.030719053247219234,680.2581174443638,0.035811062996657546,25.08684980647749,24.930836631980352,3.571199044748904,0.0,115.06765084009399,0.0,0.11119838088540851,5.423884190686705,0.027973560626694968,-55.587115594097945,0.1065605427040751,0.035494155154091434,1.627269038664336,1.435321239043966,0.37930857229911774,-0.766205862695269,0.03555260200951338,-0.018182527301092044,0.09886626709808054,1.1738195736055033,0.23899420396492346,Airports & Air Services,Industrials,ASR
2015Q3,2015,Q3,2015-09-30,2015-09-30,705743000.0,2172413000.0,1025600000.0,23.525,1324135000.0,0.6095226828416144,25353316000.0,19649906000.0,3892830000.0,512085000.0,5703410000.0,0.0,5624537000.0,77306102005.09215,77432843005.09215,655.0033730335055,7.601921555991681,0.14283433378103283,0.18429217931118858,0.032350990592773535,655.0033730335055,0.03591584611142669,35.58536153350774,27.384650646585282,3.9341715937517536,0.0,0.0,0.0,0.08568555687153506,7.601921555991681,0.027836319320123648,269.7248256525121,0.6095226828416144,-0.03704461727384368,2.1812035870121425,1.2735809679889813,0.35355910493153986,0.01229073940146385,-0.037048912806182596,0.012589240844390427,0.7252126802881346,0.7776928438776067,0.243115989798754,Airports & Air Services,Industrials,ASR
2015Q2,2015,Q2,2015-06-30,2015-06-30,732896000.0,2120427000.0,1012849000.0,24.43,1308058000.0,0.6168842407684867,24391872000.0,18804190000.0,3766692000.0,697874000.0,5587682000.0,0.0,4918794000.0,67127267845.59638,67345796845.59638,626.8097598933541,5.39738118915449,0.13901200367073097,0.18031954580335552,0.03285608132050995,626.8097598933541,0.038975143305827055,31.657429303435762,22.897951361992828,3.5698037429741127,2.0876086102257347,0.0,0.022792526034565396,0.08693170413488559,5.39738118915449,0.030046730320657637,69.97088459555994,0.6168842407684867,-0.015276714095691132,1.4669292370016511,1.3587292798498893,0.3645881356799276,-0.015104821179427446,-0.015270180756481934,-0.014255043328635829,0.5821514291389495,0.6624228185652404,0.22123307009216803,Airports & Air Services,Industrials,ASR
2015Q1,2015,Q1,2015-03-31,2015-03-31,744261000.0,1796601000.0,1027496000.0,24.809,1328119000.0,0.739239820082478,24963373000.0,19553439000.0,4744911000.0,548511000.0,5409934000.0,0.0,5844556000.0,61035122352.083275,60609075352.083275,651.7891866491584,8.650530253723261,0.1313379806486888,0.16767582418622115,0.03215772077723498,651.7891866491584,0.03806292079874032,33.972552810603624,20.501921487248183,3.1214520551644793,0.0,0.0,0.0,0.07196948104729277,8.650530253723261,0.02981412007103367,75.15196877457444,0.739239820082478,0.4501402852466682,0.9823411902747824,0.8514147469250484,0.3738412067069764,6.617020910519494,0.45015382996673997,0.2908565541847785,0.3859776729439241,0.3996128956887659,0.22322143347736642,Airports & Air Services,Industrials,ASR
2014Q4,2014,Q4,2014-12-31,2014-12-31,513229000.0,1685457000.0,795980000.0,17.108,174362000.0,0.10345087415460615,23924521000.0,18751096000.0,3903916000.0,401643000.0,5173425000.0,18658000.0,7785506000.0,58463083819.6345,58795023819.6345,625.0487217834082,9.719865651835088,0.1332232315121377,0.16997950413138518,0.027713137325547983,625.0487217834082,0.027370613429742986,34.686784545458295,28.47806915608554,3.1178488883868174,0.0,80.98911994854754,0.0,0.07044893396193805,9.509006754754845,0.02145200733590445,-262.1933375174771,0.10345087415460615,-0.11718870942773109,2.217807440308539,1.237086043194247,0.3531731691046357,-0.8308078357702056,-0.11721370408721409,0.03927812747667114,0.21761474051259425,0.23537578792688404,0.21291289134651278,Airports & Air Services,Industrials,ASR
2014Q3,2014,Q3,2014-09-30,2014-09-30,581374000.0,1469941000.0,765897000.0,19.379,1030556000.0,0.7010866422529883,23045639000.0,18093627000.0,4031935000.0,431162000.0,4952012000.0,0.0,4587532000.0,51752401154.04777,51539081154.04777,603.1167585982577,9.351322704691045,0.1252297235064734,0.1595036196999087,0.027726880615363804,603.1167585982577,0.03213142395385955,35.207128145992094,22.25434967596064,2.860255777022913,0.0,0.0,0.0,0.06378391156782418,9.351322704691045,0.02522707224564266,71.92398668883968,0.7010866422529883,0.047513513513513586,2.405201287542039,1.056935548919179,0.31992871575439796,0.006049636894877674,0.04800034610434325,0.006351642373890204,0.5985317136678759,0.4013083282940575,0.20099597683077272,Airports & Air Services,Industrials,ASR
2014Q2,2014,Q2,2014-06-30,2014-06-30,554746000.0,1340630000.0,761063000.0,18.5,1024359000.0,0.7640877796259967,22404771000.0,17461011000.0,3660397000.0,505109000.0,4943760000.0,0.0,4006157000.0,49286596839.276,49741045839.276,582.3001993912548,7.246746741792365,0.12525997252995802,0.16072500040232493,0.02623695169128409,582.3001993912548,0.03177055440833294,36.76375796399902,22.211334934941398,2.8226657001290474,0.0,0.0,0.0,0.05983680886539747,7.246746741792365,0.024760172732852304,67.5989494478503,0.7640877796259967,-0.12322274881516594,3.42477886066254,0.9772870115871183,0.2904453635302612,-0.07035761445159885,-0.12552492528090597,-0.09180267615600608,0.43711644738944655,0.225294416620486,0.18819699311427787,Airports & Air Services,Industrials,ASR
2014Q1,2014,Q1,2014-03-31,2014-03-31,634376000.0,1383136000.0,837993000.0,21.1,1101885000.0,0.7966570170973787,21819136000.0,16915335000.0,3031283000.0,466357000.0,4903801000.0,0.0,3552327000.0,48110555880.83136,49318966880.83136,562.6214921544045,6.499919589499032,0.1288693099488449,0.16622886865675435,0.031664335712199905,562.6214921544045,0.03750301132079264,34.783677007055964,18.95979509030581,2.8441976396465907,0.0,0.0,0.0,0.06339096103530406,6.499919589499032,0.029074295150825404,147.11898391168486,0.7966570170973787,-0.018422032005954467,0.852339556862777,0.4015832461048815,0.10340911163987808,3.3137588819073347,-0.016309657090932773,0.27822919542579266,0.5063896740580639,0.29844960001198445,0.1092808712153676,Airports & Air Services,Industrials,ASR
2013Q4,2013,Q4,2013-12-31,2013-12-31,644894000.0,1478325000.0,655589000.0,21.496,255435000.0,0.1727867688092943,21416494000.0,16284216000.0,2554114000.0,667968000.0,5132278000.0,0.0,6049166000.0,48759679072.07591,50340979072.07591,542.795421339357,3.823707123694548,0.13264832236312815,0.17445494459174454,0.034418427795983246,542.795421339357,0.03960239780656312,32.98305790139239,18.902206824716895,2.994290856377483,2.0468480091301826,0.0,0.02707154815454781,0.06902740476569134,3.7080773330458943,0.030112024872044882,151.8515329197851,0.1727867688092943,0.264470588235294,2.095529690665219,0.9554205507085513,0.12259052071576251,-0.7138185203733518,0.2623520407464174,-0.06338139846532553,1.3183086730242657,0.23923547992808472,0.10058573129679535,Airports & Air Services,Industrials,ASR
2013Q3,2013,Q3,2013-09-30,2013-09-30,510867000.0,1309836000.0,699953000.0,17.0,892563000.0,0.68143111045963,22591547000.0,16969600000.0,3869360000.0,985192000.0,5621947000.0,0.0,3593118000.0,43097770809.198006,43548452809.198006,564.6933546304615,3.9275186968631495,0.1260351936058208,0.16779004808598907,0.025682893619880534,564.6933546304615,0.03010483452762587,32.903180863251585,21.090504382352943,2.539704578139615,0.0,0.0,0.0,0.05797903082953992,3.9275186968631495,0.022613192447599982,87.74083317222524,0.68143111045963,-0.22018348623853212,1.1803257663203797,0.7807467973865625,0.14878813251572812,-0.001124704555221315,-0.21946050832308386,-0.0020530572731692503,1.2988505920693807,0.3684942183037474,0.166934191673693,Airports & Air Services,Industrials,ASR
2013Q2,2013,Q2,2013-06-30,2013-06-30,654505000.0,1283417000.0,701393000.0,21.8,893568000.0,0.6962413619267939,21969022000.0,16442166000.0,3307907000.0,901346000.0,5526856000.0,0.0,3082251000.0,44090764069.869064,45078869069.869064,547.6493234474113,3.6699635877898165,0.13336761190370697,0.1781976900123743,0.03573571320833087,547.6493234474113,0.039806495081000884,34.354199819598044,16.84126327142996,2.68156665428807,1.8334466505221503,0.0,0.02721658436443521,0.05841939618431808,3.6699635877898165,0.029792177366839544,108.0145031146273,0.6962413619267939,0.3456790123456791,1.5631981626983256,0.5861947146031617,0.1321067742682253,-0.1136117448665807,0.34503819303873556,-0.13851987049419534,1.2013531369098875,0.4265433306626419,0.19225292442259606,Airports & Air Services,Industrials,ASR
2013Q1,2013,Q1,2013-03-31,2013-03-31,486607000.0,1374508000.0,814172000.0,16.2,1008100000.0,0.7334260695463395,22362968000.0,16910587000.0,3866384000.0,878226000.0,5452381000.0,0.0,3732371000.0,51441385071.009476,51646500071.009476,562.9830862247416,4.40249320789865,0.12816098471365697,0.1694831764266965,0.027133367087465967,562.9830862247416,0.028775287339227195,37.42530787089597,26.428609263229607,3.0419633021023738,0.0,0.0,0.0,0.061463576748846574,4.40249320789865,0.021759499901801944,94.70534262750445,0.7334260695463395,-0.2692498533988904,0.38036809665308263,0.5781050738420503,0.13674464242380444,23.714390782054426,-0.26832726622069253,0.4302236931325119,0.29444665980563073,0.41465981668848073,0.18665571380665583,Airports & Air Services,Industrials,ASR
2012Q4,2012,Q4,2012-12-31,2012-12-31,665061000.0,1336391000.0,569262000.0,22.169,40790000.0,0.0305225042670895,19109238000.0,16470995000.0,3164783000.0,694980000.0,2638243000.0,0.0,6436291000.0,43902971838.40681,41952489838.40681,549.0405970160796,4.553775648220093,0.016481295591169048,0.019121188489219988,0.03680911031012538,549.0405970160796,0.040377706386286925,32.85189127912924,16.503362788679087,2.66547174827063,0.0,0.0,0.0,0.06993429042016222,4.431301620190509,0.0348031145982901,140.9373524139323,0.0305225042670895,0.625770020533881,4.689099065096617,0.9265364347099845,0.1355003294701947,-0.9505945849048834,0.6258036600450783,-0.03636757591249031,3.169728259688039,0.7737645137390751,0.18862254851357899,Airports & Air Services,Industrials,ASR
2012Q3,2012,Q3,2012-09-30,2012-09-30,409066000.0,1222011000.0,590746000.0,13.636,825618000.0,0.6756223961977429,18743021000.0,15806593000.0,3002225000.0,767536000.0,2936428000.0,0.0,2582184000.0,34866136215.07514,33337689215.07514,526.904471029725,3.911510339580163,0.02204249784493119,0.02613738457110903,0.02550918869861242,526.904471029725,0.02587945422520843,28.531769529959337,21.308380686169922,2.2057970503241995,0.0,0.0,0.0,0.06519818763474682,3.911510339580163,0.02182497688072803,78.58822198972885,0.6756223961977429,-0.11689657405608454,0.7146225175320232,0.775992662803329,0.09174835578622242,-0.05778689740645977,-0.11692679662370745,-0.07755752129478541,1.396064017619778,0.7100694378069182,0.15313715272630862,Airports & Air Services,Industrials,ASR
2012Q2,2012,Q2,2012-06-30,2012-06-30,463230000.0,1275511000.0,640415000.0,15.441,876254000.0,0.6869827073227907,18732528000.0,15397792000.0,3020339000.0,1102608000.0,3334736000.0,0.0,1172182000.0,31292095470.0,30239183470.0,513.2597333333333,2.7392681714625686,0.027555223726343822,0.03352292328666344,0.02767686294509228,513.2597333333333,0.03008418349851719,24.532987539895775,16.887990560844504,2.032245627814689,2.3314552166310474,0.0,0.03451350840455556,0.06809070297399261,2.7392681714625686,0.02472864313882248,48.541593388609236,0.6869827073227907,-0.13737430167597756,0.6846798535255977,0.5476933255159243,-0.06493855011348411,-0.09562070841086963,-0.13893128068241598,-0.12211307532872011,2.69313566333437,0.8803824132009285,0.13744361389398735,Airports & Air Services,Industrials,ASR
2012Q1,2012,Q1,2012-03-31,2012-03-31,537971000.0,1285978000.0,729496000.0,17.9,968901000.0,0.7534351287502585,19202848000.0,16014298000.0,3520200000.0,1010425000.0,3188550000.0,0.0,2331533000.0,26354520350.823383,24889318350.823383,532.8464403998024,3.48388054531509,0.031455698654699556,0.03771873109892172,0.03305766894660757,532.8464403998024,0.033593167805419884,20.49375677563954,12.247184490810557,1.6456868949749395,0.0,0.0,0.0,0.06696808723372699,2.5066026671944974,0.028015167333512194,42.62051021151896,0.7534351287502585,0.2740213523131671,1.0470181717551907,0.6019153649883482,-0.0369218078919658,0.3642150526733744,0.2739856112382008,0.4775679847036948,0.5714159981217712,0.3036049453245236,0.04501450022933418,Airports & Air Services,Industrials,ASR
2011Q4,2011,Q4,2011-12-31,2011-12-31,422274000.0,1366821000.0,493714000.0,14.05,710226000.0,0.5196188820628305,18803270000.0,15487813000.0,2813207000.0,738614000.0,3315457000.0,0.0,2337734000.0,23406651375.05965,22573574375.05965,515.3286161296477,3.8087647946017813,0.03704621589755399,0.044976653579172216,0.024964820563494906,515.3286161296477,0.0272649211350886,17.124884220435337,13.857502104711426,1.5112948080571253,0.7104391935094275,0.0,0.012816869666357197,0.07269060115607551,2.6966304456725707,0.02245747681121422,-186.30973848479022,0.5196188820628305,0.15895405427699427,1.6268287923736262,0.984589434065199,-0.04673315695648394,0.006145450836393309,0.16107266293274822,0.004555674245892467,1.0233258104093037,0.8047071479923232,0.06578463409519637,Airports & Air Services,Industrials,ASR
2011Q3,2011,Q3,2011-09-30,2011-09-30,363693000.0,1048979000.0,491475000.0,12.123,705888000.0,0.6729286286951407,18828514000.0,15065539000.0,3325306000.0,1096744000.0,3762975000.0,0.0,745378000.0,20711036519.4634,19772502519.4634,502.18049871389394,3.0319801156878907,0.042623491158144504,0.053269717067540696,0.021986042164839847,502.18049871389394,0.024140722744801894,19.743995370225143,14.2366202535266,1.3747292094536678,0.0,0.0,0.0,0.05571225642129804,1.9069126432421786,0.019316075607453673,52.12749712309729,0.6729286286951407,-0.058261477511069686,2.725677695902621,0.6047909108398333,-0.04950224596757218,-0.04569752193486461,-0.058236639106330416,-0.0661322226423627,0.5548288043219776,0.4285193958340811,0.02161463841003967,Airports & Air Services,Industrials,ASR
2011Q2,2011,Q2,2011-06-30,2011-06-30,386183000.0,1094610000.0,526279000.0,12.873,739690000.0,0.6757566621901865,18346428000.0,14701846000.0,2874518000.0,919161000.0,3644582000.0,0.0,745379000.0,20544166439.026493,20009204439.026493,490.070419943615,3.1273280741893967,0.045321029248854325,0.05655609506452455,0.02449935847630985,490.070419943615,0.026267653735456076,18.76848049901471,13.299502074810707,1.3973868614204294,2.330501342627718,0.0,0.04380805630012445,0.05966338515595515,1.887403838935725,0.02104949257697466,27.76880392499685,0.6757566621901865,-0.08095952023988008,0.8892661742112258,0.616454922596188,-0.0503327590281543,-0.07332100584302996,-0.08096524315512667,-0.09733185140971415,0.5135802773385281,0.3539144263671801,0.013079024354746551,Airports & Air Services,Industrials,ASR
2011Q1,2011,Q1,2011-03-31,2011-03-31,420205000.0,1062898000.0,583026000.0,14.007,798216000.0,0.7509808090710491,18746626000.0,15215663000.0,3304719000.0,655062000.0,3530963000.0,0.0,1709137000.0,20851582943.210148,19861272943.210148,507.1948022848139,5.044894987039394,0.04591498224800559,0.056570062047246975,0.026138115266537587,507.1948022848139,0.027616607965094915,19.617670692023268,12.40560139884708,1.3704025216127715,0.0,0.0,0.0,0.05669809596670889,3.492081665552268,0.022414966831898177,51.88496829461992,0.7509808090710491,0.5110032362459547,2.242984191792955,1.1087925863069221,0.14683856217130525,0.3941079075876234,0.5106321787428325,0.5602196520035753,0.19350715218305217,0.22187698086617771,0.02409999211291601,Airports & Air Services,Industrials,ASR
2010Q4,2010,Q4,2010-12-31,2010-12-31,278165000.0,1192893000.0,373682000.0,9.27,572564000.0,0.4799793443334817,18213915000.0,14795457000.0,2669488000.0,496660000.0,3418458000.0,0.0,1709136000.0,20883316085.58126,20331042085.58126,493.18776893445033,5.374880199734225,0.048896955981182516,0.06019449078186635,0.015462094297165963,493.18776893445033,0.018800703486212017,17.506445327100806,18.768820740910304,1.4114681341428832,0.0,0.0,0.0,0.0654934976911883,5.374880199734225,0.015272114754021857,6047.876074596368,0.4799793443334817,0.2535496957403651,18.638291570302286,2.4077096037437067,0.13559210963625035,0.12503266651078437,0.2538483382841482,0.25236526454432423,2.542981118020042,0.719667427809559,0.01998809770953537,Airports & Air Services,Industrials,ASR
2010Q3,2010,Q3,2010-09-30,2010-09-30,221849000.0,955508000.0,298381000.0,7.395,508931000.0,0.5326287168710256,18271079000.0,14517292000.0,3086124000.0,745303000.0,3753787000.0,0.0,433993000.0,17855343410.593075,17251736410.593075,483.91191093693254,4.14076422609328,0.05112445740068225,0.0643438872759465,0.014027833524257207,483.91191093693254,0.015281706808680297,18.68675449142558,20.12105464819886,1.2299362312608355,0.0,0.0,0.0,0.05229619991244086,4.14076422609328,0.01214208531417329,215.26726638848726,0.5326287168710256,-0.25325658891245084,0.42028912047381933,0.9144616016548971,0.22072958060911552,-0.2494274080202697,-0.25326246840193745,-0.279231163159217,-0.0701354288575684,0.3886329503528437,0.002667584274419181,Airports & Air Services,Industrials,ASR
2010Q2,2010,Q2,2010-06-30,2010-06-30,297091000.0,898978000.0,413976000.0,9.903,678057000.0,0.7542531630362478,16569593000.0,13780243000.0,2072166000.0,536704000.0,2789350000.0,0.0,21375000.0,17743308995.605843,17260928995.605843,459.3398868890475,3.8609102969234437,0.011322185161699506,0.013613983439914667,0.020394114619348386,459.3398868890475,0.021559198919786828,19.737200460529447,14.93087050399191,1.2875904289645577,2.524479031677163,0.0,0.042269454935702166,0.05425468205525628,3.8609102969234437,0.01792989121700213,27.247891132581945,0.7542531630362478,-0.2087095485417499,0.8473217998550184,0.567624033092001,0.0980215148774436,-0.13728047351431955,-0.20872374539895275,-0.1823229300608553,0.08046011126639242,0.09080797124905109,-0.16317023773568126,Airports & Air Services,Industrials,ASR
2010Q1,2010,Q1,2010-03-31,2010-03-31,375458000.0,970426000.0,506283000.0,12.515,785953000.0,0.8099051344461092,17147235000.0,14233153000.0,2646381000.0,478388000.0,2914082000.0,0.0,811974000.0,19135764153.094944,18300018153.094944,474.4283280099467,5.531871618853316,0.02890903402210327,0.034827841729798026,0.025746288848613085,474.4283280099467,0.026379116419250184,19.71893184343262,12.741614343744802,1.3444501125713286,0.0,0.0,0.0,0.05659373070935343,5.531871618853316,0.021896124943759154,49.09211851699477,0.8099051344461092,1.3524436090225564,0.7363628603994651,0.6414488968960107,0.12449630625898188,0.446928958167261,1.3539243775979135,0.7562988479430528,0.43119736202924647,0.210998997584648,-0.1425079689341088,Airports & Air Services,Industrials,ASR
2009Q4,2009,Q4,2009-12-31,2009-12-31,159503000.0,753447000.0,288267000.0,5.32,543187000.0,0.7209359118823222,16695708000.0,13857695000.0,2083163000.0,399482000.0,2838013000.0,0.0,811974000.0,20336894366.623558,19927843366.623558,461.9133279127821,5.2146604853285,0.03308353260610451,0.03985893757944593,0.00027938470286101254,461.9133279127821,0.011510067150417152,26.991804820542864,31.875410441533322,1.4675524585166262,0.0,0.0,0.0,0.045128185040131275,3.3457552530527033,0.009553533159540165,-44.82039213170383,0.7209359118823222,-0.06519065190651899,-0.22198452507042388,0.5398288857696215,0.12421351842015467,0.03876928137322772,-0.06582446029682211,0.035642689314737776,-0.006010919630933619,0.09594074098238922,-0.14554199771362256,Airports & Air Services,Industrials,ASR
2009Q3,2009,Q3,2009-09-30,2009-09-30,170742000.0,714672000.0,278346000.0,5.691,522914000.0,0.73168390534399,16512415000.0,13708903000.0,2191984000.0,326621000.0,2803512000.0,0.0,25275000.0,17616136769.36047,16980967769.36047,456.93131106216566,6.71109328548991,0.036589075553151974,0.0440716518309306,0.015490357184210369,456.93131106216566,0.012454825889423829,24.64926115667113,25.79350243255976,1.285014327503847,0.0,0.0,0.0,0.043280888955370855,4.339586248281647,0.010340219767974581,35.15640601454156,0.73168390534399,0.3611576177947859,0.2541278186122803,0.3956037040903562,0.14799602851871763,0.08457554595478049,0.36115562145744146,0.14411962973315137,0.7489755961252774,0.09328018066103483,-0.13514725079135198,Airports & Air Services,Industrials,ASR
2009Q2,2009,Q2,2009-06-30,2009-06-30,125439000.0,678374000.0,243284000.0,4.181,482137000.0,0.710724467624054,16279227000.0,13538163000.0,1915976000.0,329119000.0,2741064000.0,0.0,25276000.0,15420536601.093,14887102601.093,451.23971602971295,5.821529598716574,0.027021307584199176,0.03249229603750524,0.0096678833064492,451.23971602971295,0.009265584998496473,22.731615010441143,30.733138420054765,1.1390420252063,0.0,0.0,0.0,0.04167114323057231,3.4215253449360263,0.007705464147652711,31.867394509767575,0.710724467624054,-0.6329558423316654,-0.02599429453711238,0.37366078636905,0.1657896935630901,-0.393069616030494,-0.632927357430471,-0.5387412666963701,-0.3863884325172929,0.0016923085870092333,-0.12557959285083795,Airports & Air Services,Industrials,ASR
2009Q1,2009,Q1,2009-03-31,2009-03-31,341728000.0,984692000.0,527435000.0,11.391,794386000.0,0.8067355071433504,17531205000.0,15296725000.0,3091697000.0,289181000.0,2234480000.0,0.0,1961749000.0,12221614319.442017,10275865319.442017,509.8938247104383,10.69121761111553,0.0,0.0,0.021275129971066235,509.8938247104383,0.022339945315091956,12.411611264681765,8.941039598336994,0.7989693427476807,0.0,0.0,0.0,0.056167958791195474,10.69121761111553,0.019492556273228222,77.25566426317829,0.8067355071433504,0.6413544668587895,1.5739150760637597,1.1160723804839203,0.3060429125504774,0.5107249287318549,0.640360014400576,0.8856089748173147,1.6373123013818702,0.9536198779544791,0.15294143030782267,Airports & Air Services,Industrials,ASR
2008Q4,2008,Q4,2008-12-31,2008-12-31,208325000.0,755993000.0,279716000.0,6.94,525831000.0,0.6955500910722718,16676081000.0,14505527000.0,2533610000.0,317002000.0,2170554000.0,0.0,1538397000.0,15425887900.926722,13500190900.926722,483.5204033196995,7.99241014252276,0.0,0.0,0.011680466256466059,483.5204033196995,0.01436176706988998,20.404802558921475,18.5118059533502,1.0634489805800729,0.0,0.0,0.0,0.04533397265220768,7.99241014252276,0.012492443518354223,-56.94710186733924,0.6955500910722718,-0.10991406951391552,4.337873349938788,1.106991822421929,0.2783150341738528,0.006149819083573631,-0.10937967594373904,-0.028824587352179378,13.707538360269249,1.1596145364845831,0.11333246573470222,Airports & Air Services,Industrials,ASR
2008Q3,2008,Q3,2008-09-30,2008-09-30,233910000.0,734306000.0,288018000.0,7.797,522617000.0,0.7117155518271674,17072268000.0,14746671000.0,2762273000.0,388619000.0,2325597000.0,0.0,912279000.0,16284258900.0,14507472900.0,491.5557,7.10792061118988,0.0,0.0,0.013584622072599351,491.5557,0.01586188503154373,22.176393628814147,17.40440650250096,1.1042667799396895,0.0,0.0,0.0,0.043011625637554424,5.47504625352852,0.013701167296577116,116.89392497200448,0.7117155518271674,-0.05513814832767825,1.1224033886918034,0.31638281388024503,-0.12158095649826299,-0.16703139070631082,-0.083273893038823,-0.24625309134684584,0.49749754644287014,0.47125331735780024,0.2400120144701803,Airports & Air Services,Industrials,ASR
2008Q2,2008,Q2,2008-06-30,2008-06-30,255158000.0,808518000.0,382115000.0,8.252,627415000.0,0.7760062237328049,16728968000.0,14512761000.0,2588040000.0,219447000.0,2216207000.0,0.0,912279000.0,15912454104.9885,14280267104.9885,483.7435265780497,11.793462658409547,0.0,0.0,0.016901228938703775,483.7435265780497,0.01758163040099675,19.68101403430536,15.590785028284925,1.0964456801147968,0.0,0.0,0.0,0.04833041703469096,9.079600085669888,0.015252465065388373,39.87434153581121,0.7760062237328049,-0.29686434901158826,1.34995850290152,0.5089041426535961,-0.1038909795933021,-0.08103781364290809,-0.2752757927265704,-0.11924222308273866,0.5865365769113505,0.40984179861760905,0.15635679597249458,Airports & Air Services,Industrials,ASR
2008Q1,2008,Q1,2008-03-31,2008-03-31,352076000.0,869890000.0,433848000.0,11.736,682743000.0,0.7848613043028428,17087976000.0,14857603000.0,2916416000.0,276039000.0,2230373000.0,0.0,1538397000.0,18180117050.32061,15866303050.32061,495.2590627780136,10.565231724502697,0.0,0.0,0.02185025015417343,495.2590627780136,0.02369668916311736,20.89932870859604,12.909227730888084,1.223623827498999,0.0,0.0,0.0,0.05090655558036832,9.706824035734082,0.020603727439692097,51.661562255818595,0.7848613043028428,2.9529631423137026,1.658900137642128,0.5807670152435718,-0.1022852186269845,0.416430484852096,2.9529643570298214,0.7370675559092734,0.6282824199605634,0.47144308327522266,0.1738695896832816,Airports & Air Services,Industrials,ASR
2007Q4,2007,Q4,2007-12-31,2007-12-31,-180277739.7,693676938.3,249758852.8,-6.00933,482016595.4499999,0.6948718759935744,16676081000.0,14505527000.0,2533610000.0,317002000.0,2170554000.0,0.0,1538397000.0,20005856397.51414,18080159397.51414,483.52306271214616,7.99241014252276,0.0,0.0,0.02397622911786143,483.52306271214616,-0.01242821027460774,28.84030777575317,-27.743104099826557,1.3791885256919063,0.0,0.0,0.0,0.041597119748938614,6.95614538709535,-0.01081055793024752,13.740559672167581,0.6948718759935744,-1.7555237331308322,-3.0596808168523055,0.5514221860212589,-0.10219760270871583,-0.05027307711168037,-1.7556181400871465,-0.12146440873313086,-1.879378150340753,0.4177223880116734,0.1768077055173208,Airports & Air Services,Industrials,ASR
2007Q3,2007,Q3,2007-09-30,2007-09-30,238583128.35,688095655.2,284289965.35,7.95386,507531779.75000006,0.7375889905924231,15836817614.75,14478734084.75,2095516326.0,222476388.9,1358083530.0,0.0,715049567.45,16681384020.000002,14914924116.450003,482.6244694916667,9.419050427602476,0.0,0.0,0.017029697402090777,482.6244694916667,0.01647817598924565,24.2428271330262,17.47963501795537,1.1521300082145982,0.0,0.0,0.0,0.04344911155377111,9.419050427602476,0.015065092883799449,42.38633038757991,0.7375889905924231,0.02023445025788503,3.748177700240395,1.1712658187306293,0.37305746849780136,-0.008460106738280786,0.02080198941284888,-0.0725026382807424,0.7525551594867271,0.3438001696966102,0.21254762111718695,Airports & Air Services,Industrials,ASR
2007Q2,2007,Q2,2007-06-30,2007-06-30,233721261.15,700516266.45,306512963.9,7.79611,511862188.50000006,0.7306927947497343,15316561373.1,13997072814.4,1742554582.6,228487165.4,1319488558.7,0.0,467345394.75,14490672075.0,13098996162.75,548.9048162509804,7.6264878140940855,0.0,0.0,0.015192619822272579,548.9048162509804,0.016697867064715897,20.68570391439195,15.499950671689245,1.0352644633020835,0.0,0.0,0.0,0.0457358704337055,7.6264878140940855,0.015259382015109303,-34.423212520091,0.7306927947497343,0.0477980557679823,3.97636550321649,1.6775269931597083,0.0,-0.022411588343760374,0.04815789620615487,-0.026961445578015063,1.1352040268115462,0.6689401846008947,0.4181100528181311,Airports & Air Services,Industrials,ASR
2007Q1,2007,Q1,2007-03-31,2007-03-31,222982875.0,681127344.0,315005980.5,7.44047,523596825.0,0.7687209001551992,15383373822.0,14108495386.5,1805797908.0,261181768.5,1274878435.5,0.0,538143016.5,13241597669.999998,11796811789.499998,553.274328882353,6.913950841097854,0.0,0.0,0.015606827527085724,553.274328882353,0.01580486571327554,19.440707801036393,14.845980515319841,0.9385549137061412,0.0,0.0,0.0,0.04427685057135576,6.913950841097854,0.014495056648828799,68.23607908647263,0.7687209001551992,0.39074205607476653,3.7583276726058554,1.609478896601702,0.0,0.18844262612174884,0.6348375069874279,0.4676773833095018,0.9758941977859124,0.722015082790307,0.41715780994851936,Airports & Air Services,Industrials,ASR
