Quarters,Year,Quarter,FillingDate,Date,NetIncome,Revenue,OperatingIncome,EPSDiluted,GrossProfit,GrossProfitRatio,TotalAssets,CommonStockEquity,CurrentAssets,CurrentLiability,TotalLiability,Inventory,RetainedEarnings,MarketCap,EnterpriseValue,bookValuePerShare,currentRatio,debtToAssets,debtToEquity,roic,shareholdersEquityPerShare,roe,priceToSalesRatio,peRatio,pbRatio,payoutRatio,inventoryTurnover,dividendYield,assetTurnover,quickRatio,returnOnAssets,priceToFreeCashFlowsRatio,grossProfitMargin,epsdilutedGrowth,fiveYNetIncomeGrowthPerShare,fiveYRevenueGrowthPerShare,fiveYShareholdersEquityGrowthPerShare,grossProfitGrowth,netIncomeGrowth,operatingIncomeGrowth,threeYNetIncomeGrowthPerShare,threeYRevenueGrowthPerShare,threeYShareholdersEquityGrowthPerShare,Industry,Sector,Symbol
2020Q2,2020,Q2,2020-06-30,2020-06-30,430269790.0,5540560.0,-5300630.0,5.50992,-4899200.0,-0.8842427480254703,2071294607.0,2019381799.0,0.0,43931030.0,51912808.0,0.0,500695763.0,1770299393.2,1770426884.2,25.859685406421004,0.0,0.0,0.0,-0.0026248775752187514,25.859685406421004,0.21307005451523336,319.5163292519168,1.028598471438118,0.876654129534422,0.10879313651093189,0.0,0.026442081028670145,0.002674926097560201,0.026959008245424704,0.20772988475221768,38.13618807741242,-0.8842427480254703,0.0,58.94502691284618,18.710016194021307,0.28706913553937885,0.0,0.0,0.0,58.94502691284618,18.710016194021307,0.28706913553937885,N/A,,BSTZ
2019Q4,2019,Q4,2019-12-31,2019-12-31,106794700.0,-26004390.0,-36124530.0,1.23928,-35844720.0,-1.3784103376391448,1729459039.0,1635965985.0,0.0,26566180.0,93493054.0,0.0,117279949.0,1766585860.0,1833011417.0,18.98424721485091,0.0,0.0,0.0,-0.02208146766572289,18.98424721485091,0.06527929124394356,-67.93413958181677,4.135471750938951,1.07984265944258,0.3122042573273767,0.0,0.01887355760902558,-0.015036141020741457,0.040492272505870244,0.06175034943975912,-15.244388154603106,1.3784103376391448,0.0,0.0,0.0,0.0,0.0,0.0,0.0,0.0,0.0,0.0,N/A,,BSTZ
2019Q2,2019,Q2,2019-06-30,2019-06-30,6434600.0,252000.0,95180.0,0.09192,105960.0,0.4204761904761905,1579019917.0,1406534604.0,0.0,172485310.0,172485313.0,0.0,6434604.0,1524008850.0,1531021070.0,20.091916348832225,0.0,0.0,0.0,6.766986018639041e-05,20.091916348832225,0.004574789686439879,6047.654166666666,59.21148361980543,1.083520338330759,0.0,0.0,0.0,0.0001595926671265667,0.008559517329330829,0.004075059428145263,-1.0892619621210637,0.4204761904761905,0.0,0.0,0.0,0.0,0.0,0.0,0.0,0.0,0.0,0.0,N/A,,BSTZ
2022Q4,2022,Q4,2022-12-31,2022-12-31,,,,,,,1545653859.0,1524657637.0,6668310.0,4470104.0,20996222.0,0.0,152295163.0,0.0,-49275.0,0.0,1.491757238757756,0.0,0.0,,0.0,,0.0,0.0,0.0,0.0,0.0,,,1.491757238757756,,0.0,0.0,0.0,-1.0,1.0,-1.0,0.0,0.0,0.0,-1.0,1.0,-1.0,N/A,,BSTZ
2022Q2,2022,Q2,2022-06-30,2022-06-30,,,,,,,1856649252.0,1802895271.0,8775007.0,26324969.0,53753981.0,0.0,288008675.0,0.0,468792.0,0.0,0.3333339917703227,0.0002625250835476598,0.0002703523647991198,,0.0,,0.0,0.0,0.0,0.0,0.0,,,0.3333339917703227,,0.0,0.0,0.0,-1.0,-1.0,-1.0,0.0,0.0,0.0,-1.0,-1.0,-1.0,N/A,,BSTZ
2021Q4,2021,Q4,2021-12-31,2021-12-31,,,,,,,3080746433.0,3048961632.0,631276.0,0.0,31784801.0,0.0,1534075036.0,0.0,-208398.0,0.0,0.0,0.0,0.0,,0.0,,0.0,0.0,0.0,0.0,0.0,,,0.0,,0.0,0.0,0.0,-1.0,1.0,-1.0,0.0,0.0,0.0,-1.0,1.0,-1.0,N/A,,BSTZ
2021Q2,2021,Q2,2021-06-30,2021-06-30,,,,,,,3448777870.0,3355652954.0,0.0,0.0,93124916.0,0.0,1848812179.0,0.0,229186.0,0.0,0.0,6.645426543519314e-05,6.829848114263606e-05,,0.0,,0.0,0.0,0.0,0.0,0.0,,,0.0,,0.0,0.0,0.0,-1.0,-1.0,-1.0,0.0,0.0,0.0,-1.0,-1.0,-1.0,N/A,,BSTZ
2020Q4,2020,Q4,2020-12-31,2020-12-31,,,,,,,3087753345.0,3023744008.0,0.0,0.0,64009337.0,0.0,1516903233.0,0.0,-33690.0,0.0,0.0,0.0,0.0,,0.0,,0.0,0.0,0.0,0.0,0.0,,,0.0,,0.0,0.0,0.0,-1.0,1.0,-1.0,0.0,0.0,0.0,-1.0,1.0,-1.0,N/A,,BSTZ
2019Q1,2019,Q1,2019-04-30,2019-04-30,,,,,,,100000.0,100000.0,0.0,0.0,0.0,0.0,0.0,0.0,-100000.0,0.0,0.0,0.0,0.0,,0.0,,0.0,0.0,0.0,0.0,0.0,,,0.0,,0.0,0.0,0.0,0.0,0.0,0.0,0.0,0.0,0.0,0.0,0.0,0.0,N/A,,BSTZ
