Quarters,Year,Quarter,FillingDate,Date,NetIncome,Revenue,OperatingIncome,EPSDiluted,GrossProfit,GrossProfitRatio,TotalAssets,CommonStockEquity,CurrentAssets,CurrentLiability,TotalLiability,Inventory,RetainedEarnings,MarketCap,EnterpriseValue,bookValuePerShare,currentRatio,debtToAssets,debtToEquity,roic,shareholdersEquityPerShare,roe,priceToSalesRatio,peRatio,pbRatio,payoutRatio,inventoryTurnover,dividendYield,assetTurnover,quickRatio,returnOnAssets,priceToFreeCashFlowsRatio,grossProfitMargin,epsdilutedGrowth,fiveYNetIncomeGrowthPerShare,fiveYRevenueGrowthPerShare,fiveYShareholdersEquityGrowthPerShare,grossProfitGrowth,netIncomeGrowth,operatingIncomeGrowth,threeYNetIncomeGrowthPerShare,threeYRevenueGrowthPerShare,threeYShareholdersEquityGrowthPerShare,Industry,Sector,Symbol
2023Q1,2023,Q1,2023-03-31,2023-03-31,133853000.0,4704218000.0,260937000.0,0.23,1149142000.0,0.2442790704,35500515000.0,13827903000.0,8561715000.0,6491837000.0,20273585000.0,2328028000.0,10851420000.0,11440935881.401218,23482859881.40122,23.56385340741487,1.3188431872211208,0.37367948042443894,0.959351103345171,0.006192418858270314,23.56385340741487,0.00967992037549005,2.432059033276353,21.36847116127621,0.8273803975484366,0.0,1.5270761348231208,0.0,0.13251126075213276,0.8039607279110674,0.0037704523441420496,16251.329376990367,0.24427907040022379,-0.30303030303030304,-0.498118588272153,0.2358493953675651,0.454132745763663,-0.1475207715133531,-0.3100360824742268,3.2174755466419653,-0.5194046809651949,0.06404686232409439,0.17006717482453593,Medical Care Facilities,Healthcare,FMS
2022Q4,2022,Q4,2022-12-31,2022-12-31,194000000.0,4997000000.0,-117673000.0,0.33,1348000000.0,0.2697618571,35754000000.0,15449000000.0,8203000000.0,6467000000.0,20305000000.0,2296214000.0,10711709000.0,8980632892.345245,20919417892.345245,26.3263324374746,1.2684397711458173,0.36954108631202104,0.855238008932617,-0.0024718882167031864,26.3263324374746,0.012557447083953654,1.797204901409895,11.572980531372739,0.5813083625053561,0.0,1.5891375978022955,0.0,0.13976058622811433,0.8466636771300449,0.005425966325446104,53.13983959967601,0.2697618571142686,-0.15384615384615383,-0.48451248038909095,0.18020956722439205,0.6455582563092892,-0.007792655163048078,-0.1568883094306823,-1.2494959111022532,-0.42221488470940816,0.11296160775325768,0.3178858262458307,Medical Care Facilities,Healthcare,FMS
2022Q3,2022,Q3,2022-09-30,2022-09-30,230100000.0,5096166000.0,471643000.0,0.39,1358587000.0,0.2665900208,38406435000.0,15051421000.0,8512668000.0,6357386000.0,21671057000.0,2409683000.0,10478492000.0,8381914768.814932,21053904768.814934,25.648826001837428,1.3390201570268032,0.3589383393694312,0.9158963794847012,0.009957685603779676,25.648826001837428,0.015287593111640423,1.644749164139263,9.106817436782846,0.5568852780621133,0.0,1.551066675575169,0.0,0.13269042023817101,0.7999695157726776,0.005991183508701081,16.855760857345828,0.26659002081172395,0.1142857142857144,-0.22263753055012492,0.22811012469853548,0.626360845008256,0.009313918502284461,0.11696318050532754,0.3851076326686441,-0.289217503213283,0.18478822119981658,0.2595337780885269,Medical Care Facilities,Healthcare,FMS
2022Q2,2022,Q2,2022-06-30,2022-06-30,206005000.0,4756680000.0,340510000.0,0.35,1346050000.0,0.2829809867,36069726000.0,14049209000.0,8104902000.0,6876550000.0,20618993000.0,2278859000.0,10801627000.0,14019662960.581873,26654125960.58187,23.962866852022003,1.1786291090735908,0.3786869631335708,0.9722351628479582,0.007993018209809653,23.962866852022003,0.014663103097120983,2.9473630684809304,17.01374112349442,0.9978969606461028,0.0,1.496639326961431,0.0,0.1318745809158628,0.7023348917698555,0.005711299276296138,24.20388196885164,0.28298098673864963,-0.027777777777777804,-0.19829326901481303,0.1124446611442174,0.5209935804061698,0.0699112547144691,-0.027388270398383426,-0.0205886075221188,-0.15970215646941713,0.13324506680667117,0.25286815779312655,Medical Care Facilities,Healthcare,FMS
2022Q1,2022,Q1,2022-03-31,2022-03-31,211806000.0,4548369000.0,347668000.0,0.36,1258095000.0,0.2766035473,34724126000.0,13234497000.0,8039393000.0,6377452000.0,20184834000.0,2136961000.0,11027178000.0,17861947770.327198,30031977770.327198,22.58391792125426,1.260596394923866,0.3842680446442338,1.008226606572203,0.008446658929794371,22.58391792125426,0.0160040838726247,3.927110524745727,21.08291050575432,1.3496506720525305,0.0,1.5396977296263246,0.0,0.13098584540327957,0.794072617089082,0.006099678361955028,-5270.56588088734,0.27660354733751813,-0.30769230769230776,-0.2816658956094559,0.04522408385641629,0.35576807850222913,-0.04629226736367482,-0.3026756348336247,-0.1362586146071938,-0.18125347353370405,0.15190035365248766,0.14941561902555875,Medical Care Facilities,Healthcare,FMS
2021Q4,2021,Q4,2021-12-31,2021-12-31,303741000.0,4647024000.0,402514000.0,0.52,1319162000.0,0.283872431,34366558000.0,12698783000.0,7967242000.0,7257634000.0,20387521000.0,2038014000.0,10826140000.0,16795983308.4798,28634477308.479797,21.670348049416063,1.0977740128532245,0.38759043020834383,1.0489311456066301,0.010389963157973353,21.670348049416063,0.023918906244795268,3.6143526068468335,13.82426418270813,1.3226451155579082,0.0,1.6328945728537685,0.0,0.13521936063541773,0.76122604143444,0.008838272369319033,41.68927437973566,0.28387243104404025,0.1182795698924731,-0.24410220734806046,-0.07377553573772572,0.2911982172662767,0.04099140084137129,0.11242510364629876,-0.20240716045028248,-0.25111085825784235,0.13190535630422098,0.1310596438340429,Medical Care Facilities,Healthcare,FMS
2021Q3,2021,Q3,2021-09-30,2021-09-30,273044000.0,4441366000.0,504661000.0,0.465,1267217000.0,0.2853214529043542,33830926000.0,12229680000.0,7998912000.0,7492297000.0,20385008000.0,2119805000.0,10567699000.0,17669775045.093365,29335074045.093365,20.870751704928193,1.0676181149786241,0.3909775629552676,1.0815600244650718,0.012731941764595753,20.870751704928193,0.022326340509318313,3.9784550620447323,16.17850515401672,1.4448272600013545,0.0,1.4973778248470968,0.0,0.13128124249392406,0.6689127513231256,0.008070840272004378,35.54278372754081,0.2853214529043542,0.24000000000000007,-0.039851358845083965,0.13163659953751458,0.352808646957591,-0.013065491790064276,0.249189072958271,0.18961814714500225,0.0035839400169980426,0.14497943043223424,0.1406062684126526,Medical Care Facilities,Healthcare,FMS
2021Q2,2021,Q2,2021-06-30,2021-06-30,218577000.0,4320170000.0,424221000.0,0.375,1283993000.0,0.29720890613100875,32987207000.0,11631952000.0,7814681000.0,7424628000.0,20174772000.0,2052942000.0,10290640000.0,20557468860.29721,32265035860.29721,19.855581457364043,1.05253502263009,0.3975942855665228,1.1275429093930236,0.011390477039835322,19.855581457364043,0.018791085107641433,4.758486092051288,23.512845427809435,1.7673275182271393,0.0,1.4789394926890287,0.0,0.13096501319435744,0.6645998964527247,0.006626114178141847,40.22988035283211,0.29720890613100875,-0.11764705882352938,-0.13732337911705567,0.13382898416659134,0.32562974217115076,0.06409112117196519,-0.12199031115181605,-0.10549643333832363,-0.770008299573412,0.07231528218079664,0.11658005838130997,Medical Care Facilities,Healthcare,FMS
2021Q1,2021,Q1,2021-03-31,2021-03-31,248946000.0,4210125000.0,474253000.0,0.425,1206657000.0,0.28660835485882247,33158539000.0,11998075000.0,7789409000.0,7242973000.0,19958883000.0,1989405000.0,10500006000.0,18338521460.855442,30165527460.855442,20.48305355451911,1.0754436058231889,0.3890546564792858,1.0752128153891354,0.012263368763591338,20.48305355451911,0.020748828457898456,4.355814010476041,18.416164008314496,1.5284553114441644,0.0,1.509731804232924,0.0,0.12696955677088184,0.6858548278448643,0.007507749361333441,785.476569188994,0.28660835485882247,0.39344262295081966,0.2899407733953911,0.18283742247482831,0.3911652108928372,-0.10533172192894003,0.4050139967491421,0.027466825542977847,-0.06487149756384379,0.1080675602663966,0.2640156256227819,Medical Care Facilities,Healthcare,FMS
2020Q4,2020,Q4,2020-12-31,2020-12-31,177184000.0,4400154000.0,461575000.0,0.305,1348720000.0,0.30651654464821004,31689036000.0,11215080000.0,7275310000.0,6159644000.0,19357726000.0,1895310000.0,10254913000.0,20001975997.33318,31300453997.33318,19.147774310859273,1.181125078007755,0.39067193460855043,1.1038723754088247,0.010398176301254683,19.147774310859273,0.015798728141038672,4.5457445346988266,28.222040361055708,1.7834893729989603,0.0,1.6099920329655835,0.0,0.13885414501091167,0.7893746781469838,0.005591334491841279,71.99850256949213,0.30651654464821004,-0.49586776859504134,-0.40107058489732794,0.06678173256700398,0.29219422049984384,-0.01340410403761693,-0.49877511301209043,-0.26940548925258795,-0.5282989280517815,0.04122261947282799,0.19685406928652763,Medical Care Facilities,Healthcare,FMS
2020Q3,2020,Q3,2020-09-30,2020-09-30,353502000.0,4413768000.0,631780000.0,0.605,1367044000.0,0.3097226677976731,33049135000.0,11493111000.0,7824068000.0,7043154000.0,20393373000.0,1897017000.0,10054892000.0,21232170888.775833,32686228888.775833,19.62505486697753,1.1108756105574293,0.3949488239253463,1.1356992027659003,0.016703172148917405,19.62505486697753,0.03075772956512819,4.810441076371896,15.015594599730578,1.8473823918324495,0.9934031490628059,1.606060462294223,0.016539524000611844,0.13355169507462147,0.7083115036246546,0.01069625574164044,42.44634452747202,0.3097226677976731,0.008333333333333342,0.5780506298196415,0.22149279746165143,0.39775102828113884,-0.04802612795175521,0.007208552249182271,-0.03680914252260933,0.19669125259928757,0.06582655873417506,0.24440084760622036,Medical Care Facilities,Healthcare,FMS
2020Q2,2020,Q2,2020-06-30,2020-06-30,350972000.0,4557345000.0,655924000.0,0.6,1436010000.0,0.3150979353110199,34189853000.0,12125597000.0,8181521000.0,8064013000.0,20867231000.0,1840855000.0,10077917000.0,22493677455.151062,34081761455.151062,20.710998209247016,1.0145719011117666,0.39419640090292285,1.1114930671042424,0.016324368677494483,20.710998209247016,0.028944719175476474,4.935697748393212,16.02241593001084,1.8550573184273782,0.0,1.6955898210342477,0.0,0.13329524990938102,0.678423757501383,0.010265384878958093,10.705871062773582,0.3150979353110199,0.2631578947368421,0.6988736823309906,0.26497144299877423,0.4762756357716096,0.017892382021707325,0.2414163887110523,0.18156828130347846,0.3677957141363146,0.06732673171850474,0.3145879211614569,Medical Care Facilities,Healthcare,FMS
2020Q1,2020,Q1,2020-03-31,2020-03-31,282719000.0,4487796000.0,555130000.0,0.475,1410768000.0,0.3143565349227104,34072427000.0,11996428000.0,7855884000.0,8602246000.0,20802491000.0,1743099000.0,9732241000.0,17856391877.338127,31028573877.338127,20.138889385516283,0.913236380359269,0.427830808765105,1.2151312040550737,0.013756840617151983,20.138889385516283,0.02356693175668624,3.9788778004477314,15.789876058328346,1.4884757260526322,0.0,1.7652629024513238,0.0,0.13171342329092084,0.6092726248470458,0.008297589132702522,59.109510004760594,0.3143565349227104,-0.16666666666666663,0.48970969771714024,0.25134221556397446,0.3869190097269643,-0.029500870909956442,-0.17455752599954452,-0.0993456777905228,-0.05673234795904407,0.014561883633831223,0.20898700839123344,Medical Care Facilities,Healthcare,FMS
2019Q4,2019,Q4,2019-12-31,2019-12-31,342506000.0,4579963000.0,616363000.0,0.57,1453652000.0,0.3173938304741763,32934735000.0,11957913000.0,7165146000.0,7007234000.0,19707498000.0,1663278000.0,9454861000.0,19681572708.478367,32456297708.478367,19.97618603461924,1.0225355682427617,0.41847757390487583,1.152579718551222,0.015938508355694925,19.97618603461924,0.028642623507964978,4.297321333923083,14.365859801345357,1.6459036546325743,0.0,1.8796082194317487,0.0,0.1390617838582882,0.7292903305355579,0.01039953714520551,45.381033508444546,0.3173938304741763,0.03636363636363619,0.15676317264605213,0.17587030330879908,0.5606183125204355,0.07998802367627075,0.029833064729511943,0.03522912789643056,-0.16558665294311137,-0.10637213665936776,0.1902538776424908,Medical Care Facilities,Healthcare,FMS
2019Q3,2019,Q3,2019-09-30,2019-09-30,332584000.0,4419003000.0,595388000.0,0.55,1345989000.0,0.30459110346836155,33169403000.0,12276912000.0,7231054000.0,7378680000.0,19625983000.0,1721090000.0,9211339000.0,18512441049.338745,31216582049.338745,20.363746052735625,0.9799928984588029,0.41210253316889667,1.1134066123468183,0.015509554606340691,20.363746052735625,0.0270901998808821,4.189280036546421,13.915613085219634,1.507906959774473,0.0,1.785504534916826,0.0,0.13322527993645228,0.6172822239208097,0.010026831052702396,32.043912285235855,0.30459110346836155,0.3095238095238097,0.5647353467682993,0.369140050514472,0.6489033378942293,0.011320723528501294,0.3105209236346442,0.1422158359504045,0.13671795010838383,0.09436009784047068,0.31994535386496503,Medical Care Facilities,Healthcare,FMS
2019Q2,2019,Q2,2019-06-30,2019-06-30,253780000.0,4345032000.0,521257000.0,0.42,1330922000.0,0.30630890635558033,31956001000.0,11608053000.0,7167077000.0,7221395000.0,19155550000.0,1687492000.0,8863601000.0,21401538878.293232,33888999878.293232,19.1264074379794,0.9924781846166841,0.41962581613387734,1.155194846198583,0.013634958923803276,19.1264074379794,0.021862408794997748,4.925519277716075,21.08276743468086,1.8436803207474357,0.0,1.7861477269225572,0.0,0.13596920340564517,0.6337857159177693,0.007941544375342835,38.48969193967486,0.30630890635558033,-0.0454545454545455,0.4737083724273954,0.5372875395816005,0.6787436979149073,0.05187277521007075,-0.06267428503891058,-0.028502469480943062,-0.03318145296891723,0.10073736659939228,0.27694747268484127,Medical Care Facilities,Healthcare,FMS
2019Q1,2019,Q1,2019-03-31,2019-03-31,270749000.0,4132557000.0,536550000.0,0.44,1265288000.0,0.3061755712020427,32353204000.0,12050593000.0,7500847000.0,7363434000.0,19126700000.0,1695658000.0,8991461000.0,22333388161.392,34607039161.392,19.648173861079293,1.0186615375380563,0.4089993374381097,1.098073679859572,0.013721703729731463,19.648173861079293,0.022467691009064865,5.404254112258342,20.62185655477213,1.8533020044235164,0.0,1.6909477028976363,0.0,0.12773254234727416,0.6669388222940547,0.00836853747159014,-178.25355703880595,0.3061755712020427,-0.3623188405797101,0.7818017995454435,0.5680319964339492,0.729006522178018,-0.08339297770797535,-0.3626045850263905,-0.12485871006571511,0.3398683386625011,0.10886726785099979,0.3344619668329152,Medical Care Facilities,Healthcare,FMS
2018Q4,2018,Q4,2018-12-31,2018-12-31,424774000.0,4299687000.0,613101000.0,0.69,1380404000.0,0.3210475553220502,26242268000.0,11758411000.0,7846886000.0,6268282000.0,13340310000.0,1466803000.0,8831930000.0,17364091182.501266,22764687182.501266,19.159332726219777,1.251839977844009,0.28756005387948935,0.6417727701472589,0.02838383118935584,19.159332726219777,0.03612511928695127,4.038454702051863,10.219605709448594,1.4767379012777548,0.0,1.9902352258619596,0.0,0.16384586118852226,0.9589219183182888,0.016186634478391883,33.631330163064355,0.3210475553220502,0.4838709677419353,0.7392803444316445,0.6119962824592186,0.7264786549697949,0.08920847187745098,0.49245644978813413,0.1639935297937052,0.37032911927775397,-0.005143699397953939,0.29297424418742773,Medical Care Facilities,Healthcare,FMS
2018Q3,2018,Q3,2018-09-30,2018-09-30,284614000.0,4057852000.0,526722000.0,0.465,1267346000.0,0.31231942416825453,25587086000.0,11216482000.0,7533649000.0,6051482000.0,13241242000.0,1453747000.0,8409476000.0,27981889410.984726,33597891410.984726,18.29794582312211,1.244926284173034,0.2880380360624105,0.6570735815383112,0.021840586599973996,18.29794582312211,0.025374622809540462,6.895739275603133,24.578806217354668,2.4947117474966505,0.0,1.9195265751193296,0.0,0.15858984489284947,0.8660648746868949,0.011123345581439011,57.457678461980954,0.31231942416825453,-0.7120743034055727,0.38313691437777286,0.4683118454325986,0.6804345119712103,-0.028290718607867853,-0.7136625347969427,-0.6240651088895217,0.21382956642710646,0.07287717797805282,0.3032306285541853,Medical Care Facilities,Healthcare,FMS
2018Q2,2018,Q2,2018-06-30,2018-06-30,993981000.0,4213705000.0,1401099000.0,1.615,1304244000.0,0.3095242785149886,25044928000.0,10895534000.0,7511571000.0,5495793000.0,13066633000.0,1393588000.0,8146684000.0,26680010688.72055,32286590688.72055,17.782496927402047,1.3667856485861094,0.2900404025916944,0.6666989428879759,0.061824494343345804,17.782496927402047,0.09122829592381612,6.331722483828496,6.71039252478683,2.4487107000648662,0.0,2.0877483158580583,0.0,0.16824584203236678,0.9725289871725518,0.03968791605230408,64.8795077347639,0.3095242785149886,2.5494505494505493,3.862454476649585,0.49796251874353054,0.5825493384009137,0.08438585274234275,2.568347364075317,1.8198162116906431,3.597407734589386,0.11758165223719794,0.26753267475955145,Medical Care Facilities,Healthcare,FMS
2018Q1,2018,Q1,2018-03-31,2018-03-31,278555000.0,3975629000.0,496876000.0,0.455,1202749000.0,0.30253049265914905,24157061000.0,9931989000.0,6843610000.0,5428455000.0,13246113000.0,1354503000.0,7476464000.0,25447155393.951984,32321646393.951984,16.20474710858664,1.2606920385266158,0.31961127224872266,0.7773738976150698,0.022260345430758277,16.20474710858664,0.028046245319039317,6.400787244974817,22.83853762627846,2.5621409159788624,0.0,2.0471567800145145,0.0,0.1645742004791063,0.8740159032358193,0.011530997086110766,-95.56037835607255,0.30253049265914905,-0.2890625,0.562915573302302,0.4521351960038994,0.38274017277943573,-0.19431400578500108,-0.29238261205328564,-0.043140668389571674,0.4265272447106406,0.07738593647045328,0.11598367628358217,Medical Care Facilities,Healthcare,FMS
2017Q4,2017,Q4,2017-12-31,2017-12-31,393652000.0,4428729000.0,519278000.0,0.64,1492826000.0,0.337077748491723,24025128000.0,9820102000.0,6374307000.0,5299893000.0,13196942000.0,1290779000.0,7137255000.0,26840608729.27565,33310185729.27565,15.998420193594448,1.2027237153655743,0.30999568451830933,0.7584122853306412,0.03209893711119731,15.998420193594448,0.04008634533531322,6.06056697740495,17.045898870878116,2.733231154755383,0.0,2.274520270317382,0.0,0.18433737376966317,0.8826706501433143,0.016385011559563803,124.32827074264377,0.337077748491723,0.26732673267326734,1.2312380686929676,0.6909962646205084,0.4268484864199968,0.048163569086453736,0.2728178067486646,-0.14673971090126048,0.29656008660634464,0.1088695936922957,0.2498595819167402,Medical Care Facilities,Healthcare,FMS
2017Q3,2017,Q3,2017-09-30,2017-09-30,309276000.0,4335702000.0,608581000.0,0.505,1424230000.0,0.3284889044496139,24250358000.0,9669717000.0,6634760000.0,5445726000.0,13577337000.0,1308945000.0,6761154000.0,25443288403.912117,32376364403.912117,15.770685872425332,1.2183426048244073,0.3159671292275355,0.7924033350717503,0.02492939179119192,15.770685872425332,0.03198397636662997,5.86832037900947,20.56681443428533,2.6312340272121837,0.0,2.224289026658874,0.0,0.17878919560692672,0.7416935776790826,0.012753461206634557,66.40832816693928,0.3284889044496139,0.16091954022988508,0.44734476995066913,0.6020008981625039,0.414117308785483,-0.04733970433504147,0.15107281761170144,0.04333954510621446,0.4307180244673696,0.32084327976748483,0.2769917925994822,Medical Care Facilities,Healthcare,FMS
2017Q2,2017,Q2,2017-06-30,2017-06-30,268685000.0,4471021000.0,583301000.0,0.435,1495003000.0,0.3343761972936383,24714913000.0,9658411000.0,6770921000.0,5310769000.0,14022160000.0,1294191000.0,6459562000.0,25895393595.2466,33219420595.2466,15.754745556271777,1.2749417268949186,0.325512333383492,0.832953681511379,0.02279274467938038,15.754745556271777,0.02781875817875218,5.791830008234495,24.094565751015686,2.681123592198199,0.0,2.2995199317565955,0.0,0.18090377255222384,0.7549450936389814,0.010871371467097619,53.5028793290219,0.3343761972936383,-0.13,0.16742225654967569,0.6396752393641831,0.47584760608718485,-0.060727755470543036,-0.1281414780562992,-0.1043761582977495,0.5446470878720692,0.5660316250718784,0.38280959979582246,Medical Care Facilities,Healthcare,FMS
2017Q1,2017,Q1,2017-03-31,2017-03-31,308175000.0,4548120000.0,651279000.0,0.5,1591661000.0,0.3499602033367633,25779672000.0,10202525000.0,7076639000.0,5376506000.0,14481619000.0,1345215000.0,6378960000.0,24144961381.007397,31744429381.007397,16.657655744634148,1.3162152148625892,0.3207970605677217,0.8105878691794434,0.023795713614656714,16.657655744634148,0.03020575788836587,5.308778436146671,19.58705393121392,2.36656723517045,0.0,2.197759465958973,0.0,0.17642272562661,0.8286115555343935,0.011954186228591271,-863.800850780173,0.3499602033367633,-0.17188791337285078,0.10209434905232316,0.8549072247146196,0.6182371475180292,-0.09700391632982643,-0.2660872084272217,-0.24063893791702445,1.0308711855842534,0.7280663918176655,0.46584591679129683,Medical Care Facilities,Healthcare,FMS
2016Q4,2016,Q4,2016-12-31,2016-12-31,419906838.44,5242896372.2,857667100.04,0.603783,1762644410.96,0.3361966908799243,25609869411.28,10277365226.48,6954400972.2,4789663479.48,14716038480.88,1340526560.56,8402641540.48,24441712827.34608,31881432994.78608,16.78313039751286,1.451960247728097,0.3182452460913445,0.7930261320441029,0.03221475131571076,16.78313039751286,0.04085744051968641,4.661872196625157,14.551866384309033,2.3782080609893215,0.039262109998610385,2.596182771482079,0.0006745201777166173,0.20472171442977913,1.0669529710080627,0.01639628971536457,43.163277028528476,0.3361966908799243,0.2428863441274128,0.5614158896311704,0.792046063555031,0.6696315919656324,0.3437072843503114,0.4139156107112097,0.436244585293219,0.7231538139841881,0.9699622465828229,0.5123551957123781,Medical Care Facilities,Healthcare,FMS
2016Q3,2016,Q3,2016-09-30,2016-09-30,296981542.08,4098688097.76,597159501.12,0.485791,1311777074.88,0.3200480357597612,23762307189.6,9440913422.88,6434191241.28,4683036081.6,13745466460.8,1253781627.84,7531055180.64,23873316035.285667,31224567859.445667,15.427719028752236,1.3739358674942563,0.332992216174325,0.8381247637864897,0.024495096567687055,15.427719028752236,0.031456865324097444,5.824623749324283,20.096632831186817,2.5287082897539155,0.007139825543194243,2.2228041638169937,8.881867926793133e-05,0.17248695865500235,0.8416471094310605,0.012498009545553695,137.8368630755061,0.3200480357597612,0.1257540119344186,0.43151981978036974,0.7017216930107738,0.6389030929875185,0.04333488151489778,0.12380632201119474,0.036112280872200204,0.4457073984341923,0.48562432601366823,0.4168405430597502,Medical Care Facilities,Healthcare,FMS
2016Q2,2016,Q2,2016-06-30,2016-06-30,264263989.5,3974063815.89,576346320.9,0.431525,1257292455.2999997,0.31637450064913625,23871188676.51,9151913708.91,6542245904.67,4422748019.76,14135777921.16,1244480663.79,7296159286.71,23895554447.782196,31413297224.242195,14.978225688301212,1.4792264617926423,0.34214838982220713,0.8924350718974112,0.02287306429476418,14.978225688301212,0.028875271107803534,6.012876379145597,22.60576109233963,2.6109899205581755,0.0,2.1830563058458594,0.0,0.16647951091771998,0.8883493211610106,0.011070416018287522,63.22175452483732,0.31637450064913625,0.3041540112123548,0.4527955615853372,0.783618669798112,0.6884089286857283,0.08141094478089385,0.31349024684962024,0.20895456619086347,0.29634227503107136,0.4166934550217116,0.3329838464312718,Medical Care Facilities,Healthcare,FMS
2016Q1,2016,Q1,2016-03-31,2016-03-31,201192197.76,3710613214.08,476731166.76,0.330885,1162640771.6399999,0.31332847283255905,23000330765.88,8991012809.88,6306305450.04,3924554631.48,13463677120.32,1222113600.36,7146230992.92,23620078441.674,31050279353.393997,14.723667177799301,1.606884358152459,0.34291074024988,0.8772160173382365,0.019265158171319956,14.723667177799301,0.02237703382414436,6.365545821926983,29.35014218325968,2.6270764975129928,0.0,2.084890014880319,0.0,0.16132868921974525,0.9793933755460292,0.008747361062235677,-380.3687011414604,0.31332847283255905,-0.3043124491456469,0.2741436205862946,0.7080476051173814,0.7034335425250173,-0.1942709086851372,-0.3473108412429339,-0.26490310312975346,0.13301860801661997,0.3603424048305747,0.25636061833937507,Medical Care Facilities,Healthcare,FMS
2015Q4,2015,Q4,2015-12-31,2015-12-31,308251171.42,4297819609.9,648528335.23,0.475623,1442967349.9099998,0.33574404718758644,23354458304.76,9043373301.72,6388510454.84,3828624987.7,13754186944.76,1226331309.66,7199271481.46,23497588642.81295,30903228457.45295,14.818031227111177,1.668617447612131,0.3386182364601528,0.8744796018910218,0.026203684847427237,14.818031227111177,0.034085861673029946,5.467327802378305,19.05717708595249,2.59832120812085,0.02214400966768595,2.327961650739804,0.0002904943576875407,0.1840256602750678,1.1891348102951733,0.013198814864276842,97.16346473884109,0.33574404718758644,0.24458464388701945,0.40299244704586623,0.6684027978639414,0.6090163131910238,0.17504207833312665,0.32221929823775775,0.189387341196862,0.7572644826498024,0.6504815431457946,0.32157332863361326,Medical Care Facilities,Healthcare,FMS
2015Q3,2015,Q3,2015-09-30,2015-09-30,233131653.6,3760528574.23,545262516.9,0.382154,1228013342.2600002,0.32655338684973195,22586382406.79,8557326104.49,6007509076.88,3497132109.21,13483435627.21,1173376888.05,6713619281.56,21264969501.24061,28793535529.47061,14.040451031619783,1.7178387573802845,0.3577732043981829,0.9443139493305077,0.02203454337086745,14.040451031619783,0.027243516345330888,5.654782055630249,22.803606002090106,2.4850016514017095,0.0032181189830500136,2.158313545938945,3.5280812415754015e-05,0.1664953911831182,1.0381793845300749,0.010321779265098916,68.68868084184955,0.32655338684973195,0.0851283740423768,0.26713555917867415,0.6561459423586945,0.5886343979971892,0.06172830863579712,0.0860308476792253,0.11811732594245032,0.09757240545143374,0.39784295734351593,0.2589715493404284,Medical Care Facilities,Healthcare,FMS
2015Q2,2015,Q2,2015-06-30,2015-06-30,214663933.44,3743509042.88,487661271.54,0.352174,1156617311.8600001,0.30896607931529874,22655244839.18,8534604079.42,5975564416.02,3223132134.82,13576846503.0,1076999217.86,6501269406.16,22845086315.279762,30590269414.25976,14.029221716730381,1.8539619742749744,0.36478195132580704,0.9683196013893622,0.02019861634843216,14.029221716730381,0.025152184148486974,6.102586117356969,26.605641140067338,2.6767599413741383,0.0,2.401943927276159,0.0,0.1652380748675897,1.1008202033759151,0.009475242265700876,160.31052209240792,0.30896607931529874,0.10543877105809156,0.03912894423998144,0.5270373608032104,0.5245855894984196,0.05782948169559929,0.10935765172404265,0.0469819854472675,-0.06008599950464777,0.38348515612460854,0.31420677102972744,Medical Care Facilities,Healthcare,FMS
2015Q1,2015,Q1,2015-03-31,2015-03-31,193502909.64,3656715389.61,465778092.0,0.318583,1093387291.5,0.2990080372693739,23184320611.92,8819317945.44,6094007297.31,3274490167.44,13821915938.31,1070722625.58,6754269905.04,23376298055.975452,31159150781.975452,14.52059510632919,1.8610553050077723,0.36050560757699207,0.9477011306505303,0.01782348859755462,14.52059510632919,0.0219408020934374,6.392703715032251,30.201481336205212,2.6505788997052875,0.0,2.394016934798095,0.0,0.15772363791975577,1.1155050975632317,0.008346283373104852,102.87409496393978,0.2990080372693739,-0.30198067527004224,0.21408340026203512,0.6805827999439803,0.687241687122596,-0.14962229055233078,-0.35518356558172387,-0.22387130825694587,-0.3021660860829143,0.503919666790986,0.4106286481937667,Medical Care Facilities,Healthcare,FMS
2014Q4,2014,Q4,2014-12-31,2014-12-31,300089916.0,3947573446.2,600129974.52,0.45641,1285766641.52,0.32571063187125765,20926677978.36,7765802878.68,5530132515.6,2859585026.76,12679746802.8,917386987.44,5842686880.8,18693767408.894817,26011028828.054817,12.800174055600582,1.9338933669917184,0.37457060432934974,1.009363557048252,0.028099984564223798,12.800174055600582,0.0386424843236567,4.735508449346206,15.573471826436531,2.4071905636719313,0.03631483185193067,2.9015092225232704,0.0005829597962588685,0.18863832330588415,1.3916753012618155,0.014340064692079603,69.20502372114225,0.32571063187125765,0.3014405639072016,0.6228682990655972,0.7312245264433045,0.6040777446223032,0.26661991951751984,0.40592929486580476,0.290859418378916,0.12630336911115253,0.361903851365586,0.273396230601694,Medical Care Facilities,Healthcare,FMS
2014Q3,2014,Q3,2014-09-30,2014-09-30,213445951.44,3241185476.96,464907305.92,0.350696,1015116391.04,0.31319293457778496,19112970094.08,7476897178.8,5090001454.96,3385966018.0,11429095524.48,934035568.32,5334876824.88,16595621029.754688,23279042224.79469,12.349872539370091,1.5032641875025456,0.3739042813431447,0.9558004044275168,0.021317084993675302,12.349872539370091,0.028547396912880493,5.120231824968003,19.43773226640439,2.219586632381401,0.08206506228778906,2.3832808529164597,0.0010554865809838828,0.169580419003738,0.9125075788873438,0.011167597206993599,42.53741144487494,0.31319293457778496,0.24273468534392653,0.3670817205918719,0.6191006601324373,0.0,0.14321968328791929,0.24636395827418842,0.14021372769191404,0.039942171972434055,0.36019417280265814,0.31194016854040757,Medical Care Facilities,Healthcare,FMS
2014Q2,2014,Q2,2014-06-30,2014-06-30,171254913.16,2810833169.96,407736983.54,0.282197,887945165.6400001,0.3159010556477232,17697990475.86,6876575010.64,4988046176.8,2702439354.58,10624620596.94,937794402.46,4763357021.64,14777981155.242811,21004435889.98281,11.393286218578487,1.845756933766685,0.3785112330757133,0.9741605650509055,0.018405034015575125,11.393286218578487,0.02490410020904598,5.257509166028915,21.573076185901954,2.149032204604343,0.0,2.050436640777473,0.0,0.1588221653635743,1.0910816911997843,0.009676517421206161,88.0475200908048,0.3159010556477232,0.14150897602886564,0.05920929520657087,0.3909700466621202,0.5131346395520898,0.12852650252676487,0.14635039235004213,0.26045816565078667,-0.04690119139949382,0.27711678333477546,0.2842993942563385,Medical Care Facilities,Healthcare,FMS
2014Q1,2014,Q1,2014-03-31,2014-03-31,149391420.2,2591087743.2,323483154.5,0.247214,786818177.1999998,0.3036632700937705,17030628446.7,6852199125.2,4723765839.1,2506543463.6,9992090314.8,877443921.2,4786411320.9,15223748762.005653,21024586008.60565,11.363851789482332,1.8845736799295454,0.3651236363802481,0.9074874904658441,0.017559096755904786,11.363851789482332,0.021801967145203126,5.87542772411261,25.476276920094595,2.221731809575996,0.0,2.05627906514238,0.0,0.15214281441869346,1.109746539046609,0.008771926454008651,-239.7337581348787,0.3036632700937705,-0.37876919735537296,-0.012117896600826098,0.32602429025653906,0.4732379388527533,-0.11031655939321719,-0.37703762172619665,-0.2843683954849411,-0.04187733081877928,0.20788229165815728,0.3147245232271312,Medical Care Facilities,Healthcare,FMS
2013Q4,2013,Q4,2013-12-31,2013-12-31,239808093.41,2619077231.1,452024690.44,0.3979422767634687,884379928.06,0.3376685183462744,16742973527.08,6687486557.52,4552713992.88,2573716167.14,9874111743.48,794500774.72,4618397843.06,15598066147.962042,21199238530.50204,11.097347002274391,1.7689262130016183,0.36407068437042955,0.9114972834667668,0.02466477135476588,11.097347002274391,0.03585922623505517,5.955557920455415,16.26098803230759,2.33242579462417,0.020857107818494623,2.183380253658464,0.00032066175464023753,0.15642844007749984,1.2200801750604184,0.014322909429566714,64.96436166884237,0.3376685183462744,0.19329462088948943,0.46485225694781723,0.25830524665464943,0.5205241101556756,0.020744883057790365,0.18545021576501924,0.09457381454683446,0.10537752609511036,0.029668029298954266,0.20500571810996573,Medical Care Facilities,Healthcare,FMS
2013Q3,2013,Q3,2013-09-30,2013-09-30,202292842.18,2716860441.24,412968668.2,0.333482,866406428.0299997,0.318899865034865,16699656736.4,6561822841.75,4479156767.25,2512254719.59,9957780563.17,780609789.85,4467558280.68,14432090603.242891,20232627796.46289,10.888818155524525,1.7829230182443436,0.3740661438539627,0.9519879383704941,0.021714713909071863,10.888818155524525,0.03082875704795006,5.312047090889937,17.835641696112546,2.1994026585749666,0.04035938341671679,2.370523707581964,0.0005657125224924417,0.16268959800341876,1.104804165854237,0.012113592834460198,47.756487116906705,0.318899865034865,0.020846598422882837,0.34607412273174853,0.3747903628823589,0.5249313784524049,-0.026916164773485414,0.0025095581324971338,-0.012801556900207098,0.11202773233346386,0.21012521317234262,0.232036708539194,Medical Care Facilities,Healthcare,FMS
2013Q2,2013,Q2,2013-06-30,2013-06-30,201786447.36,2776723529.6,418323864.96,0.326672,890371822.7199998,0.3206555543714005,17162460638.08,6796115033.6,4726983040.64,2617639646.08,10160155618.56,810991295.36,4423945952.0,16436529831.13848,22401144716.89848,11.236614553433363,1.8058188596428124,0.37377670635448296,0.9439110401346342,0.02135739523226682,11.236614553433363,0.029691440824995984,5.919397324193179,20.363768288430506,2.4185184844394567,0.0,2.325982680298247,0.0,0.16179052573842567,1.1181440162182463,0.011757431035983094,63.61272680699903,0.3206555543714005,0.14613309194761084,0.4569529821000345,0.5878310141044455,0.777587558810566,0.027667815529334568,0.14594315336139957,0.08593987707614333,-0.01751276676705611,0.1392734566855814,0.22110698432281087,Medical Care Facilities,Healthcare,FMS
2013Q1,2013,Q1,2013-03-31,2013-03-31,176087659.12,2704906630.48,385218255.44,0.285021,866400415.8399999,0.3203069585016517,17288420043.44,7096580435.76,4683625315.28,2578700804.88,9991826566.24,840668858.08,4520639260.8,15903834220.90109,21773078229.86109,11.719300145893353,1.8162732591608093,0.363647495447424,0.8859042331656053,0.019240071832069803,11.719300145893353,0.02481302941804,5.879624102987567,22.579427627666636,2.2410560078711894,0.0,2.186956489430281,0.0,0.15645771121267746,1.1231828958050765,0.010185295051690716,121.18548266667932,0.3203069585016517,-0.008371025725704662,0.4468125877150789,0.6446747698607008,0.8654967282393619,-0.03983726298770793,0.015872152921433215,0.0001284682284901602,0.10813602309005528,0.24687858177147273,0.36174114113508127,Medical Care Facilities,Healthcare,FMS
2012Q4,2012,Q4,2012-12-31,2012-12-31,173336436.69,2573118404.02,385168773.49,0.28742705930772866,902347469.28,0.3506824512506912,16881580127.72,6761786486.84,4633214579.84,2396956994.74,9919602551.32,783972757.26,4206906628.54,15596519004.721199,21351080130.8812,11.212416977597206,1.9329569074486335,0.3716959931645609,0.9279819325813145,0.02001104132980209,11.212416977597206,0.025634710150542726,6.06132970031797,22.494576591265798,2.3065678035051285,0.0355389047313639,2.1311594303090033,0.0003949719234231215,0.15242165629951143,1.294090424862405,0.010267785087568728,65.30725553077801,0.3506824512506912,-0.16122792577324155,0.31519497382411066,0.5053427878754283,0.7127789762396715,0.04163617297461787,-0.17526085060742005,-0.1287455088526408,-0.05696021777731433,0.13524924767243152,0.40510499771833514,Medical Care Facilities,Healthcare,FMS
2012Q3,2012,Q3,2012-09-30,2012-09-30,210171224.22,2661924293.78,442085266.02,0.342676,866278929.9100003,0.3254333460700575,17025045943.73,6725543037.46,4629075301.8,2610270499.34,9673375491.53,799147844.34,4132793426.69,17369542203.01862,23388019217.67862,11.152317968563734,1.7734082743418544,0.3818257022891646,0.9665539403677724,0.02229719694147737,11.152317968563734,0.031249703265503782,6.525182644602348,20.661180267995178,2.5826230099597254,0.014325470345304726,2.2469501439411212,0.00017333799617797404,0.15635342791896173,1.1076558935486007,0.012344825671228339,63.079759500881515,0.3254333460700575,-0.07696203077188306,0.6071028765623783,0.5165175324921415,0.7447300414530371,-0.026769351585085466,-0.08039216219890302,-0.049497673131293954,0.3513770175417984,0.33494196454944486,0.0,Medical Care Facilities,Healthcare,FMS
2012Q2,2012,Q2,2012-06-30,2012-06-30,228544402.93,2707721592.97,465106979.25,0.371248,890106503.8599999,0.32872896023393416,17175692014.9,6498592486.68,4789374792.16,4637046085.44,10483602544.59,816229671.94,3978428694.43,17270726781.02265,23674003241.402653,10.675049030327237,1.0328503758455845,0.4039622137367719,1.0676666652080924,0.02263132927547297,10.675049030327237,0.03516829273391764,6.378324428132594,18.892091164350713,2.6576103696949795,0.0,2.2268427032184763,0.0,0.1576484714922134,0.650151707794367,0.013306270439161145,69.2005531132555,0.32872896023393416,-0.18141848537900795,0.680067518183421,0.4793235005856566,0.6738376113483778,0.11022390001098728,-0.17711761952041097,0.23357985835756778,0.4014676729938099,0.32849666220810114,0.4177460441892098,Medical Care Facilities,Healthcare,FMS
2012Q1,2012,Q1,2012-03-31,2012-03-31,277736415.74,2435364210.65,377038402.58,0.453526,801736031.6700001,0.3292058034539385,16482855444.44,6262095674.66,4567193489.11,4411853661.25,9633222264.68,767618871.11,3762455189.29,16140906251.047306,22309141503.037308,10.293704955533139,1.0352096510417772,0.4006095055172852,1.0544694479565773,0.02173791122744723,10.293704955533139,0.04435199175635075,6.627717603987984,14.528979039390213,2.5775566343329106,0.0,2.1281761567660844,0.0,0.1477513540574972,0.6476649321411125,0.016850018291805508,60.35399444595367,0.3292058034539385,0.03270589999799494,1.2180834480092373,0.34328855132393216,0.5861823058841951,-0.23660413210153425,0.04275704391422719,-0.2534362381228736,0.820407935375864,0.23534912161374688,0.33450144834552104,Medical Care Facilities,Healthcare,FMS
2011Q4,2011,Q4,2011-12-31,2011-12-31,266348155.94,2897593418.32,505031749.24,0.439162785843366,1050223174.3500001,0.3624467006688987,15070570417.5,6096442445.6,4393991909.45,3288817517.05,8851092751.15,746471538.8,3586615756.75,15911188076.009317,21122320103.409317,10.05199618782628,1.336040046816376,0.3691934356737496,0.9126561465393127,0.029068575899503363,10.05199618782628,0.04368911185772484,5.491173459813588,14.934576907295744,2.609913604202552,0.03716372728418598,2.474803321958884,0.0006221088068794067,0.1922683307962454,0.7898018374184274,0.017673395801310585,64.2808468878682,0.3624467006688987,0.2966550016190841,1.4985276903350975,0.7630880083156605,0.604687849176861,0.23621320829599918,0.29540548868802996,0.2851410866598801,0.6165877203153239,0.38323109042706016,0.37729337972853266,Medical Care Facilities,Healthcare,FMS
2011Q3,2011,Q3,2011-09-30,2011-09-30,205609871.4,2387086761.48,392977669.52,0.338689,849548578.9200001,0.35589346505079594,13713027248.6,5709165187.04,4114111019.72,2718317045.08,7664292670.68,683513021.24,3194091609.44,15073153931.310713,19657553493.11071,9.413441889739438,1.5134772550414264,0.3555688950372206,0.8540523503275957,0.02414632594518553,9.413441889739438,0.03601399936136748,6.3144558356837095,18.32737143002599,2.640167771906002,0.062146573425657034,2.249464362464762,0.0008477289509700425,0.1740743833002814,0.8972296836288358,0.014993762330705736,63.922816490838166,0.35589346505079594,0.14027869895597322,0.8208908955003348,0.31694226854851787,0.5187578748507317,0.09623262861254779,0.14151186512344618,0.11651686426359373,0.3594148618722391,0.20020918500112228,0.31831138254604135,Medical Care Facilities,Healthcare,FMS
2011Q2,2011,Q2,2011-06-30,2011-06-30,180120660.75,2206291419.0,351967518.0,0.297023,774971075.25,0.3512550828853131,13160606935.5,5367404490.75,4021502982.75,2499336580.5,7689174113.25,674788839.75,2803680339.75,15607613636.80373,20211011327.05373,8.871207344277899,1.609028177367566,0.37336569841209355,0.9154739890515303,0.022517813653233593,8.871207344277899,0.033558242360979824,7.074139663688611,21.662719828774183,2.907851208848029,0.0,2.12113813897735,0.0,0.16764359195689163,0.9703907421563864,0.01368634908957995,119.8353036149661,0.3512550828853131,0.1489584743631897,0.7265436557040478,0.26470347471839567,0.4845179171799955,0.057087382921180915,0.15230252993452686,0.11652355091622098,0.3000519779726211,0.26118314606836485,0.403389582496533,Medical Care Facilities,Healthcare,FMS
2011Q1,2011,Q1,2011-03-31,2011-03-31,156313690.26,2150552164.88,315235193.84,0.258515,733119217.74,0.340898132913185,12107464599.86,5225016751.08,3649376226.44,2684109211.98,6778579395.0,573051041.22,2732523740.8,14451888008.415213,17802766641.335213,8.643523102154168,1.3596228537019723,0.3073481246571664,0.7121903558205502,0.023500772822276233,8.643523102154168,0.029916399833108724,6.720082518538499,23.113599302110185,2.7659027132167644,0.0,2.4734846378122772,0.0,0.17762200724542007,0.847055048614371,0.01291052217999526,350.8809161745753,0.340898132913185,-0.2819142678617,0.5660479429204044,0.43112974368484863,0.36010832172812146,-0.17884008139970287,-0.2791206787762152,-0.2672835481991829,0.28656264310263385,0.3098703015614857,0.37588967487791775,Medical Care Facilities,Healthcare,FMS
2010Q4,2010,Q4,2010-12-31,2010-12-31,216837528.36,2542332324.26,430228082.18,0.3600057603570533,892784951.0600002,0.3511676827378829,12853475605.9,5546960290.2,3874235428.6,2849492723.7,7196246925.0,608360034.3,2900890352.0,13061818351.432543,16619164021.232544,9.209372897981282,1.3596228537019726,0.3073481246571664,0.7121903558205502,0.028884679461261987,9.209372897981282,0.039091235021655756,5.137730510992288,15.059453096314272,2.3547704811424905,0.01938429233993875,2.711465711415488,0.00032179608741374156,0.19779337528699392,0.8470550486143711,0.016869952922341665,94.56700552126304,0.3511676827378829,0.19662875305651745,1.049893920772702,0.5694001506822072,0.5942118892460163,0.15383435933154976,0.19258215777942547,0.18868228451425048,0.6472971184748587,0.4891730526207403,0.40679929363401235,Medical Care Facilities,Healthcare,FMS
2010Q3,2010,Q3,2010-09-30,2010-09-30,181821878.64,2243976286.9,361936985.0,0.30085,773754866.8400002,0.34481419048724626,12251021376.82,5323314141.88,3922443003.4,2766273553.1,6770637957.04,622872088.12,2631875142.08,13643553503.382137,16967784563.122137,8.838063086963716,1.4179519588741862,0.30558586429891305,0.7032722203123349,0.025484526152526537,8.838063086963716,0.03415576721455464,6.080079180440174,18.759504639147178,2.5629810940602753,0.11086637345724437,2.360390597205173,0.0014774693627289252,0.1831664657075694,0.8695995511811339,0.014841364899095093,88.15272335408015,0.34481419048724626,-0.10588773742194897,0.8192084232515137,0.5163423786815355,0.6123234147732846,-0.06799704623601763,-0.10762006644313754,-0.050910861990246394,0.3920466182638043,0.2799918764785891,0.3826752626269184,Medical Care Facilities,Healthcare,FMS
2010Q2,2010,Q2,2010-06-30,2010-06-30,203749402.92,2417886595.32,381351941.04,0.336479,830206453.44,0.3433603772182395,13130522183.52,5521260932.88,4063878513.24,4141330188.24,7443658695.48,664763930.88,2740207844.64,13170208933.700235,16995733251.140236,9.20199024139138,0.981297874962992,0.32715010234028874,0.778020044395783,0.026199048994565204,9.20199024139138,0.03690269403980519,5.446991996726462,16.159812918410584,2.3853625274743884,0.0,2.3883367735945957,0.0,0.18414245538190915,0.5830118714649268,0.01551723534466314,81.85157300332811,0.3433603772182395,0.29061569854858993,1.0501375876332777,0.6862474765187104,0.7663364534878175,0.15580720440730206,0.2956361353236633,0.20890363404451434,0.5196564303894395,0.34025673287393665,0.44286338372250755,Medical Care Facilities,Healthcare,FMS
2010Q1,2010,Q1,2010-03-31,2010-03-31,157258197.24,2146869070.81,315452721.21,0.260712,718291467.8799999,0.3345762802428343,11823733571.03,5157414260.14,3567156048.04,2995800091.78,6515050774.14,613918225.97,2475005778.94,12457467160.55899,15748133448.61899,8.60611447497629,1.1907189861659027,0.29495543001703445,0.6762059908205494,0.02342078397392498,8.60611447497629,0.030491674569444255,5.8026208164892275,19.804161848471075,2.4154482328167344,0.0,2.326983533796909,0.0,0.18157285580843646,0.7206568100567855,0.013300214885195588,68.75784438207319,0.3345762802428343,-0.144611546682481,0.8294222416271584,0.6681713474876433,0.7354942716111361,-0.08016255765057811,-0.1351677765903238,-0.1276224192753121,0.27491558947673445,0.20208184361911513,0.32613733943127415,Medical Care Facilities,Healthcare,FMS
2009Q4,2009,Q4,2009-12-31,2009-12-31,181836653.38,2242281467.72,361601132.56,0.30478784111342694,780889573.3199997,0.34825671288895993,11042645017.4,4760737698.72,3299815288.0,1821476681.4,6136200491.12,573481625.84,2171723478.8,11037089877.310085,14255463004.750084,7.979771615505155,1.8116154445983563,0.3104886667132283,0.7201858924850738,0.02878635438184225,7.979771615505155,0.03819505817951064,4.922258885068892,15.174456953743139,2.3183570647627953,0.0192096386238496,2.5482802387250763,0.00031647983651749545,0.2030565561228144,1.095912772084308,0.016466766168203206,53.91967494502078,0.34825671288895993,0.1745105668296465,1.359898775446074,0.9386607451412544,0.38882268633181166,0.16861441069869795,0.18185208404381276,0.1732303213515967,0.734028668291942,0.3869699233955563,0.2738805617649754,Medical Care Facilities,Healthcare,FMS
2009Q3,2009,Q3,2009-09-30,2009-09-30,153857370.0,1972672060.1,308209842.5,0.259502,668218332.8999999,0.3387376677632501,,,,,,,,10124489582.958727,,,0.0,0.0,0.0,0.0,,0.0,5.132373387214441,16.451096205139095,0.0,0.04501395285776691,0.0,0.0006840570424070763,0.0,0.0,0.0,51.006323371317606,0.3387376677632501,-0.015997967549038466,0.4652987805044017,0.21702117124143513,0.0,0.006221003421702364,-0.023750761167309523,0.03539059785357928,0.3851558427477282,0.10635320193784925,0.0,Medical Care Facilities,Healthcare,FMS
2009Q2,2009,Q2,2009-06-30,2009-06-30,157600501.88,1969761440.44,297674948.12,0.263721,664087045.1200001,0.3371408493871512,10930228057.0,4429869686.68,3202877580.52,2000058729.76,6376792871.2,605791830.24,1881409136.36,9429118115.74605,13057854115.546051,7.529591829284318,1.6013917655829706,0.34696641522783556,0.8561023946061628,0.025273856928288315,7.529591829284318,0.03557678058880213,4.786934053110411,14.9573097852911,2.1285317137201782,0.0,2.1553185931918617,0.0,0.18021229110389092,0.9344223036011854,0.014418775258679855,96.26803562292,0.3371408493871512,0.06023607168989056,0.8759349752622073,0.5189836310936158,0.6080178911941296,0.021731490169003526,0.05543779445411058,-0.0023158121039683305,0.5535803062673897,0.16118534499040302,0.26001045244811855,Medical Care Facilities,Healthcare,FMS
2009Q1,2009,Q1,2009-03-31,2009-03-31,149322397.5,1929456787.5,298365907.5,0.248738,649962393.75,0.3368628921677781,11207324835.0,4592630407.5,3190911682.5,2263096687.5,6502836420.0,583676111.25,1997767642.5,8697080141.1,12350269713.6,7.713521006886127,1.4099758530533397,0.3396033265997505,0.8287287368115959,0.022777625791104053,7.713521006886127,0.032513480130286314,4.507527816867472,14.560910296628473,1.8937034704332454,0.0,2.192130822366255,0.0,0.1721603340588816,0.8393118952855169,0.013323643215343637,265.0681089109929,0.3368628921677781,-0.08437871026892872,0.9578431234927848,0.5797097960459584,0.6622616933511714,-0.07125526171787695,-0.06333996523112308,-0.0732443247447758,0.5188715636954544,0.3036233854568199,0.21376711640602222,Medical Care Facilities,Healthcare,FMS
2008Q4,2008,Q4,2008-12-31,2008-12-31,159420058.46,2026913661.87,321946674.26,0.27166034996090715,699828884.04,0.3452682258771439,10717400057.84,4282945651.88,3025645924.98,2258756916.08,6434454405.96,507902297.0,1761608168.88,9902365348.379602,13404555874.339603,7.298369639885693,1.3395181674666043,0.3416279281131842,0.8548703332046353,0.02611159760842864,7.298369639885693,0.03722205963319253,4.885440132286557,15.528731835938007,2.3120455297005593,0.014359690192777011,2.6128741406932443,0.00023117937679148574,0.18912363548352107,0.8184121546413129,0.01487488174367261,116.78179644098273,0.3452682258771439,0.11018622939667327,0.9038417088237484,0.6241148739700726,0.19014597282489049,0.08501402340101509,0.08932750839520628,0.07513848996272104,0.5468499708103017,0.28423620948148354,0.2634028159038268,Medical Care Facilities,Healthcare,FMS
2008Q3,2008,Q3,2008-09-30,2008-09-30,146347225.45,1924437466.55,299446701.3,0.244698,644995243.3299999,0.33516040637387057,10486066844.43,4190319638.91,2904311703.3,2237796498.9,6193308757.96,514419345.6,1587361154.67,10811347879.799627,14298233392.269629,7.140529934255254,1.2978444218353318,0.344698558451396,0.8625910280296003,0.02433912003077196,7.140529934255254,0.03492507447190075,5.617926312348031,18.4686587780466,2.5800771328776033,0.12731227970130266,2.4871580630928745,0.0017233557838622904,0.18352328810227111,0.7879013777824263,0.01395635061469562,94.15415634020069,0.33516040637387057,0.08472637808364913,0.3982730676889644,0.13914269452906522,0.15243479533836482,0.09864337622895028,0.09103721388182653,0.09833621604834507,0.5028965963960302,0.3347228739639256,0.3026432934011205,Medical Care Facilities,Healthcare,FMS
2008Q2,2008,Q2,2008-06-30,2008-06-30,134135869.6,1693662343.2,272636645.25,0.225585,587083358.7,0.3466354206061916,9475791002.1,3702782400.8,2666319604.75,1997644466.05,5684148544.2,486458580.3,1291034868.7,10207184194.989725,13422183737.689726,6.321272050841816,1.334731805415901,0.35201433911541213,0.900839948488285,0.02433243499019049,6.321272050841816,0.036225695998506266,6.026693712575734,19.023964703527977,2.7566254481452717,1.1601359824486501,2.2747650659539613,0.015245717710902607,0.17873572167480847,0.8107548854539075,0.014155638254397248,615.6672869688487,0.3466354206061916,0.1492493211540128,0.9163234317877663,0.4053650648854338,0.4375288442385564,0.08404611784025154,0.1397105624502268,0.1078170477895809,0.3824976035378907,0.2098875600337926,0.21337808049308749,Medical Care Facilities,Healthcare,FMS
2008Q1,2008,Q1,2008-03-31,2008-03-31,117692924.87,1590398519.56,246102590.49,0.196289,541566773.81,0.3405226848172809,9239833939.66,3678649008.52,2566719879.27,1827651013.42,5479489490.96,452300280.8,1312598437.67,9349575035.572977,12371861822.852978,6.28213385126326,1.4043818324303687,0.3421483782712149,0.8593900072086239,0.022557634587563453,6.28213385126326,0.03199351843500568,5.878762411172033,19.860104262639897,2.541578447391618,0.040516912085133396,2.318883693582708,0.0005100289448297653,0.17212414529806172,0.8618148861322233,0.012737558449489924,463.64896657263364,0.3405226848172809,-0.10183019358463305,0.8102731712647715,0.317969133716296,0.3632244067147253,-0.06298440851119776,-0.07805040328962527,-0.10882277458810567,0.4011826442502862,0.2646920607187096,0.26684432842055944,Medical Care Facilities,Healthcare,FMS
2007Q4,2007,Q4,2007-12-31,2007-12-31,127656571.78,1655647273.16,276154488.1,0.2185433072877361,577969863.8200002,0.3490899741687587,9718959655.55,3823874083.79,2647096060.64,2075780753.91,5822510923.58,436373813.58,1294318994.4,10551461496.79188,13338784364.80188,6.546330339839621,1.2752291183227582,0.30406015695542743,0.7728153002833791,0.02447322734723487,6.546330339839621,0.033384093979756335,6.373012940523955,20.663764798133528,2.7593642639858813,0.021996243756562516,2.4696197979864123,0.00026612096067011643,0.17035231463426695,0.7834748007016702,0.01313479799322985,146.9762870206638,0.3490899741687587,0.022496583562524135,0.388050967156532,0.1108907509574341,0.027774579503473524,-0.015725458432547593,0.007790240825299636,-0.006652353982367687,0.692128141877978,0.46203454132854466,0.13934239302360776,Medical Care Facilities,Healthcare,FMS
2007Q3,2007,Q3,2007-09-30,2007-09-30,126669783.66,1700167529.34,278003868.24,0.213735,587203914.5699999,0.34538003134194123,9643731848.94,3733727086.95,2634514681.89,2048661851.88,5834413402.86,437386997.04,1184095273.62,10871233507.557577,14114268826.647577,6.392002031028203,1.285968535740722,0.3535716938017916,0.9132297366665196,0.024105064698688023,6.392002031028203,0.03392582818994245,6.394213111326598,21.455853940545005,2.911630457821718,0.056515176888713735,2.5445740781091786,0.0006585053319867792,0.1762976777010733,0.7837283696899957,0.013134934239583094,66.14248015629985,0.34538003134194123,-0.03562678506165648,0.28994354357856433,-0.06086509000537348,-0.015201261893725162,-0.050809295614296125,-0.04040531521486991,-0.037702633264315215,0.23213711124784617,0.07130488004676368,0.0795146495774972,Medical Care Facilities,Healthcare,FMS
2007Q2,2007,Q2,2007-06-30,2007-06-30,132003423.6,1776160438.01,288896008.5,0.221631,618636393.99,0.34829983865822206,10010608322.44,3767448483.71,2680599610.51,2385206119.86,6168872821.38,434280773.11,1114765513.96,10024460590.184965,13114798295.634964,6.377589413663514,1.1238440100377314,0.3239845371034832,0.8608697152711092,0.025551449894161138,6.377589413663514,0.03503788417300651,5.643893634640524,18.985228406956573,2.660808935684069,0.0,2.665381743084463,0.0,0.17742782264575466,0.6936376492976251,0.01318635385065443,155.10487744241584,0.34829983865822206,0.09658059185299157,0.2556790171020134,0.0002056260589033272,0.0,0.053654908401512325,0.10023299289846817,0.05825680576662506,0.5648551001754435,0.36411317947542127,0.3619965215081208,Medical Care Facilities,Healthcare,FMS
2007Q1,2007,Q1,2007-03-31,2007-03-31,119977699.68,1737161483.76,272992346.4,0.202111,587133784.56,0.33798457428907414,9918747869.28,3782789572.32,2591790938.64,2266400889.36,6063512660.16,424363903.92,1136819358.0,10618215496.64023,13681211481.200232,6.489610253088189,1.1435712679109853,0.32451372550854546,0.850898460488754,0.024166713426307475,6.489610253088189,0.03171672581470536,6.112394038151035,22.125393979382697,2.806980217545655,0.0,2.710003580834246,0.0,0.1751391916252127,0.7073241863987652,0.012096052975758236,85.34708117176689,0.33798457428907414,0.1498695843536834,0.18787530810257755,-0.08050427644286923,0.0,0.05108894690889037,0.15873988070604284,0.14316434747445786,0.6068255508719212,0.4527728290594253,0.3985092565194527,Medical Care Facilities,Healthcare,FMS
