Quarters,Year,Quarter,FillingDate,Date,NetIncome,Revenue,OperatingIncome,EPSDiluted,GrossProfit,GrossProfitRatio,TotalAssets,CommonStockEquity,CurrentAssets,CurrentLiability,TotalLiability,Inventory,RetainedEarnings,MarketCap,EnterpriseValue,bookValuePerShare,currentRatio,debtToAssets,debtToEquity,roic,shareholdersEquityPerShare,roe,priceToSalesRatio,peRatio,pbRatio,payoutRatio,inventoryTurnover,dividendYield,assetTurnover,quickRatio,returnOnAssets,priceToFreeCashFlowsRatio,grossProfitMargin,epsdilutedGrowth,fiveYNetIncomeGrowthPerShare,fiveYRevenueGrowthPerShare,fiveYShareholdersEquityGrowthPerShare,grossProfitGrowth,netIncomeGrowth,operatingIncomeGrowth,threeYNetIncomeGrowthPerShare,threeYRevenueGrowthPerShare,threeYShareholdersEquityGrowthPerShare,Industry,Sector,Symbol
2023Q1,2023,Q1,2023-04-27,2023-03-31,98000000.0,1049400000.0,139500000.0,2.75,306600000.0,0.2921669525,2770400000.0,-125900000.0,1671600000.0,1526400000.0,2896300000.0,904100000.0,3130900000.0,8920440000.0,10770740000.0,-3.546478873239437,1.095125786163522,0.6824646260467803,-15.017474185861795,0.05497287365539933,-3.546478873239437,-0.778395552025417,8.500514579759862,22.75622448979592,-70.85337569499603,0.3836734693877551,0.8215905320207941,0.004215038720063136,0.37879006641640195,0.4520440251572327,0.03537395321975166,-78.1124343257443,0.292166952544311,0.03773584905660381,2.0227804823664943,0.4695296840940226,-0.4344919419048405,0.07503506311360449,0.038135593220338986,0.05842185128983308,7.217490992466426,0.5682863136264396,0.5721495798542433,Building Products & Equipment,Industrials,LII
2022Q4,2022,Q4,2023-02-21,2022-12-31,94400000.0,1093800000.0,131800000.0,2.65,285200000.0,0.2607423661,2567600000.0,-203100000.0,1496500000.0,1595700000.0,2770700000.0,753000000.0,3070600000.0,8468742000.0,10166042000.0,-5.737288135593221,0.9378329259885944,0.6815313911824271,-8.615952732644018,0.0587597975933453,-5.737288135593221,-0.464795667159035,7.7424958859023585,22.4278125,-41.69740029542097,0.0,1.0738379814077026,0.0,0.42600093472503503,0.4196277495769882,0.036765851378719426,86.32764525993883,0.2607423660632657,-0.33583959899749377,1.5802469135802466,0.44841219304964997,-5.786799282790351,-0.14661879114302812,-0.3347427766032417,-0.2906350914962325,-0.09707602339181287,0.34765488844201853,-0.30117110478201137,Building Products & Equipment,Industrials,LII
2022Q3,2022,Q3,2022-10-27,2022-09-30,141900000.0,1244900000.0,185800000.0,3.99,334200000.0,0.2684552976,2625800000.0,-305200000.0,1594100000.0,931700000.0,2931000000.0,743400000.0,3013900000.0,7882518000.0,9651218000.0,-8.621468926553673,1.7109584630245787,0.6890852311676442,-5.928571428571429,0.0868978566486055,-8.621468926553673,-0.4649410222804718,6.331848341232227,13.887452431289638,-25.827385321100913,0.529245947850599,1.2250470809792844,0.009527412433438147,0.47410313047452207,0.8120639690887624,0.054040673318607665,52.340756972111556,0.26845529761426623,-0.19556451612903222,0.6227544419880457,0.4002502454939971,-12.253568474224265,-0.15839838831528583,-0.1992099322799097,-0.18113706478624944,0.3489722636797543,0.31419627585761756,-0.2001035000539913,Building Products & Equipment,Industrials,LII
2022Q2,2022,Q2,2022-07-28,2022-06-30,177200000.0,1366300000.0,226900000.0,4.96,397100000.0,0.2906389519,2659000000.0,-401300000.0,1629100000.0,967700000.0,3060300000.0,692800000.0,2909500000.0,7354604000.0,9199704000.0,-11.27247191011236,1.6834762839723054,0.7154945468221136,-4.7408422626463995,0.10626489773993614,-11.27247191011236,-0.44156491402940445,5.382861743394569,10.376134311512414,-18.32694742088213,0.1873589164785553,1.3989607390300232,0.004514179145471326,0.5138397893945092,0.8735145189624883,0.06664159458443024,96.51711286089238,0.29063895191392813,1.165938864628821,0.8229388588939154,0.4730430363279908,-47.74760409781891,0.48061148396718867,1.1196172248803828,1.0277033065236818,0.7580970940795552,0.36532367135930416,-1.0264535709673253,Building Products & Equipment,Industrials,LII
2022Q1,2022,Q1,2022-04-25,2022-03-31,83600000.0,1013400000.0,111900000.0,2.29,268200000.0,0.2646536412,2456900000.0,-410200000.0,1437200000.0,859400000.0,2867100000.0,678900000.0,2769800000.0,9360318000.0,11153518000.0,-11.300275482093664,1.6723295322317897,0.7438235174406773,-4.455143832276938,0.05485506405046635,-11.300275482093664,-0.2038030229156509,9.236548253404381,27.99138157894737,-22.818912725499757,0.40311004784689,1.0976579761378702,0.0036003050323717635,0.4124710000407017,0.7481964161042588,0.03402661891000855,-75.66950687146321,0.26465364120781526,0.008810572687224677,1.2659700452803901,0.5060030374557039,-344.465564738292,0.057570977917981075,0.0011976047904191617,0.1476923076923077,0.31934059206786486,0.4024028954377612,-1.1905319171831956,Building Products & Equipment,Industrials,LII
2021Q4,2021,Q4,2022-02-15,2021-12-31,83500000.0,964800000.0,97500000.0,2.27,253600000.0,0.2628524046,2171900000.0,-269000000.0,1175400000.0,827100000.0,2440900000.0,510900000.0,2719300000.0,11871576000.0,13278176000.0,-7.3497267759562845,1.4211099020674647,0.6619089276670197,-5.3442379182156134,0.0640716692923623,-7.3497267759562845,-0.3104089219330855,12.304701492537314,35.54364071856287,-44.13225278810409,0.4035928143712575,1.3920532393814837,0.002838713242454077,0.4442193471154289,0.6586869785999274,0.03844560062617984,146.74383189122372,0.26285240464344944,-0.33431085043988273,1.4166160696215342,0.2604459776499566,-9.38572549703523,-0.14092140921409213,-0.3388756927949327,-0.4007375537799631,0.20710093387689033,0.25006073444955157,-0.9651675871540867,Building Products & Equipment,Industrials,LII
2021Q3,2021,Q3,2021-10-25,2021-09-30,126300000.0,1059900000.0,162700000.0,3.41,295200000.0,0.27851684121143505,2123500000.0,-334800000.0,1184900000.0,1100400000.0,2458300000.0,461000000.0,2669100000.0,10825456000.0,12244656000.0,-9.097826086956522,1.076790258087968,0.6868848599011067,-4.35663082437276,0.0988719966003716,-9.097826086956522,-0.3772401433691756,10.213657892253986,21.428060174188442,-32.33409796893668,0.27078384798099764,1.6587852494577007,0.003159220267488039,0.4991287967977396,0.5678844056706652,0.059477278078643746,54.45400402414487,0.27851684121143505,-0.24390243902439018,0.45786841092727976,0.23191132156693933,-17.513701132626963,-0.22964509394572025,-0.2570588235294118,-0.24675925925925926,0.28066878019323666,0.12667997138588535,-3.2239906832298137,Building Products & Equipment,Industrials,LII
2021Q2,2021,Q2,2021-07-26,2021-06-30,170000000.0,1239000000.0,216000000.0,4.51,383200000.0,0.30928167877320417,2204700000.0,-213300000.0,1260400000.0,1057800000.0,2418000000.0,433800000.0,2576600000.0,13119920000.0,14504820000.0,-5.7032085561497325,1.1915295897145017,0.6483421780741144,-6.701359587435537,0.12188869722990345,-5.7032085561497325,-0.7969995311767464,10.5891202582728,19.294,-61.50923581809658,0.1711764705882353,1.9727985246657447,0.002218001329276398,0.5619812219349571,0.6993760635280771,0.07710799655281898,76.63504672897196,0.30928167877320417,1.0499999999999998,0.7902603268456927,0.41718575542104935,-9.02128687252027,0.4939571150097466,1.0190023752969122,0.8930762489044698,0.3444767441860466,0.14711887817914296,-0.2881275706731082,Building Products & Equipment,Industrials,LII
2021Q1,2021,Q1,2021-04-26,2021-03-31,84200000.0,930500000.0,114100000.0,2.2,256500000.0,0.27565824825362706,2075000000.0,-160700000.0,1138200000.0,849100000.0,2235700000.0,502300000.0,2440900000.0,11840420000.0,13171220000.0,-4.228947368421053,1.3404781533388292,0.6584578313253012,-8.502177971375234,0.06279097430641974,-4.228947368421053,-0.5239576851275669,12.72479312197743,35.15564133016627,-73.68027380211574,0.3503562945368171,1.3418275930718695,0.0024914656743595244,0.448433734939759,0.6625839123778118,0.04057831325301205,-280.57867298578196,0.27565824825362706,-0.23875432525951554,2.915451278799408,0.5064612033439303,-1.5213236342889744,-0.06828913912095895,-0.24619516562220234,-0.17913669064748203,1.4262602416331065,0.2173022848208206,-0.7105391402482816,Building Products & Equipment,Industrials,LII
2020Q4,2020,Q4,2021-02-16,2020-12-31,111700000.0,914000000.0,139000000.0,2.89,275300000.0,0.3012035010940919,2032500000.0,-17100000.0,1087600000.0,701300000.0,2049600000.0,439400000.0,2385800000.0,10493051000.000002,11547551000.000002,-0.4464751958224543,1.5508341651219164,0.5797785977859778,-68.91228070175438,0.08480460460759832,-0.4464751958224543,-6.5321637426900585,11.480362144420134,23.484894807520146,-613.6287134502925,0.26410026857654434,1.4535730541647702,0.002811384410501769,0.44969249692496926,0.8231855126194211,0.05495694956949569,73.07138579387188,0.3012035010940919,-0.15497076023391806,10.588368492802513,0.284622846719921,-1.1980902795694486,-0.14846891432106402,-0.15186028853454822,-0.16816277678037103,1.8219345324436707,0.11867758683138466,-1.3725082472131456,Building Products & Equipment,Industrials,LII
2020Q3,2020,Q3,2020-10-19,2020-09-30,131700000.0,1055000000.0,167100000.0,3.42,323300000.0,0.30644549763033174,1981200000.0,-115700000.0,1064000000.0,711000000.0,2096900000.0,408700000.0,2303700000.0,10440963000.0,11598163000.0,-3.02088772845953,1.4964838255977497,0.6118514031899859,-10.477095937770095,0.10366356529554409,-3.02088772845953,-1.1382886776145202,9.89664739336493,19.819595671981777,-90.24168539325842,0.22399392558845863,1.7903107413750918,0.002825409878379992,0.5325055521905916,0.8464135021097047,0.06647486371895821,24.434736718932832,0.30644549763033174,0.3153846153846153,0.9270100049097867,0.2979645400735445,-2.4014427606255553,0.17265143271672106,0.317,0.2286764705882353,0.3920687175994249,0.09680175887258265,-4.943152517833467,Building Products & Equipment,Industrials,LII
2020Q2,2020,Q2,2020-07-20,2020-06-30,100000000.0,941300000.0,136000000.0,2.6,275700000.0,0.29289280781897375,2124300000.0,-228900000.0,1226900000.0,946200000.0,2353200000.0,499700000.0,2201500000.0,8900218000.0,10426118000.0,-5.992146596858639,1.2966603255125766,0.7393965070846867,-6.861948449104412,0.06867169932540958,-5.992146596858639,-0.436871996505024,9.455240624668013,22.250545000000002,-38.88256006989952,0.294,1.3319991995197118,0.0033032898744727373,0.44311067175069435,0.7110547452969774,0.04707433036765052,102.8926936416185,0.29289280781897375,6.878787878787879,0.4507518118278182,0.11724056075012851,-5.841052008234088,0.663850331925166,6.751937984496124,2.7362637362637363,-0.041272863262392046,-0.054233208282522045,-25.849784416384356,Building Products & Equipment,Industrials,LII
2020Q1,2020,Q1,2020-04-20,2020-03-31,12900000.0,723800000.0,36400000.0,0.33,165700000.0,0.22893064382426084,2128400000.0,-318300000.0,1225100000.0,894600000.0,2446700000.0,611800000.0,2130900000.0,6980736000.0,8409836000.0,-8.2890625,1.3694388553543484,0.689813944747228,-4.612629594721961,0.012535453983174943,-8.2890625,-0.04052780395852969,9.644564796905222,135.28558139534883,-21.931310084825636,2.302325581395349,0.9122262177182086,0.004254565707684691,0.3400676564555535,0.5985915492957746,0.006060890809998121,-56.52417813765182,0.22893064382426084,-0.8873720136518771,0.08031699640287777,0.22856290099154258,-21.05482700892857,-0.3315853166599435,-0.8868421052631579,-0.8100208768267223,-0.6694683908045977,0.016807936307873295,-252.40848214285714,Building Products & Equipment,Industrials,LII
2019Q4,2019,Q4,2020-02-18,2019-12-31,114000000.0,885000000.0,191600000.0,2.93,247900000.0,0.2801129943502825,2034900000.0,-170200000.0,1120900000.0,1002700000.0,2205100000.0,544100000.0,2148700000.0,9417242000.0,10577942000.0,-4.409326424870466,1.1178817193577342,0.5887267187576785,-7.038777908343126,0.12383666433276343,-4.409326424870466,-0.6698002350176263,10.640951412429379,20.65184649122807,-55.33044653349002,0.2596491228070175,1.1709244624149973,0.0031431707924676885,0.4349108064278343,0.5166051660516605,0.056022408963585436,38.75408230452675,0.2801129943502825,-0.0034013605442176145,2.0129649852459397,0.2834639294602423,-24.88385146804836,-0.16895742541066042,-0.006102877070619006,0.22193877551020408,2.128382268278641,0.09628631620770672,-6.030853819865505,Building Products & Equipment,Industrials,LII
2019Q3,2019,Q3,2019-10-21,2019-09-30,114700000.0,1032900000.0,156800000.0,2.94,298300000.0,0.2887985284151418,2214800000.0,-277300000.0,1317300000.0,1109900000.0,2492100000.0,585300000.0,2064400000.0,9378642000.0,10811542000.0,-7.183937823834197,1.1868636814127398,0.6677803864908796,-5.333573746844572,0.08895891523400946,-7.183937823834197,-0.4136314460872701,9.07991286668603,20.44167829119442,-33.82128380815002,0.26242371403661724,1.2550828634888092,0.003209419871235089,0.46636265125519233,0.6042886746553744,0.051787971825898504,44.23887735849057,0.2887985284151418,0.050000000000000044,1.1294298980642978,0.4386275082011083,-1.6927214950912193,-0.10177657332128877,0.036133694670280034,-0.2666043030869972,0.2622311889586868,0.14454624737085112,-14.039752688640222,Building Products & Equipment,Industrials,LII
2019Q2,2019,Q2,2019-07-22,2019-06-30,110700000.0,1099100000.0,213800000.0,2.8,332100000.0,0.3021563097079429,2340400000.0,-217500000.0,1443900000.0,1075000000.0,2557900000.0,630200000.0,1979400000.0,11069601000.0,12526201000.0,-5.562659846547315,1.3431627906976744,0.6379251410015382,-6.864367816091954,0.11526812304397839,-5.562659846547315,-0.5089655172413793,10.071513965972159,24.999098915989162,-50.89471724137931,0.22854561878952123,1.2170739447794352,0.0022855385663855454,0.4696205776790292,0.7041860465116279,0.047299606904802595,808.0000729927008,0.3021563097079429,0.6184971098265896,0.86958944311972,0.4278825355658983,-1.524860403154503,0.6473214285714286,0.5974025974025974,1.2576557550158396,0.11508951406649609,0.20250675521044534,-8.823611913208483,Building Products & Equipment,Industrials,LII
2019Q1,2019,Q1,2019-04-22,2019-03-31,69300000.0,790300000.0,94700000.0,1.73,201600000.0,0.2550930026572188,2105700000.0,-204800000.0,1220900000.0,917400000.0,2310500000.0,600100000.0,1898700000.0,10633645000.0,11924345000.0,-5.158690176322418,1.330826248092435,0.6280096879897421,-6.45703125,0.06012824934791181,-5.158690176322418,-0.33837890625,13.4552005567506,38.360912698412704,-51.922094726562506,0.36796536796536794,0.9810031661389769,0.002398048834618797,0.3753146222158902,0.5824068018312623,0.03291067103576008,-59.67253086419753,0.2550930026572188,-0.07486631016042787,3.298191207928813,0.402693772462291,-1.5150281553378127,-0.10240427426536064,-0.08333333333333333,-0.18502581755593803,2.0845801341385695,0.2246913371539343,-2.075641839541821,Building Products & Equipment,Industrials,LII
2018Q4,2018,Q4,2019-02-19,2018-12-31,75600000.0,843500000.0,116200000.0,1.87,224600000.0,0.26627148784825133,1817200000.0,-149600000.0,1089400000.0,1008500000.0,1966800000.0,509800000.0,1855000000.0,8754400000.0,9733700000.0,-3.74,1.0802181457610311,0.5643847677745982,-6.855614973262032,0.0925233684442355,-3.74,-0.5053475935828877,10.378660343805572,28.949735449735453,-58.518716577540104,0.33994708994708994,1.2140054923499413,0.0029356666362057933,0.46417565485362094,0.5146256817055033,0.04160246533127889,38.07916485428447,0.26627148784825133,-0.29433962264150937,1.6417045454545451,0.38407817502668073,-1.3794761806558054,-0.25604504802914874,-0.3,-0.19972451790633608,6.509823008849557,0.13515016185109688,-2.6593478260869565,Building Products & Equipment,Industrials,LII
2018Q3,2018,Q3,2018-10-22,2018-09-30,108000000.0,1030200000.0,145200000.0,2.65,301900000.0,0.29304989322461655,1910800000.0,-86800000.0,1187200000.0,690500000.0,1997600000.0,501500000.0,1805000000.0,8737443000.0,9805343000.0,-2.1538461538461537,1.7193338160753078,0.5830018840276324,-12.834101382488479,0.11274823830877642,-2.1538461538461537,-1.2442396313364055,8.481307513104252,20.2255625,-100.66178571428571,0.2388888888888889,1.4522432701894317,0.002952808962530571,0.5391459074733096,0.9080376538740044,0.05652082897215826,35.11834003215434,0.29304989322461655,-0.20895522388059706,1.0714007309100873,0.4637036740574721,-1.222595454036502,-0.1650995575221239,-0.21511627906976744,-0.2557662737057919,0.501812372338223,0.2045522455926105,-1.999206978588422,Building Products & Equipment,Industrials,LII
2018Q2,2018,Q2,2018-07-23,2018-06-30,137600000.0,1175400000.0,195100000.0,3.35,361600000.0,0.30763995235664454,2099400000.0,-180200000.0,1385800000.0,744100000.0,2279600000.0,540200000.0,1722800000.0,8146105000.0,9447405000.0,-4.427518427518428,1.8623840881601936,0.6386110317233495,-7.440066592674806,0.12550937787686198,-4.427518427518428,-0.7635960044395117,6.930496001361239,14.800336119186047,-45.20591009988901,0.15334302325581395,1.5064790818215477,0.0025901949459281462,0.559874249785653,1.0491869372396183,0.065542535962656,293.0253597122302,0.30763995235664454,2.7222222222222223,1.6394702351156474,0.5877300025805119,-1.4970067644486251,0.6200716845878136,2.6306068601583115,2.681132075471698,0.873615666719115,0.30940283081341,-4.5769897529323025,Building Products & Equipment,Industrials,LII
2018Q1,2018,Q1,2018-04-23,2018-03-31,37900000.0,834800000.0,53000000.0,0.9,223200000.0,0.2673694298035458,2086100000.0,-102600000.0,1346800000.0,712800000.0,2188700000.0,561500000.0,1609600000.0,8481355000.0,9701455000.0,-2.472289156626506,1.8894500561167227,0.6122429413738555,-12.448343079922028,0.03846021291261392,-2.472289156626506,-0.36939571150097467,10.159744849065644,55.94561345646438,-82.66427875243666,0.5620052770448549,1.0892252894033838,0.00251139116332237,0.40017257082594315,0.8215488215488216,0.01816787306457025,-79.86209981167609,0.2673694298035458,-0.11764705882352941,4.742078313253011,0.5137908906722042,-1.2751242136688345,-0.1405467847516365,-0.12268518518518519,-0.4889103182256509,1.9368640027736848,0.3111258683026067,-5.578055077452667,Building Products & Equipment,Industrials,LII
2017Q4,2017,Q4,2018-02-16,2017-12-31,43200000.0,891700000.0,103700000.0,1.02,259700000.0,0.29124144891779746,1891500000.0,50100000.0,1137300000.0,654500000.0,1841400000.0,484200000.0,1575900000.0,8705268000.0,9629168000.0,1.1985645933014355,1.7376623376623377,0.5245043616177637,19.802395209580837,0.04399851146148142,1.1985645933014355,0.8622754491017964,9.762552427946618,50.37770833333333,173.75784431137723,0.4930555555555556,1.305245766212309,0.002446794285942719,0.47142479513613533,0.8780748663101604,0.022839016653449642,54.992217308907136,0.29124144891779746,-0.5819672131147541,1.3629404088734234,0.5666908381134814,-0.8786477474978619,-0.17213898629263627,-0.5826086956521739,-0.3292367399741268,0.05434805930439644,0.1941810811701766,5.492224880382775,Building Products & Equipment,Industrials,LII
2017Q3,2017,Q3,2017-10-24,2017-09-30,103500000.0,1052300000.0,154600000.0,2.44,313700000.0,0.29810890430485604,2055700000.0,32100000.0,1270600000.0,1023700000.0,2023200000.0,530900000.0,1554400000.0,7498843000.0,8562243000.0,0.766109785202864,1.2411839406076,0.546821034197597,35.018691588785046,0.09460030336299889,0.766109785202864,3.2242990654205608,7.126145585859546,18.11314734299517,233.60881619937695,0.20772946859903382,1.391222452439254,0.002867108966009823,0.511893758816948,0.6435479144280551,0.05034781339689644,46.80925717852684,0.29810890430485604,-0.0929368029739777,3.251375968048317,0.5694660475623282,-0.9239003629146743,-0.079518779342723,-0.1038961038961039,-0.11858608893956671,0.7701642316381379,0.35021502028533363,-0.926126766569578,Building Products & Equipment,Industrials,LII
2017Q2,2017,Q2,2017-07-24,2017-06-30,115500000.0,1102100000.0,175400000.0,2.69,340800000.0,0.3092278377642682,2145800000.0,10200000.0,1366700000.0,989500000.0,2135200000.0,538800000.0,1472200000.0,7767971999.999999,8895572000.0,0.24113475177304963,1.3812026275896918,0.5540590921800727,116.55882352941177,0.10177268336787557,0.24113475177304963,11.323529411764707,7.048336811541602,16.813792207792208,761.5658823529411,0.15930735930735931,1.4129547141796586,0.002368700608086641,0.5136079783763632,0.7591712986356746,0.05382607885171032,190.39147058823528,0.3092278377642682,1.69,2.1153315245847018,0.42297392337266027,-0.9750297008316233,0.615931721194879,1.6551724137931034,1.8848684210526316,0.8030883213850419,0.32346562703859794,-0.9772479197863015,Building Products & Equipment,Industrials,LII
2017Q1,2017,Q1,2017-04-24,2017-03-31,43500000.0,793400000.0,60800000.0,1.0,210900000.0,0.2658179984875221,1950600000.0,-1400000.0,1186400000.0,1037500000.0,1951600000.0,522800000.0,1378100000.0,7160440000.000001,8214740000.000001,-0.03271028037383177,1.1435180722891567,0.5655183020609044,-787.9285714285714,0.04495605871620264,-0.03271028037383177,-31.071428571428573,9.02500630199143,41.151954022988505,-5114.600000000001,0.42528735632183906,1.1141928079571537,0.002583640111501528,0.4067466420588537,0.5418795180722892,0.022300830513688096,-54.04105660377359,0.2658179984875221,0.07526881720430102,9.480733874674431,0.37905992946260986,-1.0034846238405777,-0.21188340807174888,0.07407407407407407,-0.10719530102790015,1.5025830085004466,0.3062004252242371,-1.003265696288341,Building Products & Equipment,Industrials,LII
2016Q4,2016,Q4,2017-02-21,2016-12-31,40500000.0,897200000.0,68100000.0,0.93,267600000.0,0.2982612572447615,1760300000.0,37600000.0,1005900000.0,888600000.0,1722300000.0,418500000.0,1353000000.0,6570992999.999999,7388992999.999999,0.8764568764568764,1.1320054017555705,0.4932113844231097,23.090425531914892,0.05032753105716377,0.8764568764568764,1.077127659574468,7.323888765046811,40.56168518518518,174.76045212765956,0.4567901234567901,1.50442054958184,0.0028154040036262405,0.5096858490030108,0.5851901868107134,0.02300744191331023,29.50603053435114,0.2982612572447615,-0.6008583690987124,1.8943511578242118,0.416568526503703,-0.9040731251077553,-0.13760876571060265,-0.6017699115044248,-0.5659655831739961,0.31953273998728543,0.3726742840937076,-0.9110709871691518,Building Products & Equipment,Industrials,LII
2016Q3,2016,Q3,2016-10-17,2016-09-30,101700000.0,1010000000.0,156900000.0,2.33,310300000.0,0.3072277227722772,1926600000.0,23800000.0,1166500000.0,1188100000.0,1902400000.0,474000000.0,1331100000.0,6783696000.0,7791796000.0,0.5509259259259259,0.9818197121454423,0.548063946849372,44.365546218487395,0.09859142920324208,0.5509259259259259,4.273109243697479,6.7165306930693065,16.67575221238938,285.029243697479,0.18387413962635202,1.4761603375527426,0.0027566093763635633,0.524239593065504,0.5203265718373874,0.05278729367798194,52.1021198156682,0.3072277227722772,-0.07171314741035846,2.6357248520710055,0.3222282412423258,-0.9423334001737852,-0.014920634920634921,-0.08130081300813008,-0.023646546359676415,0.819628045619492,0.33867234169653515,-0.9430629683540892,Building Products & Equipment,Industrials,LII
2016Q2,2016,Q2,2016-07-18,2016-06-30,110700000.0,1019200000.0,160700000.0,2.51,315000000.0,0.3090659340659341,2024200000.0,31000000.0,1270200000.0,1122700000.0,1992800000.0,505700000.0,1247900000.0,6217360000.0,7237860000.0,0.7110091743119266,1.131379709628574,0.5311728090109673,34.68387096774194,0.10482970681091802,0.7110091743119266,3.5709677419354837,6.1002354788069075,14.041011743450767,200.56,0.14182475158084915,1.3925252125766265,0.002525187539405793,0.5035075585416461,0.621893649238443,0.054688271909890326,114.08,0.3090659340659341,3.4821428571428563,2.0016513761467896,0.3272262637932892,-0.9370620830725549,0.7156862745098039,3.4457831325301207,2.677345537757437,0.9822292293863343,0.28516325573030293,-0.9201863583397613,Building Products & Equipment,Industrials,LII
2016Q1,2016,Q1,2016-04-18,2016-03-31,24900000.0,715200000.0,43700000.0,0.56,183600000.0,0.25671140939597314,1861000000.0,-73800000.0,1121600000.0,803200000.0,1934300000.0,518100000.0,1155800000.0,5948360000.0,7007160000.0,-1.6772727272727272,1.3964143426294822,0.5907576571735627,-14.897018970189702,0.027993909993866778,-1.6772727272727272,-0.33739837398373984,8.317058165548099,59.72248995983936,-80.60108401084011,0.6465863453815262,1.0260567458019687,0.0027066283816043414,0.384309511015583,0.6354581673306773,0.01337990327780763,-43.35539358600583,0.25671140939597314,1.2400000000000002,5.212878787878788,0.2667107245763832,-1.1587249614791988,-0.19332161687170474,1.2035398230088497,1.1317073170731706,2.558153409090909,0.22322506936510528,-1.1866522526146421,Building Products & Equipment,Industrials,LII
2015Q4,2015,Q4,2016-02-16,2015-12-31,11300000.0,834100000.0,20500000.0,0.25,227600000.0,0.27286896055628823,1680200000.0,101200000.0,938200000.0,824000000.0,1578600000.0,418800000.0,1146700000.0,5608010000.0,6297410000.0,2.2538975501113585,1.1385922330097087,0.4334603023449589,7.196640316205533,0.018533101451482053,2.2538975501113585,0.11166007905138339,6.723426447668145,124.07101769911503,55.415118577075106,1.4336283185840708,1.4481852913085005,0.0028887252340848175,0.49642899654803,0.5603155339805825,0.006725389834543506,27.845134061569016,0.27286896055628823,-0.8579545454545454,-0.5130132745853199,0.30671717260286785,-0.7951349691606431,-0.16752011704462327,-0.8592777085927771,-0.8385826771653543,-0.42458999797529856,0.36430854438457855,-0.7717974098820424,Building Products & Equipment,Industrials,LII
2015Q3,2015,Q3,2015-10-19,2015-09-30,80300000.0,955000000.0,127000000.0,1.76,273400000.0,0.286282722513089,1881500000.0,97000000.0,1151900000.0,853400000.0,1784000000.0,488300000.0,1151500000.0,5099850000.0,5967750000.0,2.1555555555555554,1.3497773611436608,0.479936221100186,9.309278350515465,0.08225839756598838,2.1555555555555554,0.8278350515463917,5.340157068062827,15.877490660024906,52.57577319587629,0.20174346201743462,1.395863198853164,0.0031765640165887232,0.5075737443529099,0.6711975626904149,0.04267871379218709,35.122933884297524,0.286282722513089,-0.011235955056179785,1.2967251461988307,0.39544800239007033,-0.7916477023196391,-0.035285815102328866,-0.011083743842364532,-0.029793735676088617,2.0711866969009827,0.3262250765029571,-0.7858831741046112,Building Products & Equipment,Industrials,LII
2015Q2,2015,Q2,2015-07-20,2015-06-30,81200000.0,992500000.0,130900000.0,1.78,283400000.0,0.28554156171284634,2026300000.0,55700000.0,1286700000.0,898700000.0,1970000000.0,540700000.0,1087300000.0,4846050000.0,5838950000.0,1.2377777777777779,1.4317347279403583,0.5134481567388837,18.678635547576302,0.07711189897104145,1.2377777777777779,1.4578096947935368,4.882670025188917,14.920104679802956,87.00269299820467,0.16625615763546797,1.3114481228037729,0.0027857739808710186,0.4898090114987909,0.7308334260598642,0.040073039530178156,88.27049180327869,0.28554156171284634,4.741935483870968,1.058486312399356,0.3934882595013315,-0.8694956839732959,0.7386503067484662,4.841726618705036,3.848148148148148,1.0587621178225206,0.20457628328692812,-0.8718240270727581,Building Products & Equipment,Industrials,LII
2015Q1,2015,Q1,2015-04-20,2015-03-31,13900000.0,685800000.0,27000000.0,0.31,163000000.0,0.23767862350539515,1879500000.0,-16800000.0,1140300000.0,770500000.0,1895700000.0,533100000.0,1022500000.0,4992543000.0,6026143000.0,-0.37583892617449666,1.4799480856586633,0.5694599627560522,-63.708333333333336,0.01657774766299807,-0.37583892617449666,-0.8273809523809523,7.27988188976378,89.79393884892087,-297.17517857142855,0.9640287769784173,0.9806790470830988,0.002684002921957808,0.36488427773343973,0.6308890330953926,0.007395583931896781,-35.610149786019974,0.23767862350539515,-0.6770833333333333,11.883668903803132,0.3339043397529876,-1.036892164532466,-0.27684117125110913,-0.6883408071748879,-0.640479360852197,3.59474823046173,0.14136531372552866,-1.0400380940608662,Building Products & Equipment,Industrials,LII
2014Q4,2014,Q4,2015-02-17,2014-12-31,44600000.0,812800000.0,75100000.0,0.96,225400000.0,0.27731299212598426,1764300000.0,8400000.0,1014000000.0,827300000.0,1755300000.0,463300000.0,1022100000.0,4325685000.0,5198285000.0,0.18461538461538463,1.2256738788831139,0.5158419769880406,108.3452380952381,0.053634962315742184,0.18461538461538463,5.309523809523809,5.321954970472441,24.24711322869955,514.9625,0.32286995515695066,1.2678609971940427,0.0033289525242822813,0.4606926259706399,0.5546959990329989,0.025279147537266906,32.57292921686747,0.27731299212598426,-0.3043478260869565,7.576923076923077,0.3638298987992239,-0.9828946698569465,-0.08781869688385269,-0.33827893175074186,-0.2954971857410882,2.005224715404356,0.20997922569559033,-0.9797941263524848,Building Products & Equipment,Industrials,LII
2014Q3,2014,Q3,2014-10-20,2014-09-30,67400000.0,898400000.0,106600000.0,1.38,247100000.0,0.2750445235975067,1876500000.0,500900000.0,1136500000.0,824900000.0,1374800000.0,501500000.0,990900000.0,3712821000.0,4244021000.0,10.370600414078675,1.3777427566977816,0.30871302957633895,1.1565182671191854,0.06393616459783794,10.370600414078675,0.13455779596725895,4.132703695458593,13.771591246290802,7.412299860251547,0.2166172106824926,1.298703888334995,0.003932319926007744,0.478763655742073,0.6662625772820948,0.03591793232081002,47.478529411764704,0.2750445235975067,-0.07382550335570476,1.5118012422360247,0.3847940034557199,0.0020424296200693584,-0.059025133282559025,-0.08795669824086604,-0.10495382031905962,1.1550957403800213,0.051941077905560476,0.08551301707420665,Building Products & Equipment,Industrials,LII
2014Q2,2014,Q2,2014-07-21,2014-06-30,73900000.0,960700000.0,119100000.0,1.49,262600000.0,0.2733423545331529,1970100000.0,517200000.0,1222700000.0,847300000.0,1452100000.0,514900000.0,937900000.0,4371016000.0,4911316000.0,10.598360655737705,1.4430544081199104,0.29942642505456574,1.1405645784996132,0.06850418579892406,10.598360655737705,0.1428847641144625,4.549824086603518,14.786928281461433,8.451307037896363,0.15967523680649526,1.355797242182948,0.002699601191118953,0.487640221308563,0.7389354419922105,0.037510786254504845,157.79841155234658,0.2733423545331529,2.7249999999999996,1.6465196255882504,0.3796720274572019,0.15854218691371125,0.5621653777513385,2.71356783919598,2.5132743362831858,0.7902914389799637,0.11773798484875,-0.0618422847167289,Building Products & Equipment,Industrials,LII
2014Q1,2014,Q1,2014-04-21,2014-03-31,19900000.0,695400000.0,33900000.0,0.4,168100000.0,0.24173137762438884,1787700000.0,490800000.0,1057500000.0,720000000.0,1296100000.0,490300000.0,878600000.0,4454590000.0,4962790000.0,10.016326530612245,1.46875,0.3060916261117637,1.114914425427873,0.020896756806988197,10.016326530612245,0.04054604726976365,6.405795225769341,55.96218592964824,9.07618174409128,0.592964824120603,1.0754640016316541,0.0026489531023057115,0.3889914415170331,0.6683333333333333,0.011131621636739945,-31.304216444132116,0.24173137762438884,-0.4285714285714285,2.2385612808659374,0.33821214170669983,0.2798639455782313,-0.19104908565928777,-0.4346590909090909,-0.3825136612021858,4.0233560090702944,0.10596459578306464,-0.05212729159460387,Building Products & Equipment,Industrials,LII
2013Q4,2013,Q4,2014-02-13,2013-12-31,35200000.0,749600000.0,54900000.0,0.7,207800000.0,0.2772145144076841,1626700000.0,484900000.0,902400000.0,714000000.0,1141000000.0,378800000.0,870500000.0,4184952000.0,4531152000.0,9.855691056910569,1.2638655462184873,0.23618368476055818,0.7923283151165189,0.041423139836717464,9.855691056910569,0.07259228706949887,5.582913553895411,29.722670454545455,8.630546504433905,0.3380681818181818,1.4303062302006335,0.0028435212638042206,0.46081022929857995,0.6247899159663866,0.021638900842195857,38.74955555555555,0.2772145144076841,-0.4488188976377953,2.7973733583489677,0.14051347185562998,0.18629338495739944,-0.12468407750631845,-0.4525660964230171,-0.47109826589595377,0.3844031581110036,0.07170262253803641,-0.10418002263794053,Building Products & Equipment,Industrials,LII
2013Q3,2013,Q3,2013-10-21,2013-09-30,64300000.0,868000000.0,103800000.0,1.27,237400000.0,0.27350230414746546,1755700000.0,480900000.0,1037300000.0,795800000.0,1273500000.0,430000000.0,847100000.0,3740422000.0000005,4120822000.0000005,9.67605633802817,1.3034682080924855,0.23819559150196504,0.8696194635059263,0.07458003930989297,9.67605633802817,0.1337076315242254,4.309241935483872,14.542853810264388,7.777962154294032,0.18662519440124417,1.4665116279069768,0.0032081941556327065,0.4943897021131173,0.6622266901231465,0.0366235689468588,27.563905674281507,0.27350230414746546,0.007936507936507943,0.3031888965853408,-0.008415999074529248,-0.11599881795315078,-0.06535433070866142,0.0,0.013671875,0.6651776688841181,0.1483813661730836,-0.06472901367963428,Building Products & Equipment,Industrials,LII
2013Q2,2013,Q2,2013-07-22,2013-06-30,64300000.0,913100000.0,102400000.0,1.26,254000000.0,0.2781732559412989,1849600000.0,447200000.0,1129900000.0,779700000.0,1402400000.0,469200000.0,794700000.0,3281072000.0,3757072000.0,8.908366533864541,1.4491471078619982,0.281844723183391,1.1656976744186047,0.06756911798057791,8.908366533864541,0.143783542039356,3.5933326032198005,12.756889580093313,7.336923076923077,0.15707620528771385,1.4047314578005115,0.003078262226491829,0.4936743079584775,0.7536231884057971,0.034764273356401386,87.0310875331565,0.2781732559412989,6.875,0.40596208914342635,0.01927954747963967,-0.1611089155442574,0.5679012345679012,7.0375,2.6702508960573477,0.46120693210594466,0.14921143313456406,-0.060752016808388466,Building Products & Equipment,Industrials,LII
2013Q1,2013,Q1,2013-04-22,2013-03-31,8000000.0,668400000.0,27900000.0,0.16,162000000.0,0.24236983842010773,1714100000.0,452000000.0,1004100000.0,562400000.0,1262100000.0,464300000.0,742400000.0,3183487000.0,3649187000.0,8.986083499005964,1.7853840682788051,0.2920483052330669,1.1075221238938053,0.018655920531415685,8.986083499005964,0.017699115044247787,4.76284709754638,99.48396875,7.043112831858407,0.0,1.0906741331035967,0.0,0.3899422437430722,0.7857396870554765,0.0046671722769966745,-21.308480589022757,0.24236983842010773,-0.627906976744186,0.5222948026128942,0.04456094873854248,-0.19004359493264625,-0.03800475059382423,-0.6363636363636364,-0.2936708860759494,6.566600397614315,0.15532237409265867,-0.11793045408530411,Building Products & Equipment,Industrials,LII
2012Q4,2012,Q4,2013-02-15,2012-12-31,22000000.0,684900000.0,39500000.0,0.43,168400000.0,0.24587531026427215,1691900000.0,496800000.0,987100000.0,639600000.0,1195100000.0,374800000.0,744400000.0,2641756000.0,2960556000.0,9.876739562624255,1.5433083176985616,0.21904367870441516,0.7459742351046699,0.03328400485356628,9.876739562624255,0.04428341384863124,3.857141188494671,30.01995454545455,5.317544283413849,0.9136363636363637,1.378068303094984,0.0076085755081089996,0.4048111590519534,0.6647904940587868,0.013003132572847095,19.597596439169138,0.24587531026427215,-0.24561403508771926,-0.3220113764712496,-0.0739194429632447,-0.26336747603433197,-0.17813567593948268,-0.25170068027210885,-0.511742892459827,2.827037773359841,0.03955408652380185,-0.08488184065691876,Building Products & Equipment,Industrials,LII
2012Q3,2012,Q3,2012-10-22,2012-09-30,29400000.0,809700000.0,80900000.0,0.57,204900000.0,0.25305668766209705,1793500000.0,509400000.0,1111600000.0,638400000.0,1284100000.0,398400000.0,732600000.0,2390850000.0,2823050000.0,10.067193675889328,1.7412280701754386,0.26819068859771394,0.9442481350608559,0.053068015035847405,10.067193675889328,0.05771495877502945,2.9527602815857725,20.330357142857142,4.693462897526501,0.3129251700680272,1.5180722891566265,0.003848003848003848,0.4514636186228046,0.7817982456140351,0.016392528575411208,37.474137931034484,0.25305668766209705,-0.34482758620689663,-0.3677051848407348,0.03489184361367232,-0.22907313002848198,-0.17611580217129072,-0.3422818791946309,0.03984575835475578,0.04584980237154141,0.19134126308184374,-0.027273753914070126,Building Products & Equipment,Industrials,LII
2012Q2,2012,Q2,2012-07-24,2012-06-30,44700000.0,933800000.0,77800000.0,0.87,248700000.0,0.2663311201542086,1888200000.0,492500000.0,1112700000.0,678500000.0,1395700000.0,427300000.0,713200000.0,2378130000.0,2821230000.0,9.656862745098039,1.6399410464259396,0.2712636373265544,1.04,0.05001896739475497,9.656862745098039,0.09076142131979695,2.5467230670379095,13.300503355704699,4.828690355329949,0.203579418344519,1.6033231921366722,0.0038265359757456486,0.49454506937824383,0.8582166543846721,0.02367333968859231,173.58613138686133,0.2663311201542086,8.25,-0.011608623548922016,0.195111025788699,-0.26316576900059846,0.49729078868151716,8.327868852459016,18.94871794871795,0.5317498608276118,0.28319182448437935,0.05562390702137199,Building Products & Equipment,Industrials,LII
2012Q1,2012,Q1,2012-04-24,2012-03-31,-6100000.0,684200000.0,3900000.0,-0.12,166100000.0,0.2427652733118971,1790000000.0,477800000.0,998300000.0,596400000.0,1312200000.0,401900000.0,677700000.0,2051269999.9999998,2520070000.0,9.387033398821218,1.6738765928906774,0.29245810055865923,1.0956467141063206,0.002432877532687893,9.387033398821218,-0.012766848053578903,2.998056123940368,-84.06844262295081,4.293156132272917,-1.5081967213114753,1.289126648420005,0.004485026349529804,0.3822346368715084,0.7535211267605634,-0.0034078212290502793,-49.90924574209245,0.2427652733118971,-1.375,-1.94062685612464,0.1463523910110742,-0.23843178555236508,-0.12486828240252898,-1.3652694610778444,-0.8592057761732852,0.6345124770701951,0.26751073770860434,0.19945426762715568,Building Products & Equipment,Industrials,LII
2011Q4,2011,Q4,2012-02-16,2011-12-31,16700000.0,755900000.0,27700000.0,0.32,189800000.0,0.2510914142082286,1705700000.0,467800000.0,903200000.0,572900000.0,1237900000.0,336500000.0,692900000.0,1728000000.0,2148100000.0,9.13671875,1.5765404084482457,0.27267397549393213,0.9942283026934587,0.021355064943698227,9.13671875,0.03569901667379222,2.286016668871544,25.868263473053894,3.6938862761864044,0.5568862275449101,1.6823179791976226,0.005381944444444444,0.44316116550389867,0.7919357654040845,0.009790701764671396,27.736757624398074,0.2510914142082286,-0.5,-0.5150528290198239,0.15555177593054267,-0.2333061715253605,-0.17871051492860235,-0.5059171597633136,-0.4917431192660551,0.7312199519230769,0.10517315907241667,0.09975332533798514,Building Products & Equipment,Industrials,LII
2011Q3,2011,Q3,2011-10-25,2011-09-30,33800000.0,923000000.0,54500000.0,0.64,231100000.0,0.2503791982665222,1834300000.0,498700000.0,1028800000.0,672800000.0,1335600000.0,394300000.0,685400000.0,1345716000.0,1770216000.0,9.553639846743295,1.5291319857312724,0.2629886060077414,0.9673150190495288,0.036611843308227164,9.553639846743295,0.06777621816723481,1.4579804983748645,9.953520710059172,2.6984479647082416,0.28106508875739644,1.7547552624904894,0.007059438990098951,0.5031892274982283,0.7968192627824019,0.01842664776754075,10.218041002277904,0.2503791982665222,-0.22891566265060237,0.2640987558655131,0.22011364915900536,-0.19184765171779578,-0.06663974151857835,-0.24888888888888888,-0.2482758620689655,-0.3477726831787506,0.003915992038203979,-0.1271827465308042,Building Products & Equipment,Industrials,LII
2011Q2,2011,Q2,2011-07-26,2011-06-30,45000000.0,937000000.0,72500000.0,0.83,247600000.0,0.26424759871931697,2019000000.0,601000000.0,1165400000.0,678500000.0,1418000000.0,460100000.0,660900000.0,2291324000.0,2792724000.0,11.296992481203008,1.7176123802505527,0.28623080733036155,0.9615640599001664,0.04063744930594974,11.296992481203008,0.07487520798668885,2.4453831376734256,12.729577777777779,3.8125191347753744,0.21333333333333335,1.4983699195826994,0.004189717386105151,0.4640911342248638,0.8871039056742815,0.022288261515601784,-509.1831111111111,0.26424759871931697,7.1789053659698645,-0.0550105733082707,0.2568003091561239,-0.058254678318741926,0.49878934624697335,7.25,11.357142857142858,-0.07153136748120298,-0.013023884869217576,0.0638253643492108,Building Products & Equipment,Industrials,LII
2011Q1,2011,Q1,2011-04-26,2011-03-31,-7200000.0,687800000.0,-7000000.0,-0.134328,165200000.0,0.24018610061064263,1900400000.0,566400000.0,1047000000.0,676600000.0,1334000000.0,453200000.0,625400000.0,2818288000.0,3304688000.0,10.567164179104477,1.5474430978421518,0.2849926331298674,0.9562146892655368,-0.004096481902328167,10.567164179104477,-0.012711864406779662,4.097539982553068,-97.85722222222222,4.975790960451977,-1.125,1.1531332744924978,0.002874085260271484,0.3619238055146285,0.679574342299734,-0.003788676068196169,-18.00823003194888,0.24018610061064263,-1.2599271046931408,-1.4560767590618338,0.14437521585319174,-0.07734655159178391,-0.24909090909090909,-1.259927797833935,-1.1590909090909092,-2.2857142857142856,0.008701603441532991,-0.04753363228699556,Building Products & Equipment,Industrials,LII
2010Q4,2010,Q4,2011-02-18,2010-12-31,27700000.0,762000000.0,44000000.0,0.5167910447761194,220000000.0,0.2887139107611549,1692000000.0,589700000.0,946900000.0,615600000.0,1102300000.0,286200000.0,642200000.0,2534744000.0,2693744000.0,11.001865671641792,1.538174139051332,0.18853427895981087,0.5409530269628625,0.03416494473334194,11.001865671641792,0.046973037137527554,3.326435695538058,22.87675090252708,4.298361878921485,0.2888086642599278,1.8937805730258561,0.003156137266722004,0.450354609929078,0.884990253411306,0.016371158392434988,20.05335443037975,0.2887139107611549,-0.3200117831893166,-0.2760864146849251,0.1642896818457678,-0.012546547849874443,-0.054982817869415807,-0.3373205741626794,-0.33933933933933935,-0.19890745501285345,-0.03310399278141208,-0.17945269016697585,Building Products & Equipment,Industrials,LII
2010Q3,2010,Q3,2010-10-26,2010-09-30,41800000.0,818200000.0,66600000.0,0.76,232800000.0,0.28452701051087753,1697300000.0,556600000.0,982900000.0,627500000.0,1140700000.0,347700000.0,622600000.0,2242922000.0,2521622000.0,10.345724907063197,1.5663745019920319,0.21864137159017263,0.6667265540783327,0.04767067882722757,10.345724907063197,0.07509881422924901,2.741288193595698,13.414605263157895,4.029683794466403,0.19617224880382775,1.6836353178027035,0.0036559452357237568,0.4820597419430861,0.8312350597609561,0.02462734931950745,37.823305227655986,0.28452701051087753,-0.11627906976744183,0.009716120310915838,0.03136865098848688,0.02657532206069587,-0.12051378919531545,-0.13457556935817805,-0.1601513240857503,-0.1544937677673301,-0.01644524760645763,-0.20774372909002084,Building Products & Equipment,Industrials,LII
2010Q2,2010,Q2,2010-07-27,2010-06-30,48300000.0,872100000.0,79300000.0,0.86,264700000.0,0.3035202385047586,1667200000.0,522600000.0,969500000.0,643800000.0,1144600000.0,338400000.0,588800000.0,2290507000.0,2584807000.0,9.484573502722323,1.5059024541783161,0.21365163147792707,0.681592039800995,0.05774673623152346,9.484573502722323,0.09242250287026406,2.6264270152505444,11.85562629399586,4.382906620742442,0.17184265010351968,1.794917257683215,0.0036236518814393498,0.5230926103646834,0.8075489282385834,0.028970729366602686,432.1711320754717,0.3035202385047586,29.666666666666668,0.21313520871143385,0.13080242547543933,0.17303721757188115,0.5186460126219162,31.1875,157.6,-0.011476194345874909,0.033092591734464896,-0.2763117165786378,Building Products & Equipment,Industrials,LII
2010Q1,2010,Q1,2010-04-30,2010-03-31,-1600000.0,644100000.0,500000.0,-0.03,174300000.0,0.2706101537028412,1590800000.0,570500000.0,883100000.0,576700000.0,1020300000.0,326400000.0,548700000.0,2481920000.0,2710220000.0,10.1875,1.5312987688572914,0.1831154136283631,0.5106047326906222,0.00037711766071014155,10.1875,-0.0028045574057843996,3.8533147026859185,-387.8,4.350429447852761,-4.9375,1.4393382352941178,0.003183019597730789,0.40489062107115914,0.715276573608462,-0.0010057832537088258,-48.665098039215685,0.2706101537028412,-1.2625000000000002,-1.2857142857142858,0.05114134758572869,0.3671629272384148,-0.15017064846416384,-1.25,-0.9725274725274725,-1.2242524916943522,-0.019114926450681323,-0.1734900841346154,Building Products & Equipment,Industrials,LII
2009Q4,2009,Q4,2010-02-18,2009-12-31,6400000.0,733500000.0,18200000.0,0.11428571428571428,205100000.0,0.2796182685753238,1543900000.0,604400000.0,833900000.0,593800000.0,939500000.0,250200000.0,558600000.0,2186240000.0,2293440000.0,10.792857142857143,1.4043448972718087,0.1499449446207656,0.3830244870946393,0.013305685156385003,10.792857142857143,0.010589013898080741,2.9805589638718475,85.4,3.617207147584381,1.234375,2.1119104716227017,0.0036135099531615926,0.4750955372757303,0.8105422701246211,0.0041453462011788325,-172.14488188976378,0.2796182685753238,-0.7883597883597884,-0.05009276437847872,0.13067940961116045,0.4606531130109054,-0.08068130883012102,-0.7935483870967742,-0.6845753899480069,-0.830081812460667,0.025196503114232768,-0.09433384243801948,Building Products & Equipment,Industrials,LII
2009Q3,2009,Q3,2009-10-26,2009-09-30,31000000.0,749500000.0,57700000.0,0.54,223100000.0,0.29766511007338226,1562600000.0,577500000.0,825200000.0,636300000.0,985100000.0,274600000.0,560100000.0,2015495999.9999998,2114695999.9999998,10.349462365591398,1.2968725443972968,0.12869576347113784,0.3482251082251082,0.045079755295304634,10.349462365591398,0.05367965367965368,2.6891207471647762,16.253999999999998,3.490036363636363,0.24838709677419354,1.9169701383831026,0.003820399544330527,0.47964930244464354,0.7688197391167688,0.019838730321259438,17.037159763313607,0.29766511007338226,-0.03571428571428574,0.7921146867612294,0.055291768751500416,0.41584663077990347,-0.025338575797291395,-0.022082018927444796,-0.030252100840336135,0.08458177278402014,-0.07315624991103475,-0.12452819570520669,Building Products & Equipment,Industrials,LII
2009Q2,2009,Q2,2009-07-30,2009-06-30,31700000.0,790500000.0,59500000.0,0.56,228900000.0,0.28956356736242883,1600000000.0,506800000.0,873800000.0,619000000.0,1093200000.0,268500000.0,536900000.0,1778894000.0,2033194000.0,9.148014440433213,1.411631663974152,0.1998125,0.6308208366219415,0.04494700018411848,9.148014440433213,0.06254932912391475,2.2503402909550916,14.029132492113563,3.510051302288871,0.24605678233438485,2.0916201117318436,0.004384746927023195,0.4940625,0.8567043618739903,0.0198125,32.52091407678245,0.28956356736242883,2.6969696969696972,0.0038634546422291536,0.21218871884858428,0.4956195480851762,0.6503244412400865,2.751381215469613,3.1875,-0.36074289259927794,0.018193756890551097,-0.23739881952783634,Building Products & Equipment,Industrials,LII
2009Q1,2009,Q1,2009-04-30,2009-03-31,-18100000.0,585400000.0,-27200000.0,-0.33,138700000.0,0.23693201229928254,1598600000.0,432000000.0,888700000.0,558800000.0,1166600000.0,321100000.0,512900000.0,1460592000.0,1763792000.0,7.826086956521739,1.5903722261989979,0.2534092330789441,0.9377314814814814,-0.020462802251470413,7.826086956521739,-0.04189814814814815,2.495032456440041,-20.1739226519337,3.3810000000000002,-0.425414364640884,1.3911554033011524,0.005271834981979909,0.3661954209933692,0.8387616320687187,-0.01132240710621794,228.2175,0.23693201229928254,-2.7515384615384617,0.9000309290650788,-0.21067704205954257,-0.03234689495382415,-0.3143845773603559,-2.7403846153846154,-1.96113074204947,-2.113293650793651,-0.05423181154888483,-0.3166789125642909,Building Products & Equipment,Industrials,LII
2008Q4,2008,Q4,2009-02-26,2008-12-31,10400000.0,737400000.0,28300000.0,0.18840579710144928,202300000.0,0.27434228369948466,1659500000.0,458600000.0,935000000.0,576000000.0,1200900000.0,298300000.0,538800000.0,1782408000.0,2080708000.0,8.307971014492754,1.6232638888888888,0.25332931605905396,0.9167030091583079,0.016355403868031856,8.307971014492754,0.0226777147841256,2.417152156224573,42.84634615384615,3.8866288704753598,0.0,1.7938317130405632,0.0,0.44435070804459176,0.9116319444444444,0.006266947875866225,90.93918367346939,0.27434228369948466,-0.803743961352657,-0.6104120332302468,-0.1503262320519278,-0.29718245640018065,-0.2805832147937411,-0.8105646630236795,-0.6893523600439078,-0.7360838244924688,0.09404433723868597,-0.25433241020476666,Building Products & Equipment,Industrials,LII
2008Q3,2008,Q3,2008-10-30,2008-09-30,54900000.0,974000000.0,91100000.0,0.96,281200000.0,0.2887063655030801,1873800000.0,605300000.0,1126600000.0,724500000.0,1268500000.0,353100000.0,536100000.0,1839831000.0000002,2134231000.0000002,10.945750452079565,1.5550034506556245,0.21427046643184972,0.6633074508508178,0.05696800745754557,10.945750452079565,0.09069882702792004,1.8889435318275156,8.378101092896177,3.0395357673880725,0.14207650273224043,1.9620504106485415,0.00423951982546223,0.5197993382431423,0.957487922705314,0.029298751200768493,18.325009960159363,0.2887063655030801,0.09090909090909087,1.1122696241700991,0.23709204449872345,0.14991195975283095,-0.021232161503654718,0.072265625,0.035227272727272725,0.2901865108424372,0.1944570902160722,0.08611406126487568,Building Products & Equipment,Industrials,LII
2008Q2,2008,Q2,2008-08-01,2008-06-30,51200000.0,1002900000.0,88000000.0,0.88,287300000.0,0.28646923920630174,1934900000.0,596800000.0,1188900000.0,731000000.0,1338100000.0,367800000.0,488900000.0,1627552000.0,2002352000.0,10.619217081850534,1.6264021887824898,0.24295829241821282,0.787701072386059,0.05021493700452788,10.619217081850534,0.08579088471849866,1.6228457473327351,7.94703125,2.727131367292225,0.310546875,1.9456226209896683,0.009769273116926524,0.5183213602770169,1.0053351573187415,0.026461315830275466,37.414988505747125,0.28646923920630174,7.8,0.7519846563026784,0.27350779816868453,0.1660701783637381,0.4166666666666667,7.126984126984127,5.929133858267717,0.26080325368581597,0.2749506052446609,0.31336816093104547,Building Products & Equipment,Industrials,LII
2008Q1,2008,Q1,2008-05-01,2008-03-31,6300000.0,767100000.0,12700000.0,0.1,202800000.0,0.2643723113023074,1880400000.0,669000000.0,1136300000.0,691500000.0,1211400000.0,379500000.0,445400000.0,2168991000.0,2450291000.0,11.09452736318408,1.643239334779465,0.2135715805147841,0.6002989536621823,0.0074733794134130395,11.09452736318408,0.009417040358744395,2.8275205318732892,86.07107142857143,3.2421390134529147,1.380952380952381,1.4869565217391305,0.0040110816504079555,0.40794511805998723,0.9339117859725234,0.0033503509891512446,-51.15544811320755,0.2643723113023074,-0.844987146529563,1.6119402985074625,0.21771788581400564,0.4566016590468797,-0.23558235959291368,-0.8380462724935732,-0.7126696832579186,0.04477611940298498,0.1626005343836296,0.48888603741619024,Building Products & Equipment,Industrials,LII
2007Q4,2007,Q4,2008-02-28,2007-12-31,38900000.0,886600000.0,44200000.0,0.6451077943615257,265300000.0,0.29923302503947663,1814600000.0,808500000.0,1070700000.0,684200000.0,1006100000.0,325700000.0,447400000.0,2497626000.0,2560026000.0,13.407960199004975,1.5648933060508623,0.11457070428744627,0.2571428571428571,0.028769339298096257,13.407960199004975,0.04811379097093383,2.817083239341304,16.051580976863754,3.089209647495362,0.0,1.907583665950261,0.0,0.48859252727873914,0.9729611224788074,0.02143723134575113,24.085110896817742,0.29923302503947663,-0.26692296095281176,6.98362610610563,0.29838547502853874,0.841821921819857,-0.09638964577656675,-0.36437908496732024,-0.5530839231547017,4.36193491417372,0.26922263066467855,0.8145685192140377,Building Products & Equipment,Industrials,LII
2007Q3,2007,Q3,2007-10-31,2007-09-30,61200000.0,1029800000.0,98900000.0,0.88,293600000.0,0.28510390367061567,1934800000.0,869700000.0,1179300000.0,786300000.0,1065100000.0,358700000.0,417600000.0,2336994000.0,2403994000.0,13.058558558558559,1.4998092331171309,0.08295431052305148,0.18454639530872716,0.06069470583421979,13.058558558558559,0.07036909279061745,2.269366867352884,9.54654411764706,2.6871265953777166,0.14052287581699346,2.052411485921383,0.003679940984016219,0.5322513954930742,0.953071346814193,0.031631176348976636,24.26785046728972,0.28510390367061567,0.03529411764705886,0.9144144255213226,0.0849232583368132,0.5968495948704201,0.015565548253199585,0.014925373134328358,0.08681318681318681,1.9642545629672226,0.21482513990477062,0.7864615073577979,Building Products & Equipment,Industrials,LII
2007Q2,2007,Q2,2007-08-01,2007-06-30,60300000.0,1041800000.0,91000000.0,0.85,289100000.0,0.27750047993856786,1960800000.0,891200000.0,1231700000.0,727000000.0,1069600000.0,377900000.0,365000000.0,2327640000.0,2385640000.0,13.105882352941176,1.694222833562586,0.09083027335781314,0.19984290843806105,0.057724127418702795,13.105882352941176,0.06766157989228007,2.234248416202726,9.650248756218906,2.611804308797127,0.2935323383084577,1.991796771632707,0.00760426870134557,0.5313137494900041,1.0745529573590096,0.030752753977968176,42.5528336380256,0.27750047993856786,6.083333333333333,0.9705882468288181,0.05038289599836714,0.654385511130189,0.41300097751710657,6.011627906976744,5.232876712328767,0.5557275625565612,0.30152815947136236,1.14269598824935,Building Products & Equipment,Industrials,LII
2007Q1,2007,Q1,2007-04-27,2007-03-31,8600000.0,791500000.0,14600000.0,0.12,204600000.0,0.25849652558433356,1781700000.0,832000000.0,1075400000.0,640100000.0,949700000.0,398100000.0,313500000.0,2409750000.0,2460650000.0,12.325925925925926,1.6800499921887204,0.08110231801088848,0.1736778846153846,0.009385523301228505,12.325925925925926,0.010336538461538461,3.0445356917245734,70.05087209302326,2.896334134615385,1.0116279069767442,1.474252700326551,0.0036103330220977276,0.44423864848178707,0.9309482893297922,0.0048268507605096255,-28.35,0.25849652558433356,-0.8215859030837005,1.0290884490136558,-0.014934161607173289,0.7127707754937009,-0.256,-0.8105726872246696,-0.6456310679611651,1.038843722000594,-0.12725324904060684,0.52403372989001,Building Products & Equipment,Industrials,LII
