Quarters,Year,Quarter,FillingDate,Date,NetIncome,Revenue,OperatingIncome,EPSDiluted,GrossProfit,GrossProfitRatio,TotalAssets,CommonStockEquity,CurrentAssets,CurrentLiability,TotalLiability,Inventory,RetainedEarnings,MarketCap,EnterpriseValue,bookValuePerShare,currentRatio,debtToAssets,debtToEquity,roic,shareholdersEquityPerShare,roe,priceToSalesRatio,peRatio,pbRatio,payoutRatio,inventoryTurnover,dividendYield,assetTurnover,quickRatio,returnOnAssets,priceToFreeCashFlowsRatio,grossProfitMargin,epsdilutedGrowth,fiveYNetIncomeGrowthPerShare,fiveYRevenueGrowthPerShare,fiveYShareholdersEquityGrowthPerShare,grossProfitGrowth,netIncomeGrowth,operatingIncomeGrowth,threeYNetIncomeGrowthPerShare,threeYRevenueGrowthPerShare,threeYShareholdersEquityGrowthPerShare,Industry,Sector,Symbol
2023Q1,2023,Q1,2023-05-11,2023-03-31,-26152000.0,2201000.0,-21029000.0,-0.21,1691000.0,0.7682871422,181907000.0,129466000.0,130265000.0,22989000.0,52441000.0,1223000.0,-302006000.0,90264405.2,101507405.2,1.037570725608681,5.666405672278046,0.20537967203021323,0.28856997203899093,-0.13330189354938737,1.037570725608681,-0.20199898042729364,41.01063389368469,-0.8628824296420925,0.6972054840653145,0.0,0.4170073589533933,0.0,0.01209958935060223,5.536821958327896,-0.14376577042114927,-4.435161419025158,0.7682871422080872,-0.049999999999999906,-2.0216995237303803,-0.1493487780569478,0.0,-0.6779047619047619,-0.08151027666349614,0.01498899245866317,-2.0216995237303803,-0.1493487780569478,0.0,Computer Hardware,Technology,RGTI
2022Q4,2022,Q4,2023-03-27,2022-12-31,-24181000.0,6060000.0,-21349000.0,-0.2,5250000.0,0.8663366337,203442000.0,150224000.0,154467000.0,21752000.0,53218000.0,2971000.0,-278652000.0,88881431.0904,70134431.0904,1.2324659881835731,7.101278043398308,0.19239390096440262,0.26055091064011077,-0.11309847445543585,1.2324659881835731,-0.1609662903397593,14.666902820198018,-0.9189180667714321,0.5916593293375226,0.0,0.27263547627061596,0.0,0.029787359542277406,6.852059580728209,-0.11885942922307095,-5.035775132600566,0.8663366336633663,-4.970149253731344,-1.7411128175127988,2.9891495452329275,4.959512029474757,1.5887573964497042,-5.09246661627614,0.31844592006129485,-1.7411128175127988,2.9891495452329275,4.959512029474757,Computer Hardware,Technology,RGTI
2022Q3,2022,Q3,2022-11-22,2022-09-30,-3969000.0,2804000.0,-31324000.0,-0.0335,2028000.0,0.7232524964,212686000.0,165905000.0,169623000.0,16305000.0,46781000.0,2672000.0,-255780000.0,222914034.6,178910034.6,1.3992003713883703,10.403127874885005,0.1402678126439916,0.1798197763780477,-0.03386617117900564,1.3992003713883703,-0.023923329616346703,79.49858580599144,-14.04094448223734,1.3436245718935533,0.0,0.2904191616766467,0.0,0.01318375445492416,10.016436675866299,-0.01866131292139586,-10.107188147812288,0.7232524964336662,-1.1595238095238096,0.0,0.0,0.0,0.6082474226804123,-1.1692681678607983,-0.2214466757652564,0.0,0.0,0.0,Computer Hardware,Technology,RGTI
2022Q2,2022,Q2,2022-08-12,2022-06-30,23448000.0,2134000.0,-25645000.0,0.21,1261000.0,0.5909090909,228590000.0,173825000.0,192383000.0,11279000.0,54765000.0,1543000.0,-227575000.0,418733751.3,264140751.3,1.5234925487125404,17.056742619026508,0.12873266547093049,0.16929095354523227,0.29662265455808073,1.5234925487125404,0.13489429023443117,196.22012713214622,4.464493254222108,2.408938595138789,0.0,0.5657809462086844,0.0,0.009335491491316331,16.54331057717883,0.10257666564591628,-15.41502544912384,0.5909090909090909,1.7777777777777777,0.0,0.0,0.0,-0.25384615384615383,4.776792313377679,-0.0777927208539968,0.0,0.0,0.0,Computer Hardware,Technology,RGTI
2022Q1,2022,Q1,2022-05-16,2022-03-31,4059000.0,2104000.0,-23794000.0,0.0756,1690000.0,0.8032319392,245903000.0,165430000.0,215183000.0,11567000.0,80473000.0,2891000.0,-217601000.0,338259272.4,161676272.39999998,3.0810951392562624,18.60318146451111,0.12217419063614515,0.18160551290576074,0.04719033371950018,3.0810951392562624,0.02453605754699873,160.7696161596958,20.833904434589797,2.0447275125430693,0.0,0.14320304392943617,0.0,0.008556219322253084,17.972421544047723,0.016506508663985394,-18.228122670690304,0.8032319391634981,0.0,2.0899191399338557,0.8897575211709964,0.0,0.0,0.0,0.0,2.0899191399338557,0.8897575211709964,0.0,Computer Hardware,Technology,RGTI
2021Q1,2021,Q1,2021-06-16,2021-03-31,-7894000.0,2360000.0,-7680000.0,-0.0694,2087000.0,0.8843220339,,,,,,,,1126721821.5,,,0.0,0.0,0.0,0.0,,0.0,477.42450063559323,-35.682854747276416,0.0,0.0,0.0,0.0,0.0,0.0,0.0,-154.70572861458191,0.8843220338983051,0.04143646408839782,0.0,0.0,0.0,0.9271612462370953,0.04163125190225998,0.06653230241873878,0.0,0.0,0.0,Computer Hardware,Technology,RGTI
2020Q4,2020,Q4,2021-01-31,2021-01-31,-8236913.0,1418435.0,-8227387.0,-0.0724,1082940.0,0.7634752386,49682089.0,-35425402.0,23717465.0,3203050.0,85107491.0,0.0,-168889832.0,1126721821.5,1104519433.5,-0.3112671407509435,7.404650255225488,0.0,0.0,0.23237978341639656,-0.3112671407509435,0.2325143127521884,794.3415253430718,-34.197332832700795,-31.805477366213097,0.0,0.0,0.0,0.028550228634709785,7.081301259736813,-0.1657924045826656,-160.53687859774385,0.7634752385551682,0.0,0.0,0.0,0.0,0.0,0.0,0.0,0.0,0.0,0.0,Computer Hardware,Technology,RGTI
2021Q4,2021,Q4,2022-02-23,2021-12-31,,,,,,,46426430.0,-71528671.0,18070216.0,8282127.0,36431960.0,0.0,-207131331.0,0.0,11771978.0,0.0,2.1818327586621167,0.5061878330942094,-0.3285464929161063,,0.0,,0.0,0.0,0.0,0.0,0.0,,,1.6023729170054988,,0.0,0.0,0.0,1.0,-1.0,1.0,0.0,0.0,0.0,1.0,-1.0,1.0,Computer Hardware,Technology,RGTI
2021Q3,2021,Q3,2021-11-15,2021-09-30,,,,,,,46605099.0,-63149622.0,17632805.0,5343996.0,109754721.0,0.0,-198397159.0,0.0,5073965.0,0.0,3.2995543035586103,0.39047765996591915,-0.2881767051590586,,0.0,,0.0,0.0,0.0,0.0,0.0,,,2.730885651860518,,0.0,0.0,0.0,0.0,0.0,0.0,0.0,0.0,0.0,0.0,0.0,0.0,Computer Hardware,Technology,RGTI
