Quarters,Year,Quarter,FillingDate,Date,NetIncome,Revenue,OperatingIncome,EPSDiluted,GrossProfit,GrossProfitRatio,TotalAssets,CommonStockEquity,CurrentAssets,CurrentLiability,TotalLiability,Inventory,RetainedEarnings,MarketCap,EnterpriseValue,bookValuePerShare,currentRatio,debtToAssets,debtToEquity,roic,shareholdersEquityPerShare,roe,priceToSalesRatio,peRatio,pbRatio,payoutRatio,inventoryTurnover,dividendYield,assetTurnover,quickRatio,returnOnAssets,priceToFreeCashFlowsRatio,grossProfitMargin,epsdilutedGrowth,fiveYNetIncomeGrowthPerShare,fiveYRevenueGrowthPerShare,fiveYShareholdersEquityGrowthPerShare,grossProfitGrowth,netIncomeGrowth,operatingIncomeGrowth,threeYNetIncomeGrowthPerShare,threeYRevenueGrowthPerShare,threeYShareholdersEquityGrowthPerShare,Industry,Sector,Symbol
2023Q1,2023,Q1,2023-05-09,2023-03-31,-2645000.0,26066000.0,5133000.0,-0.27,17111000.0,0.656449014,681153000.0,83243000.0,63893000.0,20660000.0,531697000.0,0.0,-300982000.0,12438413.02,471110413.02,8.499364816879188,3.092594385285576,0.7098096903338897,5.808164049830015,0.056922656607066066,8.499364816879188,-0.03177444349675048,0.4771891744034374,-1.175653404536862,0.1494229306968754,-1.016257088846881,0.0,0.21610473905938848,0.038267467074210935,1.7710067763794772,-0.0038831217068705562,-26.5778055982906,0.6564490140412799,0.7452830188679245,-0.3170791076782454,0.4519878629034819,0.24982045378076892,-0.041776334210673685,0.7451093765057338,-0.3040943600867679,-0.40153287871213095,0.6566421482083687,3.227131969753481,REIT—Retail,Real Estate,WHLR
2022Q4,2022,Q4,2023-03-02,2022-12-31,-10377000.0,26951000.0,7376000.0,-1.06,17857000.0,0.6625728173,684536000.0,-15162000.0,69409000.0,18398000.0,633502000.0,0.0,-295617000.0,13673690.2848,467689690.2848,-1.5481690720706296,3.7726383302532884,0.7289390185468697,-32.91023611660731,0.18322084356714263,-1.5481690720706296,0.684408389394539,0.5073537265704426,-0.32942300965596993,-0.9018394858725763,-0.2590344030066493,0.0,0.19658189881542398,0.03937119450255355,32.77611696923579,-0.015159173513153436,20.257318940444446,0.6625728173351638,-0.6060606060606061,-0.12928669082899116,0.6823121829493372,-1.2130464498606952,0.48031169692447984,-0.5954797047970479,0.6090750436300174,-14.306907589146581,0.6599582724320202,-1.6272005152219942,REIT—Retail,Real Estate,WHLR
2022Q3,2022,Q3,2022-11-08,2022-09-30,-6504000.0,18718000.0,4584000.0,-0.66,12063000.0,0.6444598782,693046000.0,-9776000.0,66238000.0,151286000.0,637887000.0,0.0,-288546000.0,12730659.5,472349659.5,-0.9982829247769921,0.43783297859682985,0.6978988407695882,-49.475859247135844,0.020227095661230637,-0.9982829247769921,0.6653027823240589,0.6801292606047654,-0.48933961792742925,-1.3022360372340427,0.0,0.0,0.0,0.027008308250823176,3.9867998360720756,-0.00938465844979987,0.842197638264091,0.6444598781921146,-4.3,-1.7998268187334538,0.09323191160885876,-1.1126363527185494,0.12245277751930772,-4.376947040498442,-0.1430173864273696,-5.713124938900627,0.19034574122052467,-1.356321645415031,REIT—Retail,Real Estate,WHLR
2022Q2,2022,Q2,2022-08-09,2022-06-30,1926000.0,15479000.0,5349000.0,0.2,10747000.0,0.6942954971,467250000.0,-4527000.0,55418000.0,12207000.0,470462000.0,0.0,-283267000.0,24726277.7,351739277.7,-0.4650348159763651,4.539854182026706,0.7525286249331193,-77.67152639717251,-0.5398742431826701,-0.4650348159763651,-0.4254473161033797,1.5974079527101233,3.20953760384216,-5.4619566379500775,0.0,0.0,0.0,0.0331278758694489,2.707708691734251,0.004121990369181381,5.343911324832504,0.6942954971251373,1.1785714285714286,3.3942094013762,-0.06790543887185232,-1.0479598295444352,0.04879476920074168,1.1770708835156753,0.14002557544757033,1.271988722347104,-0.00765920110367656,-1.146912247684191,REIT—Retail,Real Estate,WHLR
2022Q1,2022,Q1,2022-05-11,2022-03-31,-10877000.0,15497000.0,4692000.0,-1.12,10247000.0,0.6612247532,460036000.0,-4961000.0,46176000.0,12201000.0,463052000.0,0.0,-280951000.0,22357354.7,345390354.7,-0.510360020365021,3.784607819031227,0.7763327217869905,-71.98971981455352,0.030540442212868613,-0.510360020365021,2.1925015117919773,1.4426892108149965,-0.5138676726119334,-4.5066225962507565,0.0,0.0,0.0,0.033686494100461706,33.95418408327186,-0.023643801789425177,12.223813395297977,0.6612247531780344,0.4136125654450261,-7.554037327473438,-0.04778271055692208,-1.0491525063177467,-0.027706613530695513,0.4135755876644382,-0.40320529127448484,-17.743080262636635,-0.0425311640183633,-1.1216476957786576,REIT—Retail,Real Estate,WHLR
2021Q4,2021,Q4,2022-02-28,2021-12-31,-18548000.0,15584000.0,7862000.0,-1.91,10539000.0,0.6762705339,465281000.0,1861000.0,51699000.0,14435000.0,461479000.0,0.0,-274107000.0,18855323.66,342280323.66,0.19147589641534693,3.5815032906130932,0.7443308452311613,186.0951101558302,0.07569757127493713,0.19147589641534693,-9.966684578183772,1.209915532597536,-0.2541422749083459,10.131823567974207,0.0,0.0,0.0,0.03349373819261908,2.2259092483546934,-0.03986408213531178,-202.74541569892475,0.6762705338809035,-7.130888549239921,-3.3088939495243612,0.1328243460729302,-0.9828424219059392,0.005725737188663041,-7.129543952412425,0.12122076440387906,-0.4424153394542248,-0.05351899843465482,-0.956824782467274,REIT—Retail,Real Estate,WHLR
2021Q3,2021,Q3,2021-11-09,2021-09-30,3026000.0,15508000.0,7012000.0,0.3115372241168522,10479000.0,0.6757157596079443,502478000.0,9350000.0,86270000.0,15825000.0,491191000.0,0.0,-266566000.0,28556587.5,367547587.5,0.9626150183385882,5.451500789889415,0.7467491114038823,40.13101604278075,0.017633331321544248,0.9626150183385882,0.3236363636363636,1.8414100786690741,2.359268630204891,3.0541804812834226,0.0,0.0,0.0,0.03086304276008104,2.817187993680885,0.006022154203766135,11.413504196642686,0.6757157596079443,1.98608194896271,2.749652024909189,0.13772406813468488,-0.9214214120854172,-0.032409972299168976,1.9866318878382785,1.0721040189125295,5.857116830777276,-0.07624348844678101,-0.8387452158079913,REIT—Retail,Real Estate,WHLR
2021Q2,2021,Q2,2021-08-05,2021-06-30,-3067000.0,15490000.0,3384000.0,-0.31593441543531736,10830000.0,0.6991607488702388,478145000.0,8482000.0,60833000.0,24682000.0,467775000.0,0.0,-267405000.0,49121017.66,386647017.65999997,0.8737384126906951,2.464670610161251,0.7285990651371446,41.07238858759727,0.009152433399211447,0.8737384126906951,-0.3615892478189106,3.17114381278244,-4.003995570590153,5.791206986559773,0.0,0.0,0.0,0.03239603049284213,0.7570294141479621,-0.0064143722092670635,11.055822115687597,0.6991607488702388,-0.019143275597797948,0.01542359099248503,0.21063182266568703,-0.9150026605788066,0.10016253555465258,0.24252901951099037,-0.2833545108005083,-0.9156363202102863,-0.13747422828113137,-0.8641035116806439,REIT—Retail,Real Estate,WHLR
2021Q1,2021,Q1,2021-05-06,2021-03-31,-4049000.0,14728000.0,4722000.0,-0.31,9844000.0,0.6683867463335144,483081000.0,13032000.0,62653000.0,21919000.0,468128000.0,0.0,-262800000.0,36392392.5,382950392.5,1.342863072275339,2.8583877001688034,0.700778958394141,25.977056476365867,0.012946705197874568,1.342863072275339,-0.31069674647022716,2.470966356599674,-2.246998795999012,2.7925408609576423,0.0,0.0,0.0,0.03048764078901882,0.773575436835622,-0.008381617161511217,9.635264098490866,0.6683867463335144,-3.6111571788194445,-0.07043217300453058,0.3757133116780257,-0.877665184926928,-0.06479194375831275,-4.514756944444445,-0.13832116788321167,-1.03477256640743,-0.17203060620312252,-0.8025337456954982,REIT—Retail,Real Estate,WHLR
2020Q4,2020,Q4,2021-03-18,2020-12-31,1152000.0,15296000.0,5480000.0,0.11872130966093626,10526000.0,0.6881537656903766,489379000.0,14918000.0,64993000.0,24353000.0,472530000.0,0.0,-260867000.0,26878409.69,371238409.69,1.537399737432159,2.668788239641933,0.6830411603276806,22.40689100415605,0.015147842081245356,1.537399737432159,0.07722214774098404,1.7572182067207114,5.832988213975695,1.801743510524199,0.0,0.0,0.0,0.03125593864877733,0.6903872212869051,0.0023540037476066605,22.759025986452162,0.6881537656903766,0.6287591413368805,1.451586523437851,0.3699352504220454,-0.870554752380803,0.03765772870662461,0.6294200848656294,0.13012992369560733,1.126531651624734,-0.036339881963278586,-0.7884355384786143,REIT—Retail,Real Estate,WHLR
2020Q3,2020,Q3,2020-11-10,2020-09-30,707000.0,14964000.0,4849000.0,0.07289064825354728,10144000.0,0.6778936113338679,474338000.0,16139000.0,47626000.0,27861000.0,456147000.0,0.0,-259479000.0,29486361.44,357769361.44,1.6639068913210744,1.7094145938767453,0.6708929075891031,19.718074230125783,0.01400287623525063,1.6639068913210744,0.04380692731891691,1.970486597166533,10.426577595473834,1.8270253076398786,0.0,0.0,0.0,0.031547124624213115,0.5499443666774344,0.0014904983366291547,5.482774533283749,0.6778936113338679,1.7823712072053304,1.0856507039006487,0.702180138766625,-0.8733448988983717,-0.04265760664401661,1.7834645669291338,0.06923925027563396,1.3072769613199975,-0.11761014577079816,-0.8122612349164111,REIT—Retail,Real Estate,WHLR
2020Q2,2020,Q2,2020-08-04,2020-06-30,254000.0,15169000.0,4535000.0,0.026197312588912287,10596000.0,0.6985298964994396,477186000.0,17193000.0,37922000.0,16475000.0,457922000.0,0.0,-258372000.0,16870432.74,358297432.74,1.773269272996728,2.301790591805766,0.6949386612348225,19.287791543069854,0.012859774349040714,1.773269272996728,0.014773454312801722,1.1121651222888784,16.604756633858266,0.9812384540219857,0.0,0.0,0.0,0.03178844308089508,0.9928983308042488,0.0005322872003788878,4.162455647668393,0.6985298964994396,1.1359551329088282,1.0118675662475345,-0.4866855460712112,-0.9658188456171696,-0.023500138236107273,1.1359743040685224,0.27602701181767025,1.317020697431842,-0.08288863287956735,-0.8171197313673177,REIT—Retail,Real Estate,WHLR
2020Q1,2020,Q1,2020-05-12,2020-03-31,-1868000.0,15574000.0,3554000.0,-0.19269086814456848,10851000.0,0.6967381533324772,479149000.0,19492000.0,35622000.0,13562000.0,457586000.0,0.0,-256037000.0,9694284.0,357231284.0,2.010669380018163,2.6266037457602125,0.7018213541090559,17.252052123948285,0.009707150371795484,2.010669380018163,-0.09583418838497845,0.6224659047129831,-1.2974148822269809,0.4973468089472604,0.0,0.0,0.0,0.03250345925797612,0.9453620409969031,-0.0038985785215037492,1.98328232405892,0.6967381533324772,-1.7836516234652227,0.9500030204473301,-0.727466883241813,-0.9450967161247315,-0.03383492120024931,-1.7839046199701938,-0.09035065267468646,-0.47304402514079963,-0.04045478850313958,-0.8063534848721936,REIT—Retail,Real Estate,WHLR
2019Q4,2019,Q4,2020-02-26,2019-12-31,-671000.0,16070000.0,3907000.0,-0.0692223360568007,11231000.0,0.6988799004355942,484365000.0,23927000.0,30233000.0,11583000.0,458358000.0,0.0,-251580000.0,15897180.92,369996180.92,2.468379783652862,2.6101182767849433,0.7038349178821757,14.248046140343545,0.01024868310034014,2.468379783652862,-0.028043632716178376,0.9892458568761667,-5.9229437108792835,0.664403432105989,0.0,0.0,0.0,0.03317745914754369,1.0667357334024001,-0.001385318922713243,11.94378731780616,0.6988799004355942,0.30032235385647493,0.9833345564194567,-0.7158688427883174,-0.9434190724579163,0.05972825061332327,0.30031282586027114,0.055660632261550935,0.843704227523107,0.17126591286611534,-0.7788159256768455,REIT—Retail,Real Estate,WHLR
2019Q3,2019,Q3,2019-11-07,2019-09-30,-959000.0,15565000.0,3701000.0,-0.09893461144334044,10598000.0,0.6808866045615162,489201000.0,27157000.0,30230000.0,12652000.0,459950000.0,0.0,-248319000.0,15024570.05,372432570.05,2.801634247097806,2.389345558014543,0.70075694857533,12.623301542880288,0.009772737209859762,2.801634247097806,-0.0353131789225614,0.9652791551557983,-3.9167283759124087,0.553248519718673,0.0,0.0,0.0,0.031817187618177395,0.8836547581410054,-0.001960339410589921,3.4539241494252875,0.6808866045615162,0.8639909232732945,0.9738536416046959,-0.6421578881298075,-0.9426340093194646,-0.03099570266069306,0.8639909232732945,2.6754187415119963,0.444364493725741,0.14424467833544594,-0.7713016535207989,REIT—Retail,Real Estate,WHLR
2019Q2,2019,Q2,2019-08-05,2019-06-30,-7051000.0,15532000.0,-2209000.0,-0.7274118303305458,10937000.0,0.7041591552922998,498790000.0,30683000.0,32705000.0,16851000.0,466012000.0,0.0,-244772000.0,14510826.687,377647826.687,3.1653917444379713,1.9408343718473682,0.6947974097315504,11.294788645178112,-0.005681618293035458,3.1653917444379713,-0.22980151875631458,0.9342535853077518,-0.5144953441710396,0.47292724593423074,0.0,0.0,0.0,0.031139357244531766,0.5625778885526082,-0.014136209627298061,2.8637905441089404,0.7041591552922998,-11.884266616356658,0.6346079477294593,-0.5959734871959176,-0.9096214844027138,-0.029461354157423018,-11.982866043613708,-1.404949587534372,-1.2669025366850601,0.21572272213001212,-0.692070449696159,REIT—Retail,Real Estate,WHLR
2019Q1,2019,Q1,2019-05-02,2019-03-31,642000.0,15995000.0,5455000.0,0.06683149687250456,11269000.0,0.7045326664582682,509097000.0,40302000.0,39630000.0,10504000.0,466588000.0,0.0,-235131000.0,15562123.38,372016123.38,4.195394060678627,3.7728484386900227,0.6848419849262518,8.650960250111657,0.013442195924033427,4.195394060678627,0.01592973053446479,0.9729367539856205,6.060016892523365,0.38613774452880756,0.0,0.0,0.0,0.03141837410159557,1.4045125666412794,0.0012610563409330639,2.4701783142857145,0.7045326664582682,1.0402599378750028,1.0518088361404319,-0.5918436197944598,-0.7762059206493122,-0.01131777504825408,1.051163532036978,2.477919263072338,1.171463587268867,0.5093637275812486,-0.6177996348487347,REIT—Retail,Real Estate,WHLR
2018Q4,2018,Q4,2019-02-28,2018-12-31,-12548000.0,16067000.0,-3691000.0,-1.66,11398000.0,0.7094043692039584,508081000.0,42061000.0,37520000.0,16709000.0,463826000.0,0.0,-233184000.0,8450408.835,375068408.835,4.434856553304264,2.245496439044826,0.7087787183539632,8.561779320510686,-0.008921977390957138,4.434856553304264,-0.29832861795963006,0.5259481443331052,-0.16836166789528212,0.20090841480231095,-0.24203060248645203,0.0,0.35939089567138083,0.031622910520172964,0.8428391884613082,-0.02469684951808865,2.2468515913320926,0.7094043692039584,-24.880740132890363,-4.036189819195141,-0.5632747050184602,-0.783521436022433,-0.01187689640225401,-19.843853820598007,-1.798572046733016,-4.032534806883972,0.47224722040032624,-0.6265960695056897,REIT—Retail,Real Estate,WHLR
2018Q3,2018,Q3,2018-11-07,2018-09-30,-602000.0,16222000.0,4622000.0,-0.06414036041768373,11535000.0,0.7110713845395142,527088000.0,56028000.0,53871000.0,28167000.0,468046000.0,0.0,-218498000.0,40170650.480000004,401573650.48,5.969528427710937,1.912557247843221,0.6717910481741189,6.319929321053759,0.011564867380066315,5.969528427710937,-0.01074462768615692,2.476306896806806,-16.68216382059801,0.7169745570072107,-5.04485049833887,0.0,0.07560246009738003,0.03077664450717907,0.5343842084709056,-0.0011421242752633336,5.032654783262341,0.7110713845395142,0.611091422761922,0.97801545806788,-0.4845585121354941,-0.8183604095716347,-0.0836510962821735,0.6052459016393442,0.6911818514452982,0.9246313875669426,0.9069737821485985,-0.5456048469512119,REIT—Retail,Real Estate,WHLR
2018Q2,2018,Q2,2018-08-08,2018-06-30,-1525000.0,17106000.0,2733000.0,-0.1649240057218356,12588000.0,0.7358821466152228,535788000.0,59451000.0,43712000.0,20142000.0,473135000.0,0.0,-214688000.0,37356599.32,411607599.32,6.429440697815639,2.17019163936054,0.6829604246455687,6.155018418529545,0.006286623732051168,6.429440697815639,-0.025651376764057796,2.1838301952531274,-6.124032675409836,0.6283594778893542,-1.9914754098360656,0.0,0.081297549971955,0.031926806871374495,0.8098997120444842,-0.0028462750192240214,7.636263147996729,0.7358821466152228,0.19567547435029195,0.9464483172554526,-0.5313295900089987,-0.6474672919140327,0.07451984635083227,0.1643835616438356,0.0014657383657017222,0.9252882692806809,-0.39303169287186235,-0.8760674938466072,REIT—Retail,Real Estate,WHLR
2018Q1,2018,Q1,2018-05-09,2018-03-31,-1825000.0,16314000.0,2729000.0,-0.20504659557485852,11715000.0,0.7180948878264067,542753000.0,60527000.0,37840000.0,14783000.0,475754000.0,0.0,-209957000.0,31863489.28,413144489.28,6.80046865225176,2.5596969491984036,0.6873236997308168,6.16331554512862,0.006188390531258374,6.80046865225176,-0.030151833066234902,1.9531377516243718,-4.364861545205479,0.526434306673055,-3.0027397260273974,0.0,0.17198367548025173,0.030057871628530842,1.1166880876682677,-0.003362487171881132,-2.0531921695985567,0.7180948878264067,0.7814639640329665,0.8048799249496137,-0.532464092764469,-0.6360878998149981,-0.015463484326413984,0.7774390243902439,1.5510904684975768,0.9467971131947502,-0.6890539793484368,-0.8143065863488356,REIT—Retail,Real Estate,WHLR
2017Q4,2017,Q4,2018-03-07,2017-12-31,-8200000.0,14296000.0,-4952000.0,-0.9382736108830585,11899000.0,0.8323307218802463,457674000.0,63508000.0,24644000.0,16104000.0,387078000.0,0.0,-204925000.0,68239412.531,382300412.531,7.266814692678205,1.5303030303030303,0.6732346604788562,4.851703722365686,-0.012932624505801241,7.266814692678205,-0.1291175914845374,4.773322085268607,-2.080469894237805,1.0745010476003023,-0.6680487804878049,0.0,0.08027618932843887,0.031236207431490536,0.995715350223547,-0.017916683053876777,7.877110992843126,0.8323307218802463,-2.955375222292073,0.02281289566388954,-0.2737968428023187,-0.654795375322806,0.09627786990971071,-2.9767216294859358,-3.7835862844294548,0.7741083757639532,-0.7196442671880602,-0.8334279358828206,REIT—Retail,Real Estate,WHLR
2017Q3,2017,Q3,2017-11-09,2017-09-30,-2062000.0,15198000.0,1779000.0,-0.23721481734401545,10854000.0,0.7141729174891434,471063000.0,77041000.0,34718000.0,15785000.0,386155000.0,0.0,-191256000.0,73205120.1288,374504120.12880003,8.862883968477348,2.1994298384542286,0.6516368298932415,3.9843979179917186,0.0047756275682559225,8.862883968477348,-0.026764969302059943,4.816760108487959,-8.875499530649854,0.9502098899131631,-2.654219204655674,0.0,0.07476253013956655,0.032263200463632256,1.589673740893253,-0.004377333817345026,28.86637229053628,0.7141729174891434,-1.8706000503042124,0.5125117654835255,1.6918145400805056,23.543862784232747,0.05011609907120743,-1.8920056100981768,-0.3001573564122738,0.9373090616067636,-0.6103701059483502,-0.818524448840881,REIT—Retail,Real Estate,WHLR
2017Q2,2017,Q2,2017-08-08,2017-06-30,-713000.0,14719000.0,2542000.0,-0.08263596920054278,10336000.0,0.7022216183164617,476760000.0,83662000.0,33767000.0,15181000.0,384180000.0,0.0,-183729000.0,60217961.3568,358183961.3568,9.696340049447139,2.224293524800738,0.6397726319322091,3.6458368195835624,0.0072386382934252974,9.696340049447139,-0.008522387702899764,4.0911720467966575,-21.11429220084151,0.7197767368315363,-5.046283309957924,0.0,0.059749614881203596,0.030872975920798726,1.6155062248863712,-0.0014955113684033895,11.17423665926888,0.7022216183164617,0.36828132093290444,0.8684468344129413,0.4491314071649858,5.273423686755033,0.02774187133339962,0.36282394995531725,1.1670929241261723,0.9584904656227123,-0.5698591009843075,-0.7231493315367995,REIT—Retail,Real Estate,WHLR
2017Q1,2017,Q1,2017-05-02,2017-03-31,-1119000.0,14322000.0,1173000.0,-0.13081134362304636,10057000.0,0.7022063957547828,481543000.0,88821000.0,30924000.0,12274000.0,382739000.0,0.0,-177576000.0,78323207.42400001,379552207.424,10.383194237660948,2.519472054749878,0.6352350672733276,3.443926548901724,0.0030177850521224078,10.383194237660948,-0.012598372006620055,5.468733935483872,-17.498482445040217,0.8818095655757084,-5.534405719392314,0.0,0.0790697955776301,0.029741892209003144,1.759817500407365,-0.0023237800154918666,12.379201426268375,0.7022063957547828,0.7046435996680629,0.6148144432379067,0.3040449954450719,5.164310203468671,0.1954303347133618,0.7026774967517716,2.503356599261266,0.8985929721130581,-0.5895926081299765,-0.44613131412003076,REIT—Retail,Real Estate,WHLR
2016Q4,2016,Q4,2017-02-28,2016-12-31,-3763590.0,12027833.0,-780254.0,-0.44289320792112064,8412870.0,0.699450183586686,489046335.0,94833420.0,32321510.0,11320614.0,383853749.0,0.0,-170377414.0,74118961.6614,375228268.6614,11.159844085548894,2.855102205587082,0.6256517166210845,3.2264224890339293,-0.001999749961950695,11.159844085548894,-0.039686325769965905,6.162287226751486,-4.92342163077009,0.7815700589665543,-1.3386872640218515,0.0,0.06797545306984315,0.024594465062293125,1.9701627491229716,-0.007695773857501662,-1.805980267790763,0.699450183586686,-1.4873720957565586,0.21784524634935565,-0.5210934243923746,3.8683296136675307,0.027395353165435312,-1.490390373499995,-1.4680253779124346,-0.6858798412553508,-0.635113602531599,-0.45525475450763186,REIT—Retail,Real Estate,WHLR
2016Q3,2016,Q3,2016-11-09,2016-09-30,-1511245.0,11910678.0,1667119.0,-0.17805667623139043,8188542.0,0.6874958755496539,404608549.0,103974066.0,63092968.0,10147839.0,289998305.0,0.0,-160594653.0,73797424.6662,269748050.6662,12.250347631405377,6.217379680540852,0.5728184996901783,2.2290872225772147,0.004965486405653342,12.250347631405377,-0.014534826405653886,6.195904604775647,-12.208051088043304,0.7097676132642539,-2.837680852542109,0.0,0.05811084898148413,0.029437534202966138,5.16540427966979,-0.0037350792605224956,14.868929173313088,0.6874958755496539,0.5548583094215239,0.6816246152810469,0.09477528740438963,2.2281450422720757,0.02071854178043763,0.4400367715034928,125.69102468212415,0.9389698710856689,-0.5814956859265892,-0.627248927060254,REIT—Retail,Real Estate,WHLR
2016Q2,2016,Q2,2016-08-04,2016-06-30,-2698829.0,11085374.0,-13370.0,-0.4,8022331.0,0.7236860930447633,365787912.0,86457755.0,15136091.0,9161674.0,268021579.0,0.0,-154277513.0,62453877.5952,308004933.5952,10.279597204343034,1.6521097563611191,0.6785424144907227,2.8707964138092645,-3.99509511087372e-05,10.279597204343034,-0.031215580372171356,5.633899009198968,-5.785275539428397,0.7223629343047365,-1.5647104725790333,0.0,0.06761607385486913,0.030305468377533482,0.6275586754123755,-0.007378125168882016,-16.987212536192484,0.7236860930447633,0.1666666666666666,-4.625748214928348,-0.7138770381169953,1.8618007286079234,0.31811192119126636,0.16416612933296912,0.9884988455834535,0.8958074279097922,-0.6660914577900395,-0.43635933344696964,REIT—Retail,Real Estate,WHLR
2016Q1,2016,Q1,2016-05-05,2016-03-31,-3228906.0,9138662.0,-1162492.0,-0.48,6086229.0,0.6659868807928337,301946960.0,90934311.0,18953918.0,6522190.0,200730293.0,0.0,-147526640.0,48071890.9335,226012674.9335,10.976949378418817,2.9060665206012093,0.6125924433880705,2.0341103810639747,-0.004213381809388796,10.976949378418817,-0.03550811530314449,5.2602767159459445,-3.721995231008583,0.5286441432816267,-1.2829667385795684,0.0,0.08617466297988184,0.030265785752570586,1.5470979839593757,-0.010693619833099164,164.3455357463975,0.6659868807928337,-0.4999999999999999,-1.9129542850685919,-0.008990910721218735,0.0,-0.05396472723779597,-0.4844657560697522,0.26182360351939526,0.6290984278307893,-0.7186147590445976,-0.41259273350195613,REIT—Retail,Real Estate,WHLR
2015Q4,2015,Q4,2016-03-10,2015-12-31,-2175130.0,9520320.0,-1574816.0,-0.32,6433406.0,0.6757552267150684,313969852.0,98264852.0,16466594.0,7533769.0,206603114.0,0.0,-140306846.0,71042583.1962,249076854.1962,11.876834149639029,2.1857046585845676,0.6030529835711742,1.9268380519211488,-0.00547561521361073,11.876834149639029,-0.022135381631674365,7.462205387655037,-8.165326118002143,0.7229704390762224,-1.8891335230537945,0.0,0.057840112438644994,0.030322401782703647,1.9590307321607552,-0.0069278307651016125,-24.80649722096324,0.6757552267150684,0.6239815956517616,-0.5478235647519226,-0.6180831240478448,1.5321137173107218,0.34770727206948726,0.6767871561852405,0.6887101448072169,0.7261984318824438,-0.48916343311250576,-0.4357998313744838,REIT—Retail,Real Estate,WHLR
2015Q3,2015,Q3,2015-11-10,2015-09-30,-6729714.0,7167213.0,-5059002.0,-0.8510221741796486,4773593.0,0.6660319708651048,339037026.0,103887206.0,38919873.0,9189347.0,225653885.0,0.0,-134145251.0,64949141.9533,243239346.9533,13.137306566009944,4.235325208635608,0.5494488321756338,1.7931322361292497,-0.017434571892550533,13.137306566009944,-0.06477904507317292,9.061980152299087,-2.4127749690885825,0.6251890338960507,-0.6563623654734807,0.0,0.06800907397939181,0.02113991231152435,1.1030742445573118,-0.019849495730298202,-1.7305141190449045,0.6660319708651048,0.6144809893793318,-0.5216756700361205,-0.292934420497436,2.461871641189349,0.04448795268376864,-0.3861346045393821,-0.6437894416706794,-0.7488928468728931,0.3954045083352579,35.38096254643211,REIT—Retail,Real Estate,WHLR
2015Q2,2015,Q2,2015-08-12,2015-06-30,-4855022.0,6703361.0,-3077646.0,-2.2074713587004213,4570271.0,0.6817879866532625,301161105.0,114099591.0,51359446.0,8227725.0,177070839.0,0.0,-108544140.0,18759872.4623,133420494.4623,51.87856598217935,6.24224144584317,0.5439828161076776,1.435819923315939,-0.011073614447025383,51.87856598217935,-0.04255073973052191,2.798577081302946,-0.9660034734291626,0.16441664950665774,-0.724162320994632,0.0,0.18741193507927253,0.022258388911144417,6.24224144584317,-0.016121012705143316,-5.981671111169922,0.6817879866532625,0.42723336374588666,-37.70150527244151,-0.3383524596516249,13.442795274527834,0.10929930907129726,-0.2909501216891135,-0.6683494829852689,-2.5142063194667355,1.5890852591238513,32.564852615296275,REIT—Retail,Real Estate,WHLR
2015Q1,2015,Q1,2015-05-15,2015-03-31,-3760813.0,5752141.0,-1844725.0,-3.854050182003017,4119962.0,0.7162484368863697,288004189.0,35736064.0,83073224.0,7211725.0,242356329.0,0.0,-34607083.0,9163520.185600001,75839444.1856,36.62202400472224,11.519189098308656,0.5126114676061188,4.131239803018038,-0.010060107111994147,36.62202400472224,-0.10523859034951359,1.5930625110893495,-0.6091448967018568,0.2564222009900139,-0.5717441946728008,0.0,0.23465032612455686,0.019972421303913742,11.519189098308656,-0.013058188539056284,-0.9869741653847754,0.7162484368863697,0.07212705434197068,-27.803267067371955,4.295491690092672,0.0,-0.05653945556328549,0.07212816666502186,0.23319118582942217,-10.348591215619434,3.591332407011686,20.74181769856201,REIT—Retail,Real Estate,WHLR
2014Q4,2014,Q4,2015-03-25,2014-12-31,-4053160.0,5693576.0,-2405717.0,-4.15364,4366862.0,0.7669805408762437,200482368.0,42570259.0,11955214.0,5130625.0,147358941.0,0.0,-27660234.0,15371513.1008,146851908.1008,43.62565074276907,2.3301671823608237,0.7055490435946966,3.322745652076019,-0.013073099362102252,43.62565074276907,-0.09521107212432041,2.6997994056459422,-0.948119066407445,0.36108573125665033,-0.5111323017102705,0.0,0.13477534621443218,0.02839938522673475,2.3301671823608237,-0.020217039734885815,-2.4526793723482117,0.7669805408762437,-0.09772059040498021,-23.454744070033076,0.9365805388825357,8.300888374847736,0.44974244430250143,-0.15327806277420572,-0.05471437377406816,-6.335387193715283,0.9741831658354536,18.031094502615847,REIT—Retail,Real Estate,WHLR
2014Q3,2014,Q3,2014-11-13,2014-09-30,-3514469.0,4167830.0,-2280918.0,-3.78387727834057,3012164.0,0.7227175772524311,188263396.0,45360686.0,21664756.0,5316268.0,135432363.0,0.0,-21657039.0,16484731.6684,126414074.6684,48.83789530803692,4.075181311401156,0.689420034683747,2.861344667494667,-0.013022413749998338,48.83789530803692,-0.07747830356886579,3.9552312998370858,-1.1726331679408752,0.3634145142425756,-0.38374730293537945,0.0,0.08181316063429142,0.02213829182174107,4.075181311401156,-0.018667829618881412,-1.1348858908840915,0.7227175772524311,-0.5257569670728105,-5.765786095296119,2.5006802023347263,11.869496797745612,0.10552043798540514,-0.926802778524005,-5.184634656890923,-5.765786095296119,2.5006802023347263,11.869496797745612,REIT—Retail,Real Estate,WHLR
2014Q2,2014,Q2,2014-08-14,2014-06-30,-1823990.0,3633694.0,-368804.0,-2.48,2724657.0,0.7498311635487193,140152297.0,32089537.0,17906894.0,3361048.0,101207572.0,0.0,-16274152.0,16610481.6339,95602759.6339,35.02371911641598,5.32777098095594,0.6795189735634515,2.967825462860371,-0.0028965405423864135,35.02371911641598,-0.056840645597348444,4.571238424011488,-2.276668407433703,0.5176292083584753,-0.5515858091327255,0.0,0.06056940564244068,0.02592675309488506,5.32777098095594,-0.013014342533394226,-9.068797272069133,0.7498311635487193,-0.8235294117647057,-33.902299653004015,-0.13905108932050936,8.750470071295391,-0.005951542702036141,-0.5742562806610532,-3.99718813490451,-33.902299653004015,-0.13905108932050936,8.750470071295391,REIT—Retail,Real Estate,WHLR
2014Q1,2014,Q1,2014-05-15,2014-03-31,-1158636.0,3664152.0,123050.0,-1.36,2740970.0,0.7480502992233946,125088419.0,16838129.0,4005338.0,2608844.0,101731726.0,0.0,-13255297.0,15349669.273500001,109690595.2735,18.74667137241105,1.5352922597134977,0.7712724868638718,5.729689801046185,0.001085907266696398,18.74667137241105,-0.06881025795680744,4.1891464310159625,-3.3120128481895956,0.9116018337607463,-0.8683158472548755,0.0,0.06554291053924446,0.029292495894444073,1.5352922597134977,-0.009262536126545816,721.2512580349592,0.7480502992233946,-4.1768109322066165,-8.640548378933616,2.664755092906952,0.0,0.0007071838856998072,-3.910265212195184,-0.8646603475165916,-8.640548378933616,2.664755092906952,0.0,REIT—Retail,Real Estate,WHLR
2013Q4,2013,Q4,2014-03-21,2013-12-31,-235962.0,3484144.0,909194.0,-0.26271,2739033.0,0.78614230640295,125370266.0,18400700.0,2749947.0,2526388.0,99763457.0,0.0,-11298253.0,13982978.8047,107390398.8047,20.486354269071345,1.0884895748396526,0.7542657921775487,5.139070959256985,0.00804858552036631,20.486354269071345,-0.012823533887297766,4.013318279812775,-14.814862991392681,0.7599155904231905,-4.377365847043168,0.0,0.07386780845672321,0.02779083199839426,1.0884895748396526,-0.0018821209169325684,-1.5560357100554578,0.78614230640295,0.9135822368421052,-0.5467002325528216,0.28748223541369133,3.367643600039596,0.7192281329871903,0.8627849488064729,1.473346244754735,-0.5467002325528216,0.28748223541369133,3.367643600039596,REIT—Retail,Real Estate,WHLR
2013Q3,2013,Q3,2013-11-14,2013-09-30,-1719651.0,1976452.0,-1920780.0,-3.04,1593176.0,0.8060787714551125,99083902.0,19371170.0,2724142.0,2670835.0,73421212.0,0.0,-10276279.0,8954263.2552,73914510.2552,32.864687778874895,1.0199589267026978,0.6739874253236414,3.447458465337922,-0.022295122946788506,32.864687778874895,-0.0887737292068574,4.530473421666704,-1.3017558875609063,0.46224689862305685,-0.49778879551722993,0.0,0.09559948994160772,0.01994725641709185,1.0199589267026978,-0.017355503419717967,-0.8551383628583282,0.8060787714551125,0.025641025641025664,-4.21669199103054,1.615923541501062,7.6603239443763975,0.18530003452093277,-0.35303420487993714,-1.0518523266247917,-4.21669199103054,1.615923541501062,7.6603239443763975,REIT—Retail,Real Estate,WHLR
2013Q2,2013,Q2,2013-08-12,2013-06-30,-1270959.0,1628980.0,-936120.0,-3.12,1344112.0,0.8251249247995678,62327735.0,7526526.0,1702616.0,1411232.0,48882246.0,0.0,-8073165.0,7804488.9318,46877929.9318,18.237855808397164,1.2064749098659895,0.6407949205919323,5.306471538130606,-0.019721980165012205,18.237855808397164,-0.1688639619394127,4.791028086164348,-1.5351574936327608,1.0369311063032267,-0.30187441136968224,0.0,0.049160169660399745,0.026135716306713214,1.2064749098659895,-0.02039154800026024,-1.4477215732801918,0.8251249247995678,-2.0,-52.99375504481924,-0.143109786921559,4.077349627927654,0.020420372088362254,-1.9306242823082351,-14.317968416559966,-52.99375504481924,-0.143109786921559,4.077349627927654,REIT—Retail,Real Estate,WHLR
2013Q1,2013,Q1,2013-05-15,2013-03-31,-433682.0,1617916.0,70290.0,-1.04,1317214.0,0.8141423905814641,51365368.0,7711931.0,1869138.0,808792.0,36154003.0,0.0,-6418537.0,2483344.0225,33251206.0225,18.687118809170148,2.3110243424761867,0.6195096665130483,4.126248276858286,0.0017779959681051452,18.687118809170148,-0.05623520231184641,1.5349029384096577,-1.4315466300768767,0.3220132574448604,-1.4157585511964987,0.0,0.24724282839471146,0.03149818765048077,2.3110243424761867,-0.008443081727750885,-13.391991924393992,0.8141423905814641,-0.08313024641213106,-6.853712423035132,2.521894346391286,0.0,0.7735932385506025,-0.09445732902968558,2.0410865572605013,-6.853712423035132,2.521894346391286,0.0,REIT—Retail,Real Estate,WHLR
2012Q4,2012,Q4,2013-04-01,2012-12-31,-396253.0,929593.0,-67516.0,-0.96018,742681.0,0.7989313602834789,52687877.0,8687369.0,2814306.0,938896.0,36455418.0,0.0,-5443099.0,8516869.2312,38307180.2312,21.05074548023078,2.9974629777951978,0.6043800739969083,3.665494466736707,,21.05074548023078,-0.045612543912892385,9.161933481857114,-5.373378391583155,0.9803738313866948,-2.0189121596555737e-05,0.0,9.393122969052356e-07,0.0176433945136943,2.9974629777951978,-0.007520762318815768,-0.936346299225999,0.7989313602834789,-0.9732185793023516,-4.653085098794493,-0.25236973876173613,3.4879705078418617,1.0005360399309344,-0.0822385850298518,0.5983413943471768,-4.653085098794493,-0.25236973876173613,3.4879705078418617,REIT—Retail,Real Estate,WHLR
2012Q3,2012,Q3,2012-12-07,2012-09-30,-366142.0,488727.0,-168093.0,-0.486606,371241.0,0.7596081247813197,14611230.0,271709.0,676407.0,2385625.0,14339521.0,0.0,-3482966.0,14997709.324,26897973.324,0.36110387539205785,0.28353450353680903,0.8181307117881246,43.99521546949126,,0.36110387539205785,-1.3475519765631614,30.68729438725505,-10.240363932572608,55.1976906322573,-2.1849446389652104e-05,0.0,5.334147920308101e-07,0.03344872402939383,0.28353450353680903,-0.02505894438729662,236.29231182744874,0.7596081247813197,0.23967812500000005,0.12992058218034813,-0.49328988456106854,-0.9048438689116306,-0.03865913975710179,-0.4124105048759412,-1.7248455964596605,0.12992058218034813,-0.49328988456106854,-0.9048438689116306,REIT—Retail,Real Estate,WHLR
2012Q2,2012,Q2,2012-06-30,2012-06-30,-259232.0,485815.0,-61689.0,-0.64,386170.0,0.7948910593538693,14866884.0,637858.0,712068.0,2213980.0,14229026.0,0.0,-3116817.0,8225718.552699999,20107831.552699998,1.545621742385876,0.3216235015673132,0.808175136094423,18.836552963198706,-0.0048754815495320285,1.545621742385876,-0.4064102041520213,16.931792045737573,-7.932776964938742,12.895846023252822,-0.2431875694358721,0.0,0.007664011307475038,0.032677661304144165,0.3216235015673132,-0.01743687513805852,-126.14198056586412,0.7948910593538693,-0.884536786746995,-10.01287225455627,-0.7444473726708107,-0.5697047908994565,-0.06872036771763299,-0.8496621501095247,-2.068152303776427,-10.01287225455627,-0.7444473726708107,-0.5697047908994565,REIT—Retail,Real Estate,WHLR
2012Q1,2012,Q1,2012-03-31,2012-03-31,-140151.0,529843.0,57753.0,-0.339606,414666.0,0.7826205121139659,15018862.0,695132.0,786763.0,2248537.0,14323730.0,0.0,-2794543.0,8225718.552699999,20128832.552699998,1.6844048879659403,0.3498999571721524,0.8040018611263623,17.371079161943342,,1.6844048879659403,-0.2016178222265699,15.524822546867656,-14.672957297307903,11.833318783626705,-0.4498148425626646,0.0,0.007664011307475038,0.03527850512242539,0.3498999571721524,-0.009331665741385732,1454.8494079766535,0.7826205121139659,0.4002543046357616,-1.5380478087649403,0.1533670883871585,0.0,-0.44978019922057966,0.4002516229250737,-0.7671015223308801,-1.5380478087649403,0.1533670883871585,0.0,REIT—Retail,Real Estate,WHLR
2011Q4,2011,Q4,2011-12-31,2011-12-31,-233683.0,1219703.0,247975.0,-0.56625,753637.0,0.6178856656087589,32079561.0,946017.0,1217175.0,2400318.0,31133544.0,0.0,-7056144.0,8225718.552699999,36740042.5527,2.2923353534276583,0.5070890606994574,0.8956863842369913,30.372843194149787,,2.2923353534276583,-0.24701775972313395,6.744034041647843,-8.800082325950111,8.695106486141368,-1.653470727438453,0.0,0.04697316076699129,0.03802118738470268,0.5070890606994574,-0.007284482477799494,106.95391375131648,0.6178856656087589,-0.012487796504704362,-2.333804122975961,-0.01904718245178882,-0.5112793763086345,1.0233549637687969,-0.012482560809698355,6.52713696645492,-2.333804122975961,-0.01904718245178882,-0.5112793763086345,REIT—Retail,Real Estate,WHLR
2011Q3,2011,Q3,2011-09-30,2011-09-30,-230802.0,529000.0,-44865.0,-0.559266,372469.0,0.7041001890359169,32440162.0,1566088.0,1636838.0,2013163.0,30874074.0,0.0,-6436073.0,8225718.552699999,36467829.5527,3.794856634689244,0.8130677943117373,0.8896660565381886,18.428664928152184,,3.794856634689244,-0.14737486016111484,15.549562481474478,-8.909929888714135,5.252398685578332,-0.8243819377648374,0.0,0.02313098834843387,0.01630694692585074,0.8130677943117373,-0.007114699365558039,19.623918220617984,0.7041001890359169,-8.804803646563816,0.0,0.0,0.0,-0.7316575362598664,-8.805089426058881,-1.0628128215718256,0.0,0.0,0.0,REIT—Retail,Real Estate,WHLR
2011Q2,2011,Q2,2011-06-30,2011-06-30,-23539.0,1901037.0,714265.0,-0.05704,1388036.0,0.7301467567438193,32251543.0,1482373.0,1530179.0,1792425.0,30769170.0,0.0,-6014788.0,8225718.552699999,36700645.5527,3.5920031403945365,0.8536920652189074,0.8984607341112331,19.54753965432452,,3.5920031403945365,-0.01587926925274543,4.326963942679705,-87.36265933875696,5.549020761103986,-13.393814520582863,0.0,0.03832820172245182,0.0589440635444946,0.8536920652189074,-0.0007298565529097321,13.972564446879165,0.7301467567438193,0.5737111938179155,0.0,0.0,0.0,2.9111724759784723,0.5737232886635277,3.8824277306501336,0.0,0.0,0.0,REIT—Retail,Real Estate,WHLR
2011Q1,2011,Q1,2011-03-31,2011-03-31,-55220.0,459388.0,146293.0,-0.133806,354890.0,0.7725277978527955,,,,,,,,8225718.552699999,,,0.0,0.0,0.0,0.0,,0.0,17.905819378608058,-37.240667116533864,0.0,-1.0737413980441868,0.0,0.007208124083036863,0.0,0.0,0.0,88.31374194992591,0.7725277978527955,0.21221077421254042,0.0,0.0,0.0,-0.5720561298747967,0.2122119980027106,-0.637769364667081,0.0,0.0,0.0,REIT—Retail,Real Estate,WHLR
2010Q4,2010,Q4,2010-12-31,2010-12-31,-70095.0,1243386.0,403867.0,-0.16985,829291.0,0.6669618284265707,32704774.0,1935701.0,1406946.0,1569942.0,30769073.0,0.0,-5561460.0,8225718.552699999,37061226.5527,4.690482132948215,0.8961770562224591,0.8928094412149126,15.08452545098649,,4.690482132948215,-0.03621168765217355,6.615579194795501,-29.33775074078037,4.2494778649698475,-6.274712889649761,0.0,0.053469614500198534,0.03801848623078698,0.8961770562224591,-0.0021432650780586343,15.886574077500393,0.6669618284265707,0.0,0.0,0.0,0.0,0.0,0.0,0.0,0.0,0.0,0.0,REIT—Retail,Real Estate,WHLR
