Quarters,Year,Quarter,FillingDate,Date,NetIncome,Revenue,OperatingIncome,EPSDiluted,GrossProfit,GrossProfitRatio,TotalAssets,CommonStockEquity,CurrentAssets,CurrentLiability,TotalLiability,Inventory,RetainedEarnings,MarketCap,EnterpriseValue,bookValuePerShare,currentRatio,debtToAssets,debtToEquity,roic,shareholdersEquityPerShare,roe,priceToSalesRatio,peRatio,pbRatio,payoutRatio,inventoryTurnover,dividendYield,assetTurnover,quickRatio,returnOnAssets,priceToFreeCashFlowsRatio,grossProfitMargin,epsdilutedGrowth,fiveYNetIncomeGrowthPerShare,fiveYRevenueGrowthPerShare,fiveYShareholdersEquityGrowthPerShare,grossProfitGrowth,netIncomeGrowth,operatingIncomeGrowth,threeYNetIncomeGrowthPerShare,threeYRevenueGrowthPerShare,threeYShareholdersEquityGrowthPerShare,Industry,Sector,Symbol
2023Q2,2023,Q2,2023-06-29,2023-06-03,40401000.0,898239000.0,91687000.0,0.73,256775000.0,0.2858648979,4618047000.0,1682490000.0,1317952000.0,660832000.0,2934890000.0,499275000.0,1782215000.0,3641449899.9999995,5420609900.0,31.002782435644658,1.9943828386034574,0.4076058558953601,1.1187840640954776,0.017246571492249757,31.002782435644658,0.02401262414635451,4.053987747136341,22.533166877057496,2.164321868183466,0.2731615554070444,1.284790946872966,0.003030660946344477,0.19450624907022385,1.0438235436540604,0.008748503425798828,53.646982822122034,0.28586489787239255,0.8717948717948717,-0.1533800239984696,0.05993655349667436,0.3871820685865605,0.1953642538254915,0.8457215953218512,0.44302622052944696,0.21089547642187903,0.26160829655336865,0.308434908198015,Specialty Chemicals,Basic Materials,FUL
2023Q1,2023,Q1,2023-03-30,2023-03-04,21889000.0,809183000.0,63538000.0,0.39,214809000.0,0.2654640545,4535736000.0,1633466000.0,1340915000.0,643176000.0,2901609000.0,526041000.0,1752943000.0,3911904539.9999995,5659911540.0,30.15221323882305,2.0848337002624477,0.4130507154737401,1.1469409219414424,0.01233020026814559,30.15221323882305,0.013400340135637963,4.834387944383408,44.678885970121975,2.3948490755240694,0.4669925533372927,1.1299005210620465,0.0026130494482874064,0.17840169710053672,1.0756620271900692,0.004825898156330086,-93.00992748282174,0.26546405448458504,-0.5517241379310345,-0.5723165309495623,0.0572071938045651,0.3587331281381171,-0.13425707618460347,-0.546858503260532,-0.3101868438480496,1.0945669833021525,0.1850027576999301,0.2660897559806127,Specialty Chemicals,Basic Materials,FUL
2022Q4,2022,Q4,2023-01-24,2022-12-03,48305000.0,958213000.0,92109000.0,0.87,248121000.0,0.2589413836,4463629000.0,1610170000.0,1299375000.0,705732000.0,2852835000.0,491781000.0,1741359000.0,4323681920.0,6008887920.0,29.91546521997622,1.8411734199384469,0.3954441554170385,1.0962295906643398,0.020421080608022498,29.91546521997622,0.029999937894756454,4.512234670162062,22.376989545595695,2.685233186557941,0.20991615774764516,1.4439191428705054,0.002345223397006966,0.2146712910055921,0.9738470127470484,0.010821911946534982,24.53779359269033,0.2589413835963403,0.03571428571428575,5.624703381266479,0.32184194305781083,0.443449782936933,-0.004185997977235877,0.03888422909004882,0.5348430313937212,0.42330791457370376,0.23057124600977338,0.25034151728057996,Specialty Chemicals,Basic Materials,FUL
2022Q3,2022,Q3,2022-09-22,2022-08-27,46497000.0,941230000.0,60012000.0,0.84,249164000.0,0.264721694,4571638000.0,1578091000.0,1420926000.0,737391000.0,2992953000.0,547278000.0,1703278000.0,3609168320.0,5466617320.0,29.41784728953844,1.9269641207988706,0.419577621850199,1.2154920090159567,0.010538407345308016,29.41784728953844,0.029464080335037713,3.8345232514900713,19.405382712863197,2.287047020735813,0.21726132868787235,1.2645602417784014,0.002798982786150578,0.20588463041036933,0.9634440886856498,0.01017075280238724,126.49988854228734,0.2647216939536564,-0.023255813953488393,0.7372635213786922,0.5705794835355503,0.43600822919347193,-0.017185953037420963,-0.014956676482426965,-0.33026058813682274,-0.11194360899072289,0.23214505916984404,0.27468271330768285,Specialty Chemicals,Basic Materials,FUL
2022Q2,2022,Q2,2022-06-23,2022-05-28,47203000.0,993258000.0,89605000.0,0.86,253521000.0,0.2552418405,4620479000.0,1614147000.0,1409006000.0,721983000.0,3005725000.0,543126000.0,1666969000.0,3805241609.9999995,5672936610.0,30.172663887694636,1.9515778072336882,0.4189704141064162,1.1992984529909605,0.016698132668157648,30.172663887694636,0.029243309314455252,3.831070688582422,20.153600459716543,2.3574318881737537,0.21363048958752623,1.3619988731896466,0.0026500288374592855,0.21496862121870913,0.9871326610183342,0.010216040371571864,-327.1918839208942,0.25524184048857396,0.3030303030303029,0.7224677010372382,0.6692565307517607,0.5368728060993081,0.19083765083868423,0.2848898930233824,0.3768227285997449,0.2257663691261505,0.24420589179229346,0.32106719114129795,Specialty Chemicals,Basic Materials,FUL
2022Q1,2022,Q1,2022-03-24,2022-02-26,36737000.0,856482000.0,65081000.0,0.66,212893000.0,0.2485668117,4641439000.0,1645253000.0,1348619000.0,721936000.0,2995591000.0,547868000.0,1629943000.0,3728307639.9999995,5578926640.0,30.83712256105561,1.868058941512821,0.41240011987661584,1.1634259290212507,0.014326802152633671,30.83712256105561,0.022329088596100416,4.353048447019318,25.371611998802297,2.2660998885885633,0.24174537931785395,1.174715442405835,0.0023820459193651736,0.18452940995238762,0.9416139380776135,0.007915002222371122,-56.01760382234509,0.24856681167847078,-0.42608695652173906,1.338328039355697,0.6024636332758214,0.6319593301261003,-0.11830579932825035,-0.41858035926248316,0.3325620917709208,1.854136135797148,0.2107080777621703,0.3334369756134649,Specialty Chemicals,Basic Materials,FUL
2021Q4,2021,Q4,2022-01-25,2021-11-27,63185000.0,897424000.0,48839000.0,1.15,241459000.0,0.2690578812,4274530000.0,1610626000.0,1221170000.0,736850000.0,2663313000.0,448404000.0,1614458000.0,3929115200.0000005,5483791200.0,30.293146253385494,1.6572843862387188,0.3781613417147616,1.0036234358566172,0.01434222304601512,30.293146253385494,0.039230088176895196,4.378214979764303,15.546075809131914,2.4394956991877694,0.13949513333860886,1.4628883774453394,0.0022432531375002696,0.20994682456316835,0.9180036642464545,0.014781742086264454,117.88170771954039,0.26905788122448254,0.9827586206896551,0.523842501087454,0.47326345542398846,0.6208007017930772,0.24495488527971127,0.9985134109311741,-0.28307620040221365,0.4576437955363892,0.11392088879445172,0.3337993125360297,Specialty Chemicals,Basic Materials,FUL
2021Q3,2021,Q3,2021-09-23,2021-08-28,31616000.0,826830000.0,68123000.0,0.58,193950000.0,0.2345705889,4258272000.0,1567289000.0,1204458000.0,709734000.0,2690416000.0,462635000.0,1558619000.0,3624307679.9999995,5220180680.0,29.544176139041262,1.697055516573815,0.3907704815474446,1.0617103801532455,0.012820598904566114,29.544176139041262,0.020172412363003888,4.383377090816733,28.65880946356275,2.3124692893269843,0.27837171052631576,1.3679898840338496,0.0024283258423578435,0.19417031133755663,0.9031397678566899,0.007424607916074877,66.14786516033654,0.23457058887558507,-0.3555555555555556,-0.08522170479638008,0.5274711450883841,0.5525521120285402,-0.10848080900942313,-0.3561158404952955,-0.18464392579293837,-0.20022467913524353,0.024738459040319804,0.3266034702598409,Specialty Chemicals,Basic Materials,FUL
2021Q2,2021,Q2,2021-06-29,2021-05-29,49102000.0,827873000.0,83550000.0,0.9,217550000.0,0.2627818518,4266927000.0,1562632000.0,1166944000.0,651672000.0,2703715000.0,427835000.0,1535887000.0,3652231680.0000005,5295044680.0,29.573458998088533,1.790692250089002,0.40132160686133134,1.0958498226069862,0.018829332988788507,29.573458998088533,0.0314226254166048,4.411584482160912,18.59512687874221,2.337230825939825,0.17889291678546698,1.4265382682576226,0.0024051048152564074,0.1940208960687633,1.0018337445831644,0.011507579107868496,127.96887456201824,0.2627818518057721,0.607142857142857,0.39805379972237653,0.47538626012798435,0.6051117075125629,0.13092886402861242,0.6482159041321205,0.4190359726892897,0.05680000770828227,0.003341810775962899,0.32322871707999495,Specialty Chemicals,Basic Materials,FUL
2021Q1,2021,Q1,2021-03-25,2021-02-27,29791000.0,725904000.0,58878000.0,0.56,192364000.0,0.2649992285,4113750000.0,1441617000.0,1076600000.0,568245000.0,2671587000.0,388773000.0,1495655000.0,2943226440.0,4620250440.0,27.46355635144403,1.8946053198884285,0.42739981768459434,1.2196138086606914,0.013333160872233945,27.46355635144403,0.02066498938344928,4.054567050188455,24.698956396227047,2.0416146868412346,0.28397838273304016,1.3723689659518536,0.0028743965754806145,0.17645797629899726,1.0315726491214177,0.007241810999696141,5200.046713780919,0.2649992285481276,-0.27272727272727265,0.49872442063111083,0.4565123856166659,0.5503029909530814,-0.09959652128326828,-0.2663038124322727,0.3104967948717949,-0.3992698799752071,-0.021208177597862768,0.2375756146201745,Specialty Chemicals,Basic Materials,FUL
2020Q4,2020,Q4,2021-01-26,2020-11-28,40604000.0,777640000.0,44928000.0,0.77,213642000.0,0.2747312381,4036704000.0,1381321000.0,1019776000.0,530132000.0,2654842000.0,323213000.0,1474406000.0,2808789480.0,4482165480.0,26.42361695615579,1.9236265684772849,0.43944515129174694,1.284212721011264,0.009318287849017181,26.42361695615579,0.029395050100592113,3.61194058947585,17.293797901684563,2.03340822299813,0.20911732834203528,1.7449731291748785,0.0030230104678404023,0.19264231412558364,1.1609372759991852,0.010058701356354095,22.80231758402338,0.27473123810503575,-0.025316455696202552,0.5584509895595471,0.36089176015525104,0.517847483197223,0.1373373650475927,-0.02410652053740957,-0.3130065139606716,5.002526687987218,0.10451007502113352,0.2749647675311016,Specialty Chemicals,Basic Materials,FUL
2020Q3,2020,Q3,2020-09-24,2020-08-29,41607000.0,691463000.0,65398000.0,0.79,187844000.0,0.2716616797,3981725000.0,1313391000.0,989429000.0,455436000.0,2667817000.0,354221000.0,1442292000.0,2567402500.0,4361406500.0,25.194532898522922,2.1724874625633457,0.46937596142375476,1.4229776205257993,0.018226338570361687,25.194532898522922,0.03167906586842761,3.713000551005621,15.42650575624294,1.9547891678867908,0.2017208642776456,1.4217649433545725,0.0032690627979056652,0.1736591552656198,1.2098758113104806,0.010449491112520328,38.199141509574325,0.27166167965603366,0.29508196721311486,0.5012116235433609,0.2760014612188315,0.40562338882770177,0.01591662565372821,0.3161357669313257,0.040540970564836916,0.59970756780332,0.18731658395244666,0.2298505807333744,Specialty Chemicals,Basic Materials,FUL
2020Q2,2020,Q2,2020-06-25,2020-05-30,31613000.0,674602000.0,62850000.0,0.61,184901000.0,0.2740890184,3979060000.0,1218374000.0,1007872000.0,491762000.0,2760215000.0,388698000.0,1409158000.0,1934420399.9999998,3792129400.0,23.69455464799689,2.049511755686694,0.4845503711931964,1.5824820621582536,0.014414342277416302,23.69455464799689,0.02594687673899804,2.8674987622331387,15.297665517350456,1.5877065662924519,0.26429000727548796,1.2598495490071984,0.004319123185425464,0.16953803159540193,1.0543148921632823,0.007944841243911878,37.50548500300521,0.2740890184138203,2.2105263157894735,0.25744831746903085,0.2214219818290582,0.34372318811006525,0.08597925550034652,2.194845881758464,0.7153384279475983,0.20017493669596717,0.17952185670174145,0.20690426363022513,Specialty Chemicals,Basic Materials,FUL
2020Q1,2020,Q1,2020-03-26,2020-02-29,9895000.0,646564000.0,36640000.0,0.19,170262000.0,0.2633335602,4025266000.0,1221602000.0,1028230000.0,543315000.0,2803212000.0,380975000.0,1385993000.0,2012302849.9999998,3907036850.0,23.81522565552198,1.8925117105178395,0.4902712019528647,1.6154786910957906,0.006832847782749874,23.81522565552198,0.008100019482613813,3.112302649080369,50.84140601313794,1.6472655169195858,0.8309247094492168,1.2502185182754775,0.0040858661011189245,0.1606264033234077,0.9875744273579783,0.0024582226367151883,873.7745766391662,0.2633335601734708,-0.6885245901639344,-0.00293970108284004,0.344089417819739,0.379765642726262,-0.15383889035220683,-0.6928354131743962,0.2276763276930809,-0.34490941459721436,0.2582451712341457,0.26034715562829525,Specialty Chemicals,Basic Materials,FUL
2019Q4,2019,Q4,2020-01-24,2019-11-30,32214000.0,739106000.0,29845000.0,0.61,201217000.0,0.2722437648,3985734000.0,1222347000.0,1033362000.0,542157000.0,3985734000.0,337267000.0,1384411000.0,2548319320.0,4415244320.0,23.92583530701325,1.9060198429606183,0.4965499453801985,1.6191114307148462,0.006908794087157196,23.92583530701325,0.026354218564777432,3.4478401203616262,19.776489414540265,2.0847756978992056,0.25380269448066056,1.594846219760605,0.0032083891276231424,0.1854378641424641,1.1650315314567552,0.008082325614303413,27.118434819623285,0.27224376476445866,-0.3711340206185567,1.9360471282825542,0.3235964796190934,0.34695339653806245,-0.02944226585825845,-0.35206565026750875,-0.48367731778627404,-0.19147459866000266,0.26273548840457067,0.28012489466190094,Specialty Chemicals,Basic Materials,FUL
2019Q3,2019,Q3,2019-09-27,2019-08-31,49718000.0,725376000.0,57803000.0,0.97,207321000.0,0.2858117721,4032683000.0,1175599000.0,1080890000.0,457587000.0,4032683000.0,373609000.0,1360463000.0,2170510790.0,4147856790.0,23.078564557608118,2.3621518967977675,0.5200314530053565,1.7838752840041545,0.012566972452529739,23.078564557608118,0.04229163175538598,2.992256140263808,10.914109527736434,1.8463020043399154,0.16398487469327006,1.3866234485785942,0.003756258682316894,0.17987429212759842,1.3231669605998422,0.012328764745456066,31.876617908387306,0.2858117721016411,0.3857142857142858,19.220710796278993,0.3530877702482945,0.21546904306401066,-0.05098439524121231,0.35689528124232417,0.3541759400257702,0.49812953292968093,0.39555436054702464,0.21278298565086462,Specialty Chemicals,Basic Materials,FUL
2019Q2,2019,Q2,2019-06-28,2019-06-01,36641000.0,759583000.0,42685000.0,0.7,218459000.0,0.2876038563,4149864000.0,1162582000.0,1108759000.0,517576000.0,4149864000.0,382612000.0,1318984000.0,2007065860.0,4100579860.0,22.83961337472005,2.1422148631312115,0.528634191385549,1.8869722737836987,0.008653652282939019,22.83961337472005,0.03151691665620145,2.6423259340980514,13.6941258426353,1.7263864914474851,0.2222919680139734,1.414289149320983,0.004058162794916954,0.18303804654803146,1.1585776774811816,0.00882944597702479,34.30529962738864,0.28760385632643176,1.9166666666666665,0.7509878197951694,0.37025692132295485,0.19542368848703362,0.21416701403362512,1.9925677883044757,8.328015734265735,0.08295837260413659,0.40519629278524394,0.23962945373394362,Specialty Chemicals,Basic Materials,FUL
2019Q1,2019,Q1,2019-03-29,2019-03-02,12244000.0,672935000.0,4576000.0,0.24,179925000.0,0.2673735205,4166100000.0,1173693000.0,978527000.0,284909000.0,2520215000.0,386725000.0,1290571000.0,2590889600.0,4801783600.0,23.126044293820932,3.4345247078891856,0.5579246777561748,1.9803901020113437,0.0010109957020407497,23.126044293820932,0.010432029500048139,3.850133519582129,52.90120875530872,2.207467881294342,0.6438255472067952,1.2748335380438296,0.0030425842922832376,0.1615263675859917,2.077161479630338,0.0029389596985189984,-193.75483099012862,0.26737352047374563,-0.6962025316455697,-0.1736417423126989,0.36172131396968205,0.23629212331057517,-0.14157919847328243,-0.7038577820776394,-0.8672584341368608,-0.3629111825550424,0.39652292167112396,0.30545276725382725,Specialty Chemicals,Basic Materials,FUL
2018Q4,2018,Q4,2019-01-28,2018-12-01,41345000.0,768429000.0,34473000.0,0.79,209600000.0,0.2727643022,4175271000.0,1151767000.0,1087732000.0,546123000.0,4175271000.0,355563000.0,1285246000.0,2446346880.0,4543080880.0,22.711922227480674,1.9917344627492342,0.5382948795419507,1.9513729773469808,0.009315975854227533,22.711922227480674,0.03589701736549146,3.1835691781543902,14.792277663562706,2.1239945926563273,0.19013181763211998,1.5716736555828363,0.003213362775437635,0.18404290404143828,1.2141111068385693,0.009902351248577638,19.609523458353706,0.27276430223221665,0.09722222222222231,0.8593430995606209,0.41757819048571865,0.21886123458063997,-0.03500856337820666,0.09581235091439173,0.035971871619185,0.6358328933737173,0.38624614030210647,0.3046372133214539,Specialty Chemicals,Basic Materials,FUL
2018Q3,2018,Q3,2018-09-28,2018-09-01,37730000.0,770107000.0,33276000.0,0.72,217204000.0,0.2820439238,4289777000.0,1127602000.0,1167856000.0,518529000.0,4289777000.0,401091000.0,1244021000.0,2885517680.0,5099670680.0,22.270540369726657,2.252248186697369,0.5511328444345709,2.0966945784062108,0.007552984354375634,22.270540369726657,0.033460387619035796,3.7469048846459,19.119518155314072,2.5589859542640045,0.20803074476543865,1.378497647665991,0.0027201358197881495,0.17952145297995678,1.1880261277575603,0.00879532898796371,40.573661801512976,0.28204392376643767,-0.16279069767441862,0.3157244657882706,0.475324665847017,0.3240206507656031,-0.02329743462913416,-0.1512001979707993,-0.26091108988739087,0.4016028211774124,0.4631738773118639,0.2424914782744227,Specialty Chemicals,Basic Materials,FUL
2018Q2,2018,Q2,2018-06-29,2018-06-02,44451000.0,789387000.0,45023000.0,0.86,222385000.0,0.2817185994,4338897000.0,1129788000.0,1155671000.0,515407000.0,4338897000.0,404680000.0,1214219000.0,2620563840.0,4896267840.0,22.349468853237326,2.242249329170927,0.5542772736942131,2.12867546831795,0.00965914209977181,22.349468853237326,0.03934454959691553,3.3197453720418504,14.738497671593441,2.3195182104961285,0.17484421047895435,1.4011119897202728,0.0029657739610724383,0.18193264325011632,1.1775218419617894,0.010244769580840475,65.82346629157038,0.2817185993688774,-0.06521739130434788,0.6934449015377098,0.5023963735730405,0.36698896530460967,0.18475799792227166,-0.0677614194035485,9.997313141182218,0.7984910852786207,0.4538191939740784,0.2674430891900091,Specialty Chemicals,Basic Materials,FUL
2018Q1,2018,Q1,2018-04-04,2018-03-03,47682000.0,713079000.0,4094000.0,0.92,187705000.0,0.2632317036,5551000000.0,1120023000.0,1117481000.0,522827000.0,4430612000.0,410205000.0,1177605000.0,2498819210.0,4807547210.0,22.191416853242455,2.1373819638235974,0.43977769771212394,2.179603454571915,0.003988550403587836,22.191416853242455,0.04257234003230291,3.504267002674318,13.101480695021182,2.231042764300376,0.16027012289752945,1.280759620189905,0.0030582444577893254,0.128459556836606,1.1463715531141276,0.008589803638983966,-49.35061835920528,0.26323170364012966,5.842105263157896,1.2761590019913462,0.4668140091602644,0.38162821143283054,0.11905017408308294,5.879451494064675,-0.7535219747140277,3.883072958396172,0.506563402184075,0.28568819713958626,Specialty Chemicals,Basic Materials,FUL
2017Q4,2017,Q4,2018-01-31,2017-12-02,-9772000.0,678200000.0,16610000.0,-0.19,167736000.0,0.2473252728,5409296000.0,1043627000.0,1144992000.0,504913000.0,4365276000.0,359505000.0,1119231000.0,2802311400.0,5059823400.0,20.724978155532607,2.2677015644279312,0.4532770992750258,2.3494121942034845,0.0017284965159597165,20.724978155532607,-0.009363498644630697,4.131983780595695,-71.69237106017192,2.685165677009123,-0.7730249693000409,1.4199079289578727,0.0026956318987247456,0.1253767588240688,1.3713293181201514,-0.0018065197393524037,55.42327044025157,0.2473252727808906,-1.3877551020408163,-1.3836036259044904,0.3025822161156405,0.3218856566277369,0.11526595744680851,-1.3887341872861803,-0.170661074495706,-1.9036037061692719,0.23220463512541348,0.16675465502301817,Specialty Chemicals,Basic Materials,FUL
2017Q3,2017,Q3,2017-09-29,2017-09-02,25138000.0,562869000.0,20028000.0,0.49,150400000.0,0.2672024929,2288323000.0,1032159000.0,916911000.0,348965000.0,2288323000.0,317968000.0,1134411000.0,2553461120.0,3232839120.0,20.485848682121308,2.6275156534322925,0.34915219573460565,0.7740793811806127,0.007794463687209732,20.485848682121308,0.024354774797293827,4.536510484677607,25.39443392473546,2.473902877366762,0.2961253878590182,1.2972028631812007,0.002915258799789362,0.24597445378121882,1.4690556359520295,0.01098533729722596,86.25392244291312,0.26720249294240755,-0.020000000000000018,0.10611174129967979,0.10763905069178384,0.2812901643911458,0.029868938221558772,-0.028182626512544943,-0.1388769455671167,9.336446504750798,0.06151928521409324,0.07891956762984909,Specialty Chemicals,Basic Materials,FUL
2017Q2,2017,Q2,2017-06-30,2017-06-03,25867000.0,561651000.0,23258000.0,0.5,146038000.0,0.2600155613,2200236000.0,991363000.0,850440000.0,325381000.0,2200236000.0,302336000.0,1116883000.0,2637911040.0,3329918040.0,19.632505544993663,2.613674430897932,0.3572839459039848,0.7929577763140242,0.00891722499020474,19.632505544993663,0.026092359710822372,4.6967085254010055,25.494945683689643,2.6608931743468336,0.2924962307186763,1.374672549745978,0.0028681786024141284,0.25526852573996606,1.4528322182303208,0.011756466124543003,288.9278247535597,0.2600155612649136,0.7241379310344829,7.734427854801252,0.047948188428422356,0.3903232443195388,0.05066332844110622,0.7483609327475499,2.1421237503377464,0.24606225182740765,0.02134195875296934,0.027563899957046993,Specialty Chemicals,Basic Materials,FUL
2017Q1,2017,Q1,2017-03-31,2017-03-04,14795000.0,503323000.0,7402000.0,0.29,138996000.0,0.2761566628,2169328000.0,949380000.0,831972000.0,325066000.0,2169328000.0,286254000.0,1098645000.0,2479994480.0,3168257480.0,18.89576657444818,2.559394092276645,0.37098170493350935,0.847691124734037,0.0028919624191376444,18.89576657444818,0.01558385472624239,4.927242506303109,41.905956066238595,2.6122253260022332,0.4763771544440689,1.272740293585417,0.0028419418094833824,0.23201793366424994,1.4602050045221586,0.006820084376359868,-720.9286279069768,0.27615666281890555,-0.618421052631579,-0.050215202726314946,0.31781900315368805,0.28200515796772757,-0.1717603875557886,-0.6219400010221291,-0.8191767436179309,0.008643323213782006,0.028820224215496952,0.01014626985503518,Specialty Chemicals,Basic Materials,FUL
2016Q4,2016,Q4,2017-01-31,2016-12-03,39134000.0,574907000.0,40935000.0,0.76,167821000.0,0.2919098219,2058254000.0,937876000.0,811253000.0,391844000.0,2058254000.0,247399000.0,1090900000.0,2330359200.0,2893771200.0,18.69023515344759,2.070346872735068,0.3428425257524096,0.752399037825896,0.01776629685650161,18.69023515344759,0.041726198346050014,4.053454210854973,14.887049624367556,2.4847199416554,0.17754382378494404,1.6454634012263591,0.0029815146094215863,0.27931781014393753,1.3210052980267657,0.019013202452175484,64.65497322642399,0.29190982193641757,0.1875,0.47067738812193727,0.3070318373535658,0.3198644798408545,0.14850705921804533,0.19511375782562224,0.4219960398791121,0.7785695903046576,0.07181777438920041,0.003032806539359624,Specialty Chemicals,Basic Materials,FUL
2016Q3,2016,Q3,2016-09-23,2016-08-27,32745000.0,512858000.0,28787000.0,0.64,146121000.0,0.2849151227,2080393000.0,956438000.0,803762000.0,383725000.0,2080393000.0,261363000.0,1058847000.0,2363774830.0,2942242830.0,19.02942639422216,2.094630269072904,0.3420363364037468,0.7439792229083327,0.012290556389805026,19.02942639422216,0.034236406332663484,4.609023998845684,18.04683791418537,2.4714355033990705,0.21478088257749275,1.403171068590428,0.0029753256996987313,0.24651976813996201,1.2441383803505115,0.015739814544655745,47.799377780473996,0.2849151227045303,-0.015384615384615398,0.3748259922995246,0.2894471976369181,0.25048533027863196,-0.07667955717318775,-0.01758123068614803,-0.16341179889566987,0.15031583315080427,-0.010245182355462219,0.13133103642259802,Specialty Chemicals,Basic Materials,FUL
2016Q2,2016,Q2,2016-06-24,2016-05-28,33331000.0,532514000.0,34410000.0,0.65,158256000.0,0.2971865528,2991078000.0,923899000.0,824704000.0,394150000.0,2066775000.0,261072000.0,1033196000.0,2274075750.0,2849900750.0,18.42454880845548,2.09236077635418,0.2413333921749951,0.7813050993669222,0.014418838552944247,18.42454880845548,0.036076454244457455,4.270452513924517,17.056762098346887,2.46138998959843,0.21118478293480544,1.4335432371146657,0.0030953234517363815,0.17803414019962033,1.2720918432069008,0.011143474025083934,82.14701260701514,0.29718655284180323,0.7567567567567568,0.2968194599745749,0.32219611946604376,0.25079776252480107,0.1500744885723629,0.7618670049688128,1.68828125,0.28008849541697584,0.021710137000497457,0.1269240927945639,Specialty Chemicals,Basic Materials,FUL
2016Q1,2016,Q1,2016-04-05,2016-02-27,18918000.0,474326000.0,12800000.0,0.37,137605000.0,0.2901063825,2023336000.0,885004000.0,791060000.0,379086000.0,2023336000.0,264837000.0,1006964000.0,1920885100.0000002,2517488100.0,17.714960566876176,2.086756039526651,0.35751550904051527,0.8173680570935272,0.005280588428004606,17.714960566876176,0.02137617457096239,4.049714963969929,25.384357490220957,2.1704818283307197,0.3434823977164605,1.2714273307732682,0.003382815557265762,0.23442769762412174,1.2191798167170511,0.009349905304902399,100.04609895833335,0.2901063825301586,-0.24489795918367346,0.2931153549373084,0.37031359454904056,0.3057083346473557,-0.1182557990516468,-0.24300748269376976,-0.5929788857796998,-0.08765263871127016,-0.014285376953314558,0.10292593958641559,Specialty Chemicals,Basic Materials,FUL
2015Q4,2015,Q4,2016-01-27,2015-11-28,24991000.0,548104000.0,31448000.0,0.49,156060000.0,0.2847269861,2925633000.0,872920000.0,801051000.0,349525000.0,2052307000.0,248504000.0,994608000.0,1994187110.0000002,2597882110.0,17.408611371477573,2.2918274801516345,0.247079179104146,0.8280976492691198,0.010299640786728556,17.408611371477573,0.028629198551986437,3.6383370856625756,19.94905275899324,2.2845015694450814,0.26045376335480774,1.5776164568779576,0.0032639865975264476,0.18734543943139825,1.4732079250411272,0.008542083029552922,41.98377039516622,0.2847269861194226,-0.057692307692307744,0.1292036467897291,0.5080422039779078,0.3691429566417306,0.06278943067284119,-0.0677434998321334,0.10301287222475536,-0.014801388957813178,0.05718560679576114,0.110360334330173,Specialty Chemicals,Basic Materials,FUL
2015Q3,2015,Q3,2015-09-25,2015-08-29,26807000.0,524133000.0,28511000.0,0.52,146840000.0,0.2801578989,2068638000.0,903751000.0,792239000.0,325189000.0,2068638000.0,266896000.0,976181000.0,1837845450.0000002,2479602450.0,17.92409908569842,2.4362416932922084,0.3517183770190821,0.8050646693613617,0.011159394731350069,17.92409908569842,0.02966193121778012,3.5064486494840055,17.13960392807849,2.033575011258632,0.24504793524079532,1.4136330255979856,0.003574294019118963,0.2533710586385825,1.3153981223227107,0.012958768039647343,67.79966244881396,0.28015789885391684,0.06122448979591842,0.3613754158579972,0.4920237210190022,0.45965534733324515,-0.014079778698375824,0.08905139142799107,-0.009484435797665369,0.1786848007589365,0.030655727199171097,0.12106519092474273,Specialty Chemicals,Basic Materials,FUL
2015Q2,2015,Q2,2015-06-30,2015-05-30,24615000.0,540762000.0,28784000.0,0.49,148937000.0,0.2754206102,2981774000.0,887759000.0,794716000.0,357833000.0,2091102000.0,265620000.0,955998000.0,2120027950.0,2777463950.0,17.63350878935346,2.2209131075110458,0.24713442400396543,0.8300664932712595,0.010995950263775442,17.63350878935346,0.027727119634945972,3.920445500978249,21.531870302660977,2.3880669753840853,0.26654478976234003,1.4751336495745802,0.003094770519416973,0.18135579691821044,1.2180877671986654,0.008255152805008025,53.716470722375654,0.2754206101760109,1.5789473684210527,1.1567644609022736,0.49958604917377,0.5165453875960817,0.28166359740460906,1.535015447991761,6.357873210633946,7.336598214081083,0.01199897441776357,0.24875946641475502,Specialty Chemicals,Basic Materials,FUL
2015Q1,2015,Q1,2015-03-27,2015-02-28,9710000.0,470661000.0,3912000.0,0.19,116206000.0,0.2468995732,2097472000.0,866262000.0,682148000.0,195000000.0,958570000.0,275038000.0,937438000.0,2243403600.0,2981487600.0,17.260341117398582,3.4981948717948717,0.38601611845116407,0.9346571822381682,0.001495545806754657,17.260341117398582,0.011209079931937451,4.766495630613116,57.76013388259527,2.589751830277676,0.6224510813594233,1.288749191020877,0.0026941206655815295,0.22439441384676412,2.0877435897435896,0.004629382418454215,59.2991012899133,0.24689957315350114,-0.09523809523809519,-0.5049769367810212,0.46956975391107375,0.4340735277088552,-0.12254975988401945,-0.09766750302016541,-0.8279683377308708,-0.37597046083530894,0.23365259431058388,0.17104782458044512,Specialty Chemicals,Basic Materials,FUL
2014Q4,2014,Q4,2015-01-28,2014-11-29,10761000.0,547674000.0,22740000.0,0.21,132436000.0,0.2418153865,1870436000.0,890047000.0,670166000.0,174494000.0,749378000.0,251290000.0,933819000.0,2164121330.0,2688585330.0,17.762927335502027,3.840624892546449,0.3218677356509391,0.6764058527246314,0.007576778754590981,17.762927335502027,0.012090372755596053,3.9514772108955327,50.276956834866645,2.4314685966022016,0.5608214849921012,1.6524254844999802,0.002788660652404364,0.292805527695147,2.4005180693892054,0.0057532040657900085,115.6665595938001,0.24181538652556084,3.458598726114649,-0.5681538491387131,0.5807643655879577,0.483863490183207,0.058184316921552647,3.4540562913907285,1.3445716053201362,-0.5950064922259941,0.2469325137340522,0.2543799826830265,Specialty Chemicals,Basic Materials,FUL
2014Q3,2014,Q3,2014-09-26,2014-08-30,2416000.0,526765000.0,9699000.0,0.0471,125154000.0,0.2375898171,1937518000.0,950375000.0,813730000.0,357085000.0,1937518000.0,281265000.0,929224000.0,2354493120.0,2841850120.0,18.987373384212734,2.2788131677331727,0.29052684929894845,0.5922935683282915,0.0014816577505701247,18.987373384212734,0.002542154412731816,4.469722020255712,243.63546357615894,2.4774358753123766,2.4950331125827816,1.4278740689385454,0.0025602113460412236,0.2718761838599693,1.1780052368483693,0.0012469561573105385,-184.11738504848296,0.23758981709111274,-0.88225,-0.9341072405023471,0.613453608973967,0.4297944523828379,-0.1226805930391504,-0.8823586697180699,-0.6603515898585236,-0.8981407012614863,0.3299164318269844,0.24772189059204142,Specialty Chemicals,Basic Materials,FUL
2014Q2,2014,Q2,2014-06-27,2014-05-31,20537000.0,544034000.0,28556000.0,0.4,142655000.0,0.2622170673,1960815000.0,954453000.0,832531000.0,368744000.0,1960815000.0,281914000.0,931311000.0,2389395480.0,2860401480.0,19.105873168388182,2.257747922678064,0.2886809821426295,0.5930622042153988,0.01280592567064031,19.105873168388182,0.021517036459626614,4.391996603153479,29.086471733943615,2.5034186911246543,0.29312947363295516,1.4237639847613102,0.0025194657185841837,0.2774529978605835,1.218948647300024,0.010473706086499746,-49.78425836024586,0.2622170673156457,0.4285714285714285,0.1310098518317032,0.7582435921765053,0.5299305800698086,0.07223119996993499,0.40944341500240206,0.49758758128802183,-0.19793760067404248,0.35591001694405777,0.2970512145803744,Specialty Chemicals,Basic Materials,FUL
2014Q1,2014,Q1,2014-03-28,2014-03-01,14571000.0,485981000.0,19068000.0,0.28,133045000.0,0.2737658468,1909107000.0,933615000.0,701124000.0,208099000.0,741796000.0,260763000.0,916838000.0,2419636800.0,2862132800.0,18.705970747345223,3.369184859129549,0.2909962616029379,0.5950450667566395,0.008473015817243044,18.705970747345223,0.015607075721791102,4.978871190437486,41.514597488161414,2.591685866229655,0.34342186534898084,1.3534742275552896,0.0020680789778036108,0.25455933061897523,2.1161130039067944,0.007632364241501393,-35.58969803050583,0.27376584681294125,-0.3636363636363636,1.3050137992008901,0.6879030875816777,0.6737027001771513,-0.08668103684990938,-0.33423192908708765,-0.6380135165919963,-0.0030603256721271625,0.40533479577150316,0.3787522597226567,Specialty Chemicals,Basic Materials,FUL
2013Q4,2013,Q4,2014-01-24,2013-11-30,21886000.0,533531000.0,52676000.0,0.44,145672000.0,0.2730338068,1873028000.0,930065000.0,794694000.0,360778000.0,942567000.0,221537000.0,907308000.0,2557042990.0,2894825990.0,18.633722677458778,2.202723004174312,0.26315890632708105,0.5299672603527711,0.023218338953975043,18.633722677458778,0.023531688645417256,4.792679319477219,29.208660673489902,2.7493164348728314,0.22923329982637303,1.7507639807345952,0.001962031932830351,0.28484945233066455,1.405224265337687,0.011684822650809277,1462.0028530588909,0.27303380684533796,-0.20000000000000007,1.4853683329257468,0.4714065697743698,0.676861440585636,0.00806189319548534,-0.225795040503732,0.42175438596491227,-0.006537056462197596,0.4747106711346639,0.4654948413437182,Specialty Chemicals,Basic Materials,FUL
2013Q3,2013,Q3,2013-09-27,2013-08-31,28269000.0,514579000.0,37050000.0,0.55,144507000.0,0.2808256847,1800483000.0,839556000.0,781456000.0,324888000.0,1800483000.0,221256000.0,890476000.0,1861255770.0,2194450770.0,16.820387474205116,2.4053089064539166,0.2740675696465893,0.5877559090757496,0.019738505921263354,16.820387474205116,0.0336713691522662,3.617045720870848,16.460219409954366,2.2169524963194833,0.17768580423785774,1.6725964493618253,0.0026987156096230664,0.2858005324126915,1.4739541011056119,0.015700786955500274,133.09895380434781,0.2808256846859277,0.07843137254901968,0.25765684196931105,0.37338351237659295,0.2506903665218048,-0.014384514650515632,0.09024644220756682,0.01088646967340591,0.4502334441314546,0.4797353989003411,0.36977420195866756,Specialty Chemicals,Basic Materials,FUL
2013Q2,2013,Q2,2013-06-28,2013-06-01,25929000.0,519016000.0,36651000.0,0.51,146616000.0,0.2824884011,1773853000.0,816408000.0,786036000.0,315634000.0,1773853000.0,222381000.0,867270000.0,2075797950.0,2411020950.0,16.349414238510064,2.4903400774314552,0.27984731542016167,0.6080391176960539,0.01931824339140683,16.349414238510064,0.03175985536643443,3.999487395378948,20.01424997107486,2.5425987373960077,0.19364418218982607,1.6746034958022493,0.0024188288653045446,0.29259245270042106,1.5151504590760185,0.014617333003354844,97.14971451303411,0.28248840112828894,0.24390243902439035,0.24058839254299322,0.48718047219742017,0.27673055297177146,0.09926823416506718,0.2540020312424433,0.7903864002735577,1.2905508484251758,0.4510997361633301,0.40610862248132573,Specialty Chemicals,Basic Materials,FUL
2013Q1,2013,Q1,2013-03-29,2013-03-02,20677000.0,479842000.0,20471000.0,0.41,133376000.0,0.2779581612,1765410000.0,800150000.0,700916000.0,167926000.0,678907000.0,229442000.0,846402000.0,2037515300.0,2422047300.0,16.06178613726238,4.173957576551576,0.31021858944947633,0.684450415547085,0.010939830787984797,16.06178613726238,0.025841404736611884,4.246221256163487,24.635044977511242,2.5464166718740233,0.20665473714755525,1.5100373950715213,0.0020971621660951455,0.27180201766161965,2.8076295511117992,0.011712293461575499,-65.55290200115823,0.27795816122807093,-0.16326530612244902,0.29173561927479813,0.692142277705483,0.18893223927190303,-0.07193453664917823,-0.1766087926091112,-0.368782954580494,0.061979295678494015,0.5093938252379884,0.3344917200941519,Specialty Chemicals,Basic Materials,FUL
2012Q4,2012,Q4,2013-01-29,2012-12-01,25112000.0,513255000.0,32431000.0,0.49,143714000.0,0.2800050657,1786320000.0,778273000.0,799344000.0,350119000.0,1786320000.0,208531000.0,830031000.0,1630674000.0,1950463000.0,15.67834407735697,2.2830637583221707,0.2912272157284249,0.6684351121007667,0.01664530907436252,15.67834407735697,0.03226631272060061,3.1771224829762983,16.234011627906977,2.0952467835836526,0.1689232239566741,1.7721154168924524,0.0026013783257720427,0.28732533924492815,1.5243817102185258,0.01405795154283667,216.21241050119332,0.2800050657080788,0.1136363636363636,0.17816302259628566,1.01675278119846,0.1753955419305081,0.06990560138173371,0.12182264909537636,0.150076243838434,0.017242163686820442,0.4953568029871224,0.3097234438617721,Specialty Chemicals,Basic Materials,FUL
2012Q3,2012,Q3,2012-10-05,2012-09-01,22385000.0,500535000.0,28199000.0,0.44,134324000.0,0.2683608539,1747927000.0,793459000.0,799629000.0,349462000.0,950280000.0,216025000.0,809194000.0,1509157070.0,1833863070.0,15.98845386583916,2.2881715322409875,0.30461855672462296,0.6710504260459582,0.014997842587652212,15.98845386583916,0.028211917692029454,3.0150879958444463,16.85455740451195,1.901997544926707,0.18959124413669867,1.6952250896886933,0.0028121658668703053,0.28635921294195926,1.5078463466700243,0.012806598902585748,65.78714341761116,0.2683608538863416,6.665505226480836,-0.04002006985081994,0.6550779047607419,0.13835812361802236,-0.01630892487056118,6.687156593406593,0.016986439699942298,-0.3842421536927075,0.5462727868383279,0.20396866786024984,Specialty Chemicals,Basic Materials,FUL
2012Q2,2012,Q2,2012-07-06,2012-06-02,2912000.0,526995000.0,27728000.0,0.0574,136551000.0,0.2591125153,1735403000.0,701127000.0,786221000.0,426712000.0,1030202000.0,212364000.0,730204000.0,1488566960.0,1951068960.0,14.120820913558367,1.8425097020941525,0.3554223428218114,0.8797279237570369,0.011605572504742525,14.120820913558367,0.004153313165803057,2.824632036357081,127.7959271978022,2.123106027866563,1.4567307692307692,1.8385602079448493,0.002849720646762172,0.3036729797055785,1.1009158401919796,0.0016779964077508222,49.42941922629919,0.25911251529900664,-0.8086666666666666,-0.8700994289012299,0.7161509905496614,0.012757678403747976,0.1967030655706098,-0.809735380594577,0.3432156178849973,-0.8386489983957326,0.7136037584944636,0.13074527088807178,Specialty Chemicals,Basic Materials,FUL
2012Q1,2012,Q1,2012-03-30,2012-03-03,15305000.0,375262000.0,20643000.0,0.3,114106000.0,0.3040702229,1255657000.0,727602000.0,627224000.0,269832000.0,527680000.0,163466000.0,732544000.0,1448862750.0,1526588750.0,14.739228198116074,2.324498206291322,0.1812620803292619,0.3128124991410139,0.013010421455077059,14.739228198116074,0.021034851470996506,3.8609364923706635,23.666493792878146,1.9912847270898102,0.2434498529892192,1.5976166297578702,0.0025716721614935578,0.298857092342893,1.462087521124255,0.012188838193869823,-822.2830590238366,0.3040702229375743,-0.43396226415094347,-0.1075179612977221,0.29521297191075535,0.10073351434246992,-0.09160676044676905,-0.4204407755225689,-0.48865494178845675,1.447856382996694,0.31774456800520856,0.31878138627021807,Specialty Chemicals,Basic Materials,FUL
2011Q4,2011,Q4,2012-01-27,2011-12-03,26408000.0,436526000.0,40370000.0,0.53,125613000.0,0.2877560558,1227709000.0,705204000.0,596590000.0,254985000.0,522132000.0,135993000.0,720989000.0,1114026000.0,1190173000.0,14.160722891566264,2.3397062572308176,0.18921096122941186,0.3294025558561778,0.03157918754388643,14.160722891566264,0.037447320208053275,2.552026683404883,10.54629279006362,1.5797216124695834,0.13995758860951227,2.2862426742552926,0.0033176963553812923,0.3555614563385949,1.6207345530129222,0.021509983228924768,39.782380459236514,0.2877560557675831,0.12765957446808524,0.5993945921052315,0.5323693106185984,0.10330243462122979,0.1217349371768425,0.13729543496985358,0.8165864194753184,1.5869821376263828,0.2066115528068779,0.27433313239178053,Specialty Chemicals,Basic Materials,FUL
2011Q3,2011,Q3,2011-09-23,2011-08-27,23220000.0,387756000.0,22223000.0,0.47,111981000.0,0.2887924365,1285548000.0,745664000.0,619137000.0,263979000.0,533456000.0,172946000.0,698323000.0,1006950000.0,1095963000.0,15.217632653061225,2.3454024751968907,0.18524862548889656,0.31937440992189514,0.01539653035649339,15.217632653061225,0.03114003089863531,2.596865038838857,10.84140826873385,1.3504071538923699,0.1595176571920758,1.5945728724572987,0.003678434877600675,0.30162701042668183,1.4817352895495475,0.0180623360621307,54.17787582051006,0.28879243648067343,-0.06000000000000005,0.15849137472990682,0.20358267903650967,0.32862063066404185,-0.005426673298280517,-0.07585767730637587,-0.11416271375612867,0.052280496652520006,0.054182715150670455,0.13151653549234024,Specialty Chemicals,Basic Materials,FUL
2011Q2,2011,Q2,2011-06-24,2011-05-28,25126000.0,393722000.0,25087000.0,0.5,112592000.0,0.285968272,1249859000.0,722091000.0,588860000.0,252194000.0,525716000.0,151849000.0,678848000.0,1064736120.0,1166962120.0,14.73023806123906,2.3349484920339103,0.19188964515197315,0.3321395779756291,0.01803378944587181,14.73023806123906,0.03479616834997251,2.704284037976034,10.593967603279472,1.4745179208714692,0.14717822176231793,1.8513786722336005,0.0034731610307350146,0.3150131334814567,1.5178434062666042,0.020103067626028218,43.403698177815826,0.28596827202950303,0.7241379310344829,0.540552952083264,0.2141616012699833,0.3186037046457433,0.16189218195327335,0.7508187582746847,1.2429146177916852,0.2245828951959589,0.1491996849959846,0.15028861040378383,Specialty Chemicals,Basic Materials,FUL
2011Q1,2011,Q1,2011-03-28,2011-02-26,14351000.0,339548000.0,11185000.0,0.29,96904000.0,0.2853911671,1173721000.0,664880000.0,551025000.0,229704000.0,506520000.0,143836000.0,657460000.0,1041867560.0000001,1159098560.0,13.567318287556626,2.398848082749974,0.20376989080028388,0.35971754301528097,0.008198718794296461,13.567318287556626,0.02158434604740705,3.0683955140363075,18.1497379973521,1.5670009024184817,0.24054072886906835,1.6869490252787898,0.00331328100857656,0.2892919186075737,1.5183584090829938,0.012226926160475956,-223.81687647690657,0.2853911670809429,-0.34090909090909094,0.11306691900736467,0.15460472864666663,0.2862412013723875,-0.05107716412064238,-0.34577862873814735,-0.6222304782491218,-0.08862610034882702,0.21721728080697866,0.004285698656967177,Specialty Chemicals,Basic Materials,FUL
2010Q4,2010,Q4,2011-01-20,2010-11-27,21936000.0,360243000.0,29608000.0,0.44,102120000.0,0.2834753208,1153457000.0,631934000.0,533617000.0,231333000.0,519067000.0,121621000.0,646596000.0,1047179000.0,1164623000.0,12.714969818913481,2.306705052889125,0.21736484324946662,0.3967518759870493,0.02345300909690614,12.714969818913481,0.034712485797567465,2.906868419372479,11.934479850474107,1.6571018492437501,0.15700218818380743,2.122355514261517,0.0032888360060696403,0.3123159337539241,1.580764525597299,0.01901761400728419,29.585506427461507,0.28347532082510973,0.15789473684210525,0.11482428599643667,0.033248193144929265,0.28141105691060375,0.06072252113758647,0.15586468542522922,1.3485365273260888,0.027914297605226984,0.413807920709603,-0.0467667524585103,Specialty Chemicals,Basic Materials,FUL
2010Q3,2010,Q3,2010-09-30,2010-08-28,18978000.0,338568000.0,12607000.0,0.38,96274000.0,0.2843564661,1178669000.0,596731000.0,551933000.0,234890000.0,579125000.0,148464000.0,628132000.0,952947950.0,1111585950.0,12.27967897931886,2.349750947251905,0.2539771555882101,0.5016582010989876,0.01134962185763743,12.27967897931886,0.03180327484243319,2.8146427010231325,12.553324243861313,1.5969472844548047,0.18057751080198123,1.6320050652009914,0.003596209005958825,0.28724603769166746,1.490680744178126,0.016101212469319205,497.3632306889353,0.28435646605704024,0.7272727272727273,0.4483255524243864,0.12136555873114309,0.22244900781591986,-0.047810262293784864,0.7235491780946326,-0.19356489477387578,-0.16884516973054375,0.14328981333986301,-0.1257020573205117,Specialty Chemicals,Basic Materials,FUL
2010Q2,2010,Q2,2010-06-30,2010-05-29,11011000.0,347908000.0,15633000.0,0.22,101108000.0,0.2906170597,1131942000.0,564767000.0,545414000.0,235983000.0,564241000.0,129979000.0,612614000.0,1036040759.9999999,1167348760.0,11.627419089187185,2.311242759012302,0.25831358850541813,0.5177285500038069,0.011072774823716484,11.627419089187185,0.01949653573951736,2.977915885808892,23.52285805103987,1.8344569707507699,0.31123422032512943,1.8987682625654914,0.0033077849176513094,0.30735497048435345,1.5467554866240365,0.009727530209144991,113.47653450164292,0.2906170596824448,-0.42105263157894735,-0.19905509047302455,0.05781169171869584,0.1815657004140564,0.035104781989987614,-0.41900590966652596,-0.40402577103427245,-0.49789191696107565,0.15814830588693674,-0.16607129042434607,Specialty Chemicals,Basic Materials,FUL
2010Q1,2010,Q1,2010-03-31,2010-02-27,18952000.0,309442000.0,26231000.0,0.38,97679000.0,0.3156617395,1132552000.0,583632000.0,522432000.0,236360000.0,545998000.0,132781000.0,605106000.0,1017826089.9999999,1148012090.0,12.035882947351055,2.2103232357420883,0.24648757849529204,0.47831510266743427,0.021541561957604132,12.035882947351055,0.03247251692847548,3.289230582790959,13.42636779759392,1.7439518223812263,0.1754959898691431,1.59482907946167,0.0032677488155171976,0.273225423645007,1.4151506177018107,0.016733889481454274,-122.88133405770854,0.31566173951822957,-0.24,2.4317285080749795,0.03194984213579053,0.2346369859752058,-0.08265401953418482,-0.22855863556803843,-0.2459105936466868,0.1250691062807718,0.08728615210674308,-0.10115376756662928,Specialty Chemicals,Basic Materials,FUL
2009Q4,2009,Q4,2010-01-22,2009-11-28,24567000.0,341573000.0,34785000.0,0.5,106480000.0,0.3117342413,1100445000.0,591354000.0,473656000.0,236008000.0,506203000.0,116907000.0,589451000.0,997386000.0000001,1111260000.0,11.97072874493927,2.006948916985865,0.194492228144069,0.3619287262790139,0.02944464162314553,11.97072874493927,0.041543643908724726,2.9199790381558266,10.149651972157773,1.6866141093152327,0.13465217568282656,2.0109403200834852,0.0033166697747913044,0.3103953400669729,1.2883122606013355,0.022324605046140426,-18.66086663673103,0.3117342412895633,-0.3055555555555555,1.9453882349238325,0.05784223272577932,0.25322107466289084,0.060399342727680126,-0.3062717081297828,0.6693861880309065,0.4999425718617437,0.20875771117719188,-0.06732627496384669,Specialty Chemicals,Basic Materials,FUL
2009Q3,2009,Q3,2009-10-01,2009-08-29,35413000.0,315329000.0,20837000.0,0.72,100415000.0,0.3184451795,1150732000.0,641985000.0,544480000.0,211739000.0,505961000.0,112452000.0,568193000.0,972177730.0,1035956730.0,13.27979231739859,2.571467703162856,0.21196507961888605,0.3799387836164396,0.016251120744786608,13.27979231739859,0.05516172496242124,3.08305842469294,6.863141572303956,1.5143309111583603,0.09335554739784825,1.911162095827553,0.003400612766556584,0.2740247077512401,1.7490731513797646,0.03077432451691619,17.90778311965812,0.3184451794792106,1.0,3.3833626760754734,0.06267008849281,0.42964517624797083,0.12310978883321402,1.016915366214831,-0.2529399110856159,0.7908358964509328,-0.007926615918695317,0.15943172279693127,Specialty Chemicals,Basic Materials,FUL
2009Q2,2009,Q2,2009-07-01,2009-05-30,17558000.0,299193000.0,27892000.0,0.36,89408000.0,0.2988305208,1091896000.0,603236000.0,472138000.0,193649000.0,485910000.0,117816000.0,536117000.0,822151100.0,939067100.0,12.488065417658628,2.438112254646293,0.21340860301713716,0.3862833120039255,0.02234902044042225,12.488065417658628,0.029106353069113914,2.747895505576668,11.706217963321562,1.3629012525777637,0.18817632987811825,1.7806155360901745,0.004018725998177221,0.27401236015151625,1.5644542445352159,0.016080286034567393,16.27441901896354,0.2988305207675313,1.769230769230769,0.7651734520073177,-0.030927501471430127,0.35663987573783473,0.19212256163415511,1.8708306082406803,1.2506253530218672,0.09249233774176939,-0.06367133389470617,0.11789159517479815,Specialty Chemicals,Basic Materials,FUL
2009Q1,2009,Q1,2009-04-03,2009-02-28,6116000.0,278563000.0,12393000.0,0.13,74999000.0,0.2692353256,1036235000.0,539686000.0,439128000.0,186336000.0,493715000.0,139504000.0,521818000.0,550483200.0,722027200.0,11.176399933730949,2.356646058732612,0.23338045906575247,0.44810686213835454,0.010006970574971324,11.176399933730949,0.011332515573870732,1.9761533297674134,22.501765860039242,1.0200064481939497,0.5241988227599739,1.4591983025576327,0.005823974282957227,0.2688222266184794,1.3446998969603297,0.005902136098471872,-204.94534623976173,0.2692353255816458,1.1444444444444444,0.556617481324927,0.02662620821233127,0.22436069091217659,-0.14053081524604066,1.1404556310857983,-0.8892898937833323,-0.5185883172911885,-0.03868521097722257,0.05957166870368287,Specialty Chemicals,Basic Materials,FUL
2008Q4,2008,Q4,2009-01-28,2008-11-29,-43544000.0,350155000.0,111941000.0,-0.9,87262000.0,0.2492096357,1081328000.0,535611000.0,479057000.0,229954000.0,542874000.0,143158000.0,518937000.0,855067999.9999999,1014831999.9999999,11.112261410788381,2.0832731763744055,0.22207322847461639,0.44833657262453536,0.0937045922122701,11.112261410788381,-0.0812978075506291,2.4419699847210516,-4.909218261987874,1.5964347259484961,-4.302039316553372,1.836383576188547,0.21907965214462477,0.3238194146456949,1.285648434034633,-0.04026900255981534,428.17626439659483,0.24920963573274693,-3.0454545454545454,-4.899530302043913,0.20666842004129252,0.2544813682080111,-0.03527798967419544,-3.005157487566771,3.4076465724298144,-3.2818477052619817,0.03556839262658249,0.11989055749737033,Specialty Chemicals,Basic Materials,FUL
2008Q3,2008,Q3,2008-10-03,2008-08-30,21716000.0,361986000.0,25397000.0,0.44,90453000.0,0.2498798296,1327454000.0,648532000.0,620615000.0,246782000.0,676052000.0,150829000.0,563569000.0,1257147540.0,1389555540.0,13.448882252913608,2.5148309033884155,0.2557271287743304,0.5234375481857487,0.023180977990355307,13.448882252913608,0.03348485502642892,3.472917571397789,14.472595551666975,1.9384510556148349,8.920151040707312,1.8002705050089838,0.15408692602620055,0.2726919350877695,1.7085160181860914,0.01635913560846553,76.04788216078882,0.24987982960666988,0.07317073170731714,1.0718437090629587,0.3173572026019719,0.5893734799321099,-0.050092939730947354,0.01638116633904334,-0.1958903242147923,0.6700979822342213,0.2082017130748339,0.33884385691158464,Specialty Chemicals,Basic Materials,FUL
2008Q2,2008,Q2,2008-07-02,2008-05-31,21366000.0,356765000.0,31584000.0,0.41,95223000.0,0.2669067874,1350572000.0,653692000.0,623221000.0,246349000.0,693945000.0,147605000.0,544697000.0,1269538890.0,1404890890.0,12.805688874958372,2.529829631944924,0.25754273004327055,0.5321007446932194,0.02256549874766024,12.805688874958372,0.032685117761881745,3.558473757235155,14.854662664981747,1.942105594071826,0.15894411682111767,1.7719047457741945,0.0026749869789337447,0.2641584454586649,1.7374091228298065,0.015819963689458986,54.617918172431594,0.26690678738104917,0.2812499999999999,1.4191870641625315,0.21578258321695823,0.5232736684254122,0.04049520854048975,0.17311810245429088,0.25080194843768566,0.4788184808808455,0.03214794401880672,0.30130019643786615,Specialty Chemicals,Basic Materials,FUL
2008Q1,2008,Q1,2008-04-04,2008-03-01,18213000.0,322648000.0,25251000.0,0.32,91517000.0,0.2836434752,1329313000.0,765741000.0,601648000.0,246745000.0,560580000.0,153256000.0,657445000.0,1289515500.0,1308861500.0,13.509420980205356,2.4383391760724633,0.16160377578493554,0.2805413318602504,0.018283266997593733,13.509420980205356,0.023784804522678032,3.996663546651459,17.700481798715202,1.6840099981586465,0.20007686817108658,1.5081367124288771,0.002825867544825944,0.24271785501232593,1.6174512148169162,0.013701062127580186,-38.394435181325555,0.2836434752423694,-0.25581395348837205,4.58318875464447,0.089841305706993,0.6611546792303821,-0.08173544846131463,-0.29187402799377915,-0.26734368199622804,1.8213394208416398,-0.07949896400722022,0.38579204153375696,Specialty Chemicals,Basic Materials,FUL
2007Q4,2007,Q4,2008-01-30,2007-12-01,25720000.0,307097000.0,34465000.0,0.43,99663000.0,0.3245326395,1364602000.0,798993000.0,635950000.0,297835000.0,562552000.0,137564000.0,683698000.0,1514871000.0,1441121000.0,13.338781302170284,2.1352426679201573,0.12648962847775394,0.21603193019212935,0.026854598982774827,13.338781302170284,0.03219051981681942,4.932874629188823,14.724640357698288,1.895975308920103,0.1500388802488336,1.5079090459713298,0.0025474116277887687,0.22504510472650632,1.5691070559202243,0.0188479864458648,42.73984313282925,0.32453263952431965,-0.06521739130434788,1.3285796296320134,-0.12482218294850861,0.674153467029023,-0.08231816800640866,-0.09328068814778255,-0.10315126597101147,1.5430887267103661,-0.21564428028032173,0.39644312342021276,Specialty Chemicals,Basic Materials,FUL
2007Q3,2007,Q3,2007-10-05,2007-09-01,28366000.0,367891000.0,38429000.0,0.46,108603000.0,0.2952042861,1401530000.0,847908000.0,616958000.0,297494000.0,535838000.0,136567000.0,661855000.0,1624556700.0,1577309700.0,14.045188007288388,2.0738502289121796,0.1226716516949334,0.20276728135599617,0.026971589997541214,14.045188007288388,0.033454101152483526,4.415864209779527,14.317816223648029,1.9159586889143634,0.13854614679545935,1.89861386718607,0.0024191214747998637,0.26249241899923653,1.4590613592206902,0.02023930989704109,37.53857014118354,0.2952042860521187,0.0454545454545455,1.8741750760695681,0.09227949874150267,0.7403466261414823,0.004216483120197509,0.04030513074412293,0.07026680777585918,1.811610822514349,-0.007190033473954406,0.5120443757097205,Specialty Chemicals,Basic Materials,FUL
2007Q2,2007,Q2,2007-07-06,2007-06-02,27267000.0,373515000.0,35906000.0,0.44,108147000.0,0.2895385727,1391759000.0,842070000.0,597503000.0,277647000.0,531782000.0,131885000.0,637848000.0,1646340440.0,1617011440.0,13.942941351789912,2.1520239728864348,0.12334463078737051,0.20386191171755316,0.025147919666081354,13.942941351789912,0.03238091845096013,4.407695648099809,15.094623904353249,1.9551111427791041,0.14369017493673672,2.0121166167494406,0.002379823701591148,0.26837620593795336,1.507129556595245,0.01959175403212769,31.78815701569771,0.2895385727480824,0.29411764705882343,2.1943648053271856,0.08708749835977149,0.7711501691816285,0.05725877407371199,0.3096541786743516,0.319685386650985,1.1925423581862875,-0.03236586706143684,0.5146901934197776,Specialty Chemicals,Basic Materials,FUL
2007Q1,2007,Q1,2007-04-06,2007-03-03,20820000.0,351755000.0,27208000.0,0.34,102290000.0,0.2907989936,1374687000.0,802525000.0,572684000.0,276054000.0,554341000.0,139229000.0,614124000.0,1498924330.0,1524709330.0,13.39036924565765,2.0745361414795656,0.14345665595150023,0.24573440079748293,0.01932279815558892,13.39036924565765,0.025943117036852436,4.261273699023468,17.998611071085495,1.867760294071836,0.18213256484149856,1.791760337286054,0.002529814163467478,0.25588006578952155,1.4044679664123685,0.015145265795050072,-53.77307013452915,0.2907989936177169,0.030303030303030328,5.036159355149294,0.12370862538686098,0.646515758272616,0.022675011497470556,0.03623332669719291,0.05400170450143333,3.2694148143148896,0.044485454193550586,0.4668982712136751,Specialty Chemicals,Basic Materials,FUL
