Quarters,Year,Quarter,FillingDate,Date,NetIncome,Revenue,OperatingIncome,EPSDiluted,GrossProfit,GrossProfitRatio,TotalAssets,CommonStockEquity,CurrentAssets,CurrentLiability,TotalLiability,Inventory,RetainedEarnings,MarketCap,EnterpriseValue,bookValuePerShare,currentRatio,debtToAssets,debtToEquity,roic,shareholdersEquityPerShare,roe,priceToSalesRatio,peRatio,pbRatio,payoutRatio,inventoryTurnover,dividendYield,assetTurnover,quickRatio,returnOnAssets,priceToFreeCashFlowsRatio,grossProfitMargin,epsdilutedGrowth,fiveYNetIncomeGrowthPerShare,fiveYRevenueGrowthPerShare,fiveYShareholdersEquityGrowthPerShare,grossProfitGrowth,netIncomeGrowth,operatingIncomeGrowth,threeYNetIncomeGrowthPerShare,threeYRevenueGrowthPerShare,threeYShareholdersEquityGrowthPerShare,Industry,Sector,Symbol
2023Q1,2023,Q1,2023-05-09,2023-03-31,57533000.0,156984000.0,74345000.0,1.72,156984000.0,1.0,12332105000.0,1310882000.0,1828739000.0,203494000.0,11021223000.0,0.0,1164665000.0,2733396416.7,2724064416.7,39.853090292521564,8.986697396483434,0.023479527623224097,0.2208833441911629,0.03594837400355154,39.853090292521564,0.04388877107169066,17.411942724736278,11.87751558540316,2.0851582497127885,0.228564476039838,0.0,0.004810864578463103,0.012729700241767321,10.594214080022015,0.00466530247674667,44.415137900945695,1.0,0.011764705882352951,0.9235558825040048,0.6690474567241949,0.5489688130169584,-0.009689629068887207,0.007124601757518468,0.05996663767661358,1.5283071819641578,0.42802606265706833,0.27262847762640846,Banks—Regional,Financial Services,BANF
2022Q4,2022,Q4,2023-02-24,2022-12-31,57126000.0,158520000.0,70139000.0,1.7,158520000.0,1.0,12387863000.0,1250836000.0,5008681000.0,76455000.0,11137027000.0,0.0,1120292000.0,2898307911.6600003,-184558088.33999968,38.0562458654804,65.51149041920084,0.0069458307700044795,0.06878919378719513,0.04273083597630303,38.0562458654804,0.04567025573296579,18.283547260030282,12.683838845972064,2.3170966550850793,0.230070370759374,0.0,0.004534714875229517,0.012796395956267841,65.51149041920084,0.0046114491256482254,68.51791753333335,1.0,0.03030303030303033,1.8416206205957528,0.679620565316314,0.5640347760395906,3.3710362322836818,0.03204942910825264,-0.16900857779252168,0.5993379487911886,0.4395843742437158,0.2372557210064291,Banks—Regional,Financial Services,BANF
2022Q3,2022,Q3,2022-11-04,2022-09-30,55352000.0,36266000.0,84404000.0,1.65,36266000.0,1.0,12452378000.0,1195149000.0,3666198000.0,4600000.0,11257229000.0,0.0,1076316000.0,2936936046.57,-305738953.4299998,36.408685560205434,796.9995652173913,0.007278127920626888,0.075831549036982,0.053170911905710876,36.408685560205434,0.04631389056929303,80.98318112198754,13.264814489855832,2.4573806668206224,0.2131991617285735,0.0,0.004018133119984753,0.002912375451500107,1126.7545652173912,0.004445094744152482,52.24377484292728,1.0,0.23134328358208942,1.4729057672404728,-0.5928917203616382,0.5164478974358925,-0.7198779592940177,0.23810588945802671,0.40964660297949096,0.6495350386505335,-0.6658201414335942,0.21300976778311342,Banks—Regional,Financial Services,BANF
2022Q2,2022,Q2,2022-08-05,2022-06-30,44707000.0,129465000.0,59876000.0,1.34,129465000.0,1.0,12530073000.0,1185695000.0,4267249000.0,115675000.0,11344378000.0,0.0,1034107000.0,3134478763.9199996,-652747236.0800004,36.204701641710145,36.88998487140696,0.007351513434917738,0.07768861300756097,0.03791869000760791,36.204701641710145,0.037705312074353015,24.211012736415245,17.527896995548794,2.6435793048971274,0.2634934126646834,0.0,0.003758200609171732,0.010332342038230743,47.27349038253728,0.00356797602057067,61.148629807257116,1.0,0.24074074074074073,0.8730425733660006,0.4894288480244658,0.538601866208139,0.08650771670988695,0.24480022274815535,0.28156503499497015,0.3036660987128818,0.2539076419567954,0.23520828096969817,Banks—Regional,Financial Services,BANF
2022Q1,2022,Q1,2022-05-06,2022-03-31,35915000.0,119157000.0,46721000.0,1.08,119157000.0,1.0,12624431000.0,1167802000.0,5675308000.0,119657000.0,11456629000.0,0.0,1001200000.0,2718214080.3599997,-1283888919.6400003,35.74876795838334,47.42980352173295,0.007073665339847792,0.0764692987338607,0.030538399141340173,35.74876795838334,0.030754357331122913,22.81203857398222,18.92116163413615,2.327632664064627,0.3268272309619936,0.0,0.004318276505449276,0.009438603609144839,47.42980352173295,0.002844880692048616,47.930984824108194,1.0,-0.06086956521739117,0.582063569264069,0.3969085491370764,0.5540986011197447,-0.02001792895855779,-0.05902850555439111,-0.026321273757919306,0.1262073170763191,0.20276370884474335,0.2564060367003147,Banks—Regional,Financial Services,BANF
2021Q4,2021,Q4,2022-02-25,2021-12-31,38168000.0,121591000.0,47984000.0,1.15,121591000.0,1.0,9405612000.0,1171734000.0,965195000.0,2608000.0,8233878000.0,0.0,977067000.0,2299252919.04,337825919.03999996,35.95844126383456,370.0901073619632,0.009419376431857916,0.07561016408160896,0.032267951763162335,35.95844126383456,0.03257394596384504,18.909729495110657,15.060082523579965,1.9622652573365629,0.3072207084468665,0.0,0.0050999174135640205,0.012927494776522783,1079.5793711656443,0.004058002817892126,105.60110774996555,1.0,-0.008620689655172422,0.9807528282747122,0.48755442455421527,0.5922548321778011,0.013461025538441022,-0.015019354838709677,0.0,0.17118755890507067,0.2365719981929308,0.3033152448447664,Banks—Regional,Financial Services,BANF
2021Q3,2021,Q3,2021-11-05,2021-09-30,38750000.0,119976000.0,0.0,1.16,119976000.0,1.0,11302771000.0,1146874000.0,0.0,77880000.0,10155897000.0,0.0,950560000.0,1968575532.48,-2052817467.52,35.025359069223576,0.0,0.007916023424698245,0.07801467292832517,0.0,35.025359069223576,0.03378749540054095,16.408077719543908,12.70048730632258,1.7164706257880116,0.28766451612903227,0.0,0.005662470053133839,0.01061474217251681,62.570968156137646,0.0034283628324417083,90.31405847043172,1.0,-0.20000000000000004,1.0574058622167137,0.44341071134322896,0.578377440231981,-0.05516573345618636,-0.1959246347941567,0.0,0.178362014636337,0.21829162605864738,0.2961299985159054,Banks—Regional,Financial Services,BANF
2021Q2,2021,Q2,2021-08-09,2021-06-30,48192000.0,126981000.0,0.0,1.45,126981000.0,1.0,11015287000.0,1131591000.0,10015027000.0,69348000.0,9883696000.0,0.0,935067000.0,2046407141.61,-1505931858.39,34.52158893191716,144.41695506719734,0.00808503673122634,0.07870246405282474,0.0,34.52158893191716,0.04258782545990557,16.115853093061165,10.6159069016123,1.808433560897886,0.23120019920318724,0.0,0.005444664345353139,0.011527706904050706,63.626651093038014,0.004375010837211958,35.09229429152019,1.0,0.14173228346456687,1.6137681203905767,0.5661293935513927,0.5862304664716506,0.08400133172842984,0.13339604891815615,0.0,0.5726004796989714,0.32964135972007796,0.31021422677726973,Banks—Regional,Financial Services,BANF
2021Q1,2021,Q1,2021-05-05,2021-03-31,42520000.0,117141000.0,0.0,1.27,117141000.0,1.0,10549305000.0,1094671000.0,9597182000.0,55890000.0,9454634000.0,0.0,898026000.0,2315581867.88,-716272132.1199999,33.41807692631758,171.71554839864018,0.002896304543285079,0.02791158256681688,0.0,33.41807692631758,0.03884272078094697,19.76747567358995,13.614662910865475,2.1153221998938494,0.26164158043273755,0.0,0.0048044079781058855,0.01110414382748437,67.90756843800322,0.004030597276313463,38.178161773395765,1.0,0.19811320754716977,1.432527129172304,0.4697724894141109,0.5668050749732327,0.019016136749162717,0.20255670569602352,0.0,0.42751434668719845,0.25060931776530077,0.29885934992551855,Banks—Regional,Financial Services,BANF
2020Q4,2020,Q4,2021-02-26,2020-12-31,35358000.0,114955000.0,0.0,1.06,114955000.0,1.0,9212357000.0,1067885000.0,8226563000.0,0.0,8144472000.0,0.0,871161000.0,1918920375.2,328812375.20000005,32.66672776532828,0.0,0.002909570265242652,0.025100081001231407,0.0,32.66672776532828,0.033110306821427404,16.6927960958636,13.567794948809322,1.796935414581158,0.31424288704112224,0.0,0.005790235042369568,0.012478348374905576,0.0,0.0038381057095377437,76.892145183523,1.0,0.6825396825396826,1.1469260230115368,0.434157692535818,0.5557795336728367,0.0410044644878517,0.6925801819052179,0.0,0.7683798043179523,0.2246459779127028,0.3425364767977632,Banks—Regional,Financial Services,BANF
2020Q3,2020,Q3,2020-11-09,2020-09-30,20890000.0,110427000.0,0.0,0.63,110427000.0,1.0,9618868000.0,1043752000.0,8604597000.0,52421000.0,8575116000.0,0.0,846934000.0,1334193342.7600002,-474226657.2399998,31.94951609623485,164.14408347799545,0.0028177951917003124,0.025967854432853783,0.0,31.94951609623485,0.020014332906667483,12.082129757758521,15.966890171852564,1.2782666215346177,0.5003350885591192,0.0,0.00783394704876754,0.01148024902722441,50.347379866847255,0.0021717732273693743,126.05757206727138,1.0,0.0,0.27493568742240454,0.45897178129507954,0.5411063548441409,0.010403513587702444,0.007718282682103232,0.0,-0.062229198967391895,0.24557409657222634,0.3307202872818066,Banks—Regional,Financial Services,BANF
2020Q2,2020,Q2,2020-08-07,2020-06-30,20730000.0,109290000.0,0.0,0.63,109290000.0,1.0,9612453000.0,1034199000.0,8601101000.0,61779000.0,8578254000.0,0.0,837154000.0,1324661699.34,-425777300.6600001,31.674089656932708,139.22370061023972,0.003943218239922734,0.03665058658923476,0.0,31.674089656932708,0.020044498205857866,12.120612126818555,15.975177271345874,1.2808576486150152,0.5039556198745779,0.0,0.007886541903646129,0.011369626462672951,41.9892358244711,0.002156577514605273,46.575777903027316,1.0,-0.07352941176470594,0.06331876679873463,0.3880433020063077,0.5517654120157072,0.000659231994726144,-0.08306794055201698,0.0,-0.1288770278128069,0.26111838009917343,0.34606311464409606,Banks—Regional,Financial Services,BANF
2020Q1,2020,Q1,2020-05-11,2020-03-31,22608000.0,109218000.0,0.0,0.68,109218000.0,1.0,8669096000.0,1023380000.0,7689409000.0,45712000.0,7645716000.0,0.0,826855000.0,1090517818.1899998,-430138181.8100002,31.31557323536555,168.21423258662932,0.0032533957404555216,0.027559655260020716,0.0,31.31557323536555,0.02209150071332252,9.98478106346939,12.058981535186659,1.0656039967460766,0.46275654635527247,0.0,0.009593607573844535,0.012598545453874314,51.13541302065103,0.002607884374564545,45.601648331103114,1.0,-0.3644859813084112,0.319651411879146,0.4615179666349178,0.5622899578372537,-0.002238199208865096,-0.36328047990537077,0.0,-0.004498817652045068,0.2798946115578029,0.3613752679533016,Banks—Regional,Financial Services,BANF
2019Q4,2019,Q4,2020-02-28,2019-12-31,35507000.0,109463000.0,0.0,1.07,109463000.0,1.0,8565758000.0,1004989000.0,7696645000.0,0.0,7560769000.0,0.0,815488000.0,2040129468.72,198652468.72000003,30.75859357071637,0.0,0.003129203510068811,0.0266709386868911,0.0,30.75859357071637,0.03533073496326825,18.637616991312132,14.364276542090291,2.030001789790734,0.2941955107443603,0.0,0.00512026327748402,0.012779137584788176,0.0,0.004145225676466694,51.906408221046206,1.0,0.07000000000000006,1.1369676326197962,0.4486514752872096,0.5633531694827404,0.01435402264766388,0.06410333253416448,0.0,0.8377151727773031,0.3355868056768014,0.3620033995529067,Banks—Regional,Financial Services,BANF
2019Q3,2019,Q3,2019-11-08,2019-09-30,33368000.0,107914000.0,0.0,1.0,107914000.0,1.0,8388816000.0,979752000.0,7458431000.0,51583000.0,7409064000.0,0.0,792009000.0,1809014208.8400002,134557208.84000015,30.0151627193783,144.59087296202236,0.0032673264022002628,0.027975446847773724,0.0,30.0151627193783,0.0340575982493529,16.763480260577868,13.553510914948454,1.8464001184381356,0.29345480700071924,0.0,0.005412892807668412,0.012864032302055498,47.26357520888665,0.003977676945113589,54.162102061077846,1.0,-0.01960784313725492,0.678184389318841,0.427476656330124,0.5532529404431594,0.04904295754794934,-0.0233851377059736,0.0,0.7771991521716711,0.30235982417443846,0.3525987159054383,Banks—Regional,Financial Services,BANF
2019Q2,2019,Q2,2019-08-02,2019-06-30,34167000.0,102869000.0,0.0,1.02,102869000.0,1.0,7642021000.0,956380000.0,6941676000.0,45224000.0,6685641000.0,0.0,769090000.0,1851051452.58,174417452.57999992,29.3106046967947,153.49540067220946,0.003638304579377628,0.029072126142328365,0.0,29.3106046967947,0.03572533930027813,17.994259228533377,13.544146783299674,1.935476957464606,0.2864167178856792,0.0,0.005286725005056046,0.01346096798216074,51.03157615425438,0.004470937727075076,63.10689528774035,1.0,0.06250000000000006,1.205550381242534,0.4114947580932054,0.5620585909476076,0.04008937960042061,0.07318528755850111,0.0,0.8616239380739237,0.27457799514417885,0.34679125727544546,Banks—Regional,Financial Services,BANF
2019Q1,2019,Q1,2019-05-03,2019-03-31,31837000.0,98904000.0,0.0,0.96,98904000.0,1.0,7709000000.0,927927000.0,6710728000.0,47883000.0,6781073000.0,0.0,744713000.0,1743784974.53,298383974.53,28.453196589432135,140.14844516843138,0.004151511220651187,0.0344897820625976,0.0,28.453196589432135,0.03430981100884013,17.631086452822938,13.693069184675064,1.8792264634286964,0.30722115777240316,0.0,0.005609063125822758,0.012829679595278247,50.76760019213499,0.0041298482293423274,58.383051243136464,1.0,-0.02040816326530614,1.0437606532373778,0.4187719324806646,0.5368193959240795,0.0016710722207030656,-0.027135217723453016,0.0,0.8294307956716093,0.24644883109909935,0.3340268775437819,Banks—Regional,Financial Services,BANF
2018Q4,2018,Q4,2019-02-26,2018-12-31,32725000.0,98739000.0,0.0,0.98,98739000.0,1.0,7574258000.0,902789000.0,6531545000.0,0.0,6671469000.0,0.0,722615000.0,1632809137.3999999,235358137.39999986,27.589979788901687,0.0,0.003538828489866598,0.029690215543166785,0.0,27.589979788901687,0.03624878016900959,16.536618128601667,12.47371380748663,1.80862763879489,0.3002291825821238,0.0,0.006017237272229391,0.013036128423404642,0.0,0.004320555227984048,67.3212310299332,1.0,0.0,1.2139914866209869,0.44325244083204485,0.5199323466787328,0.002691065662002153,-0.004804914393455585,0.0,0.9851485936731004,0.23067036282094308,0.3139952736735061,Banks—Regional,Financial Services,BANF
2018Q3,2018,Q3,2018-11-02,2018-09-30,32883000.0,98474000.0,0.0,0.98,98474000.0,1.0,7602438000.0,884801000.0,6858201000.0,42547000.0,6717637000.0,0.0,707481000.0,1917727053.6,159720053.5999999,27.023029410111878,161.19117681622677,0.0044931639034741224,0.03860642110485861,0.0,27.023029410111878,0.0371642889192033,19.474450652964233,14.579927725572484,2.1674105856571138,0.20904418696590943,0.0,0.0035844517013492476,0.012952950093114866,57.019813382847204,0.004325323008224467,120.3921811538703,1.0,0.07692307692307687,1.1189902826701283,0.4286782797623655,0.5133184531583601,0.03312105920245077,0.07509971882560648,0.0,1.0023626479474674,0.29811946642683773,0.30347396266109045,Banks—Regional,Financial Services,BANF
2018Q2,2018,Q2,2018-08-09,2018-06-30,30586000.0,95317000.0,0.0,0.91,95317000.0,1.0,7622963000.0,862012000.0,6915637000.0,36818000.0,6760951000.0,0.0,684425000.0,1936807920.0,203206920.0,26.348049216981725,187.8330436199685,0.004520420734037408,0.039975081553389046,0.0,26.348049216981725,0.03548210465747577,20.31964833135747,15.830836984241158,2.246845658761131,0.2245471784476558,0.0,0.003546040848490541,0.012503930558235688,64.78393720462817,0.004012350578115098,85.80577352472089,1.0,0.02247191011235957,1.2616179371505127,0.42321045384019407,0.500434179580996,0.023318481936765258,0.03261309925725861,0.0,0.5657484382568577,0.20817008993424896,0.2908339873960924,Banks—Regional,Financial Services,BANF
2018Q1,2018,Q1,2018-05-04,2018-03-31,29620000.0,93145000.0,0.0,0.89,93145000.0,1.0,7615642000.0,838096000.0,6882800000.0,32535000.0,6777546000.0,0.0,661341000.0,1729692728.1000001,-10351271.899999857,25.728788054098313,211.55063777470417,0.0042096253999334525,0.03825218113438079,0.0,25.728788054098313,0.03534201332544243,18.56989347898438,14.599027077143822,2.0638360379956473,0.2261309925725861,0.0,0.003872364085936519,0.012230748241579633,74.07763946519134,0.0038893634968660555,104.65227057720233,1.0,0.5084745762711865,1.0724887951957134,0.38792389369720653,0.4859507577075006,0.01762225232705502,0.5192080832948659,0.0,0.7345397514523415,0.2504651913807811,0.2835730932380513,Banks—Regional,Financial Services,BANF
2017Q4,2017,Q4,2018-03-01,2017-12-31,19497000.0,91532000.0,0.0,0.59,91532000.0,1.0,7253156000.0,775629000.0,6583949000.0,0.0,6477527000.0,0.0,638580000.0,1630497501.6,-95418498.4000001,24.33209698945791,0.0,0.004406219857948733,0.04120397767489354,0.0,24.33209698945791,0.025137017826821845,17.813414998033473,20.907030589321437,2.1021616025187297,0.3432322921475099,0.0,0.004104268785099744,0.012619610001494521,0.0,0.00268807123409451,76.95381827449499,1.0,-0.11940298507462696,0.5133696581659399,0.364047174162546,0.4259576280751686,0.059373625610518274,-0.10193459235375403,0.0,0.20274093079700797,0.24162329910257477,0.23671652480385244,Banks—Regional,Financial Services,BANF
2017Q3,2017,Q3,2017-11-03,2017-09-30,21710000.0,86402000.0,0.0,0.67,86402000.0,1.0,7132168000.0,764414000.0,6486284000.0,33749000.0,6367754000.0,0.0,625782000.0,1806828746.0,123944746.0,24.009189911349793,192.19188716702718,0.004775406300019854,0.044555698875216834,0.0,24.009189911349793,0.028400840382305923,20.911885673942734,20.80641116996776,2.363678250267525,0.27844311377245506,0.0,0.0033456408159226844,0.012114408970736528,68.44955406086106,0.0030439552181047895,99.68160355290743,1.0,-0.05633802816901398,0.49312838378652374,0.3084056699389525,0.42767576232625387,0.023453602141621854,-0.06349754119575533,0.0,0.11942152756869914,0.17176184071471262,0.24245019679289406,Banks—Regional,Financial Services,BANF
2017Q2,2017,Q2,2017-07-31,2017-06-30,23182000.0,84422000.0,0.0,0.71,84422000.0,1.0,7046589000.0,748462000.0,6401123000.0,30486000.0,6298127000.0,0.0,610758000.0,1536307563.0,-147633437.0,23.530909741410937,209.96926458046318,0.004677298477320019,0.04403563574369841,0.0,23.530909741410937,0.03097284832095684,18.19795270190235,16.567892793978086,2.0526193220230287,0.2604607022690018,0.0,0.00393020261399312,0.011980548319193868,75.6476415403792,0.003289818662618183,82.34042035587952,1.0,0.0441176470588234,0.88347499283603,0.31383262594185685,0.42774672505939,0.018937153754239437,0.05133786848072562,0.0,0.5350965866526075,0.1882971557201609,0.25403962472337777,Banks—Regional,Financial Services,BANF
2017Q1,2017,Q1,2017-05-05,2017-03-31,22050000.0,82853000.0,0.0,0.68,82853000.0,1.0,7189637000.0,729873000.0,6532453000.0,33178000.0,6459764000.0,0.0,593631000.0,1426246149.3000002,-579006850.6999998,23.002895654513793,196.89110253782627,0.004556419190565532,0.04488315090433541,0.0,23.002895654513793,0.030210735292304277,17.214176303815194,16.17059126190476,1.9541018085338135,0.2724716553287982,0.0,0.004212456596604113,0.011523947592903509,79.47658086683947,0.00306691422668488,49.963082368808244,1.0,0.17241379310344845,0.501501694136416,0.22972616946004054,0.4148829059066841,0.04898460447685607,0.18421052631578946,0.0,0.4548708703906868,0.2215884801975086,0.242436718600694,Banks—Regional,Financial Services,BANF
2016Q4,2016,Q4,2017-03-07,2016-12-31,18620000.0,78984000.0,0.0,0.58,78984000.0,1.0,7018952000.0,711094000.0,6354976000.0,0.0,6307858000.0,0.0,577648000.0,1464957798.5,-353544201.5,22.583345666254015,0.0,0.004553243846089843,0.0449434252011689,0.0,22.583345666254015,0.02618500507668466,18.547526062240454,19.66914337406015,2.060146476415214,0.32030075187969925,0.0,0.0040711070353744395,0.011252961980648964,0.0,0.002652817685603207,87.65379037276372,1.0,0.02654867256637171,0.542847406271348,0.2480335243734919,0.41471651031194173,-0.004712820383578216,0.03547992436881326,0.0,0.30909785796484884,0.19974471199017424,0.2441168075148085,Banks—Regional,Financial Services,BANF
2016Q3,2016,Q3,2016-11-04,2016-09-30,17982000.0,79358000.0,0.0,0.565,79358000.0,1.0,6783537000.0,693731000.0,6115444000.0,32898000.0,6089806000.0,0.0,565039000.0,1133410625.94,-536786374.05999994,22.190737257417812,185.89105720712504,0.005300921923179604,0.051834212396447615,0.0,22.190737257417812,0.025920709900523402,14.282247863353412,15.757571820987655,1.633789791633933,0.31153375597820043,0.0,0.004942604094040456,0.011698616813028365,70.23645814335218,0.002650829500893118,44.30500453209288,1.0,0.027272727272727094,0.3939040294923205,0.2798639488840925,0.42295934557491244,0.03162820929476763,0.027954038758360486,0.0,0.21363397681375057,0.2058569129964551,0.24270494144794266,Banks—Regional,Financial Services,BANF
2016Q2,2016,Q2,2016-08-05,2016-06-30,17493000.0,76925000.0,0.0,0.55,76925000.0,1.0,6683376000.0,676830000.0,6069268000.0,30605000.0,6006546000.0,0.0,552991000.0,937964599.52,-624398400.48,21.763287026446818,198.30968795948374,0.00530555216405601,0.05238981723623362,0.0,21.763287026446818,0.02584548557244803,12.193234962885928,13.404856221345682,1.38582007227812,0.3194992282627337,0.0,0.005958647056466897,0.011509901582673189,71.41231824865218,0.00261738977426977,78.99979782026446,1.0,0.04761904761904766,0.7100413389930855,0.3185992008172067,0.42273251567703385,0.0176206791634146,0.055129983714337416,0.0,0.36072569908275826,0.20830340762632962,0.23934715035624776,Banks—Regional,Financial Services,BANF
2016Q1,2016,Q1,2016-05-06,2016-03-31,16579000.0,75593000.0,0.0,0.525,75593000.0,1.0,6740938000.0,662661000.0,6046724000.0,35446000.0,6078277000.0,0.0,541098000.0,885927744.48,-749138255.52,21.328803091149354,170.58974214297805,0.004933883088674009,0.050190067017675706,0.0,21.328803091149354,0.025018825613699915,11.719706116703929,13.359185482839736,1.3369245277449557,0.3386814645032873,0.0,0.006337988662151848,0.011214017989781245,64.72383343677707,0.0024594500053256685,34.69056873991699,1.0,0.06060606060606066,0.4451388516983216,0.3599009355295953,0.40499192752609436,-0.01247583215760046,0.05410732451678535,0.0,0.21622795199698955,0.18096546663404894,0.23183225916616887,Banks—Regional,Financial Services,BANF
2015Q4,2015,Q4,2016-03-11,2015-12-31,15728000.0,76548000.0,0.0,0.495,76548000.0,1.0,6692829000.0,655510000.0,5943330000.0,0.0,6037319000.0,0.0,535521000.0,915034693.38,-651183306.62,20.997016002781365,0.0,0.00477511079395574,0.04875440496712483,0.0,20.997016002781365,0.023993531753901544,11.953737437686158,14.544676586024924,1.395912638068069,0.3568794506612411,0.0,0.006134193643813029,0.011437315969076753,0.0,0.0023499778643679674,51.714405639199725,1.0,0.01020408163265307,0.5222826391350848,0.34742770179239135,0.4079671479394378,0.06022160664819945,0.006269993602047345,0.0,0.24653216332728306,0.16477769091604272,0.2305086219635984,Banks—Regional,Financial Services,BANF
2015Q3,2015,Q3,2015-11-06,2015-09-30,15630000.0,72200000.0,0.0,0.49,72200000.0,1.0,6406096000.0,646061000.0,5723782000.0,34640000.0,5760035000.0,0.0,527038000.0,983198518.3000001,-641281481.6999999,20.73154522775688,165.23620092378752,0.004773734268109626,0.047334539617776034,0.0,20.73154522775688,0.024192761983775526,13.617708009695292,15.726143926743443,1.5218354277692046,0.3385796545105566,0.0,0.005382432846980013,0.011270514834620025,65.95127020785219,0.0024398635299876866,42.31176650600336,1.0,-0.16239316239316237,0.30686971172656574,0.31202514712629537,0.40287702514596946,-0.036434005071399975,-0.15754864442408237,0.0,0.09826104510329028,0.11703065897377797,0.23277481441584472,Banks—Regional,Financial Services,BANF
2015Q2,2015,Q2,2015-08-07,2015-06-30,18553000.0,74930000.0,0.0,0.585,74930000.0,1.0,6498898000.0,634244000.0,5786424000.0,29629000.0,5864654000.0,0.0,517028000.0,1016852471.25,-771496528.75,20.41164818578396,195.29596003915083,0.004443676450992153,0.04553294946424404,0.0,20.41164818578396,0.029252149015205505,13.570698935673295,13.701995246725597,1.6032512270514188,0.28421279577426833,0.0,0.005185609662253156,0.01152964702631123,83.67359681393229,0.002854791689298709,140.10091915817029,1.0,0.1359223300970873,0.6594618762658677,0.4047881790919019,0.40578809188266646,0.05651278869744226,0.1410910880127929,0.0,0.5430352449616214,0.19369364814074674,0.23848436675742674,Banks—Regional,Financial Services,BANF
2015Q1,2015,Q1,2015-05-08,2015-03-31,16259000.0,70922000.0,0.0,0.515,70922000.0,1.0,6570120000.0,621679000.0,5842089000.0,2043000.0,5948441000.0,0.0,503758000.0,945637959.0799999,-912196040.9200001,20.0446614140163,2859.5638766519824,0.004390635178657315,0.04640176039402972,0.0,20.0446614140163,0.0261533685390692,13.333492556329487,14.540223246817147,1.5211032688574004,0.32418967956208866,0.0,0.005574014821833182,0.010794627799796655,1253.30494371023,0.002474688437958515,50.54995237504677,1.0,0.04040404040404044,0.7265012461019135,0.4062285237028165,0.40565662774281885,-0.009759707348403401,0.032383008444980634,0.0,0.1326829936716263,0.07690766306992879,0.23292515930766294,Banks—Regional,Financial Services,BANF
2014Q4,2014,Q4,2015-03-13,2014-12-31,15749000.0,71621000.0,0.0,0.495,71621000.0,1.0,6574972000.0,609314000.0,5873251000.0,0.0,5965658000.0,0.0,492776000.0,981572850.96,-905518149.04,19.674756907867035,0.0,0.004076671353125154,0.04399045483937674,0.0,19.674756907867035,0.025847100181515606,13.705098378408568,15.581510746079116,1.6109474769330756,0.33360848307829066,0.0,0.005352633780428494,0.010892974144984953,0.0,0.0023952953716000615,69.31032699901144,1.0,-0.16806722689075626,0.5843625049414962,0.41061656425869175,0.3994186185473332,0.002365224206460281,-0.16197520353323047,0.0,0.3267931832495921,0.15062672881003447,0.23251018008043384,Banks—Regional,Financial Services,BANF
2014Q3,2014,Q3,2014-11-07,2014-09-30,18793000.0,71452000.0,0.0,0.595,71452000.0,1.0,6406575000.0,596183000.0,5693235000.0,11473000.0,5810392000.0,0.0,482302000.0,965045555.2,-830082444.8,19.324066246940216,496.22897236991196,0.00597464323761136,0.0642034408897939,0.0,19.324066246940216,0.03152220039819988,13.506207736662375,12.837832639812696,1.6187069326029089,0.253977544830522,0.0,0.00494588050717546,0.01115291712030219,217.0359103983265,0.0029333926473974004,37.271958720840416,1.0,0.2934782608695651,0.9853326837579311,0.4178338348309656,0.3894469347185276,0.03403762662807525,0.2794798474945534,0.0,0.47614593199017796,0.16768521575767775,0.23913686785690816,Banks—Regional,Financial Services,BANF
2014Q2,2014,Q2,2014-08-08,2014-06-30,14688000.0,69100000.0,0.0,0.46,69100000.0,1.0,6368633000.0,580505000.0,5620109000.0,12317000.0,5788128000.0,0.0,468761000.0,957500830.9,-859815169.1,18.764087894432762,456.2887878541853,0.0061427625049206005,0.06739132307215269,0.0,18.764087894432762,0.025302107647651614,13.856741402315485,16.29733168062364,1.649427362210489,0.32427832244008714,0.0,0.004974408215941737,0.010850052122645473,207.2352033774458,0.002306303409224554,114.72571661873951,1.0,-0.021276595744680753,1.3204734615488019,0.3781007597158874,0.3695279312389945,0.05349819334969737,0.0021150303609196973,0.0,0.44338298451022495,0.1906934235070909,0.22666571193909707,Banks—Regional,Financial Services,BANF
2014Q1,2014,Q1,2014-05-09,2014-03-31,14657000.0,65591000.0,0.0,0.47,65591000.0,1.0,6375041000.0,568112000.0,5610002000.0,40275000.0,5806929000.0,0.0,458857000.0,868844982.1800001,-1056854017.8199999,18.514339853397942,139.29241464928614,0.005867726968344204,0.06584441096121892,0.0,18.514339853397942,0.02579949024136086,13.246405485203764,14.81962513099543,1.529355095790971,0.32428191307907483,0.0,0.005470481038026313,0.01028871814314606,66.37062693978895,0.0022991224683888306,51.01250482503523,1.0,0.06818181818181812,1.0503048314471675,0.35139245569864075,0.3598821551341425,0.022367354573227756,0.05742731404660558,0.0,0.29358666100680014,0.1947282665352109,0.21959483269330593,Banks—Regional,Financial Services,BANF
2013Q4,2013,Q4,2014-03-14,2013-12-31,13861000.0,64156000.0,0.0,0.44,64156000.0,1.0,6038974000.0,556997000.0,5338667000.0,0.0,5481977000.0,0.0,448953000.0,860099765.1600001,-963693234.8399999,18.15211042069714,0.0,0.005587372954412455,0.06057842322310533,0.0,18.15211042069714,0.024885232775041875,13.406380777479894,15.512945767982108,1.5441730658513422,0.34218310367217375,0.0,0.005514476566701171,0.010623658919544943,0.0,0.002295257439425969,193.41123570047225,1.0,-0.053763440860215096,0.7121155195865493,0.28593999200015974,0.3416215683043254,-0.003231620160338077,-0.04347526050652129,0.0,0.36493625134219776,0.14896000985374777,0.2172003457408055,Banks—Regional,Financial Services,BANF
2013Q3,2013,Q3,2013-11-12,2013-09-30,14491000.0,64364000.0,0.0,0.465,64364000.0,1.0,5926730000.0,545973000.0,5278736000.0,35551000.0,5380757000.0,0.0,439840000.0,826597017.45,-959522982.55,17.856802944359572,148.4834744451633,0.006886765551999163,0.07475827559238277,0.0,17.856802944359572,0.02654160553727016,12.842536471474737,14.260524074425506,1.5139888189525856,0.3052929404457939,0.0,0.005352063831112968,0.010859951440338939,67.87328063908188,0.0024450244907394127,34.319992420593735,1.0,0.14814814814814814,0.31652283787780483,0.208208230519243,0.36689042247976655,0.03208633324246749,0.15071865322004288,0.0,0.23494058368106333,0.19212660264525772,0.20834690892510058,Banks—Regional,Financial Services,BANF
2013Q2,2013,Q2,2013-08-09,2013-06-30,12593000.0,62363000.0,0.0,0.405,62363000.0,1.0,5749666000.0,534961000.0,5055976000.0,5429000.0,5214705000.0,0.0,431120000.0,722459878.47,-957489121.53,17.560283267033782,931.2904770675999,0.007007363558161466,0.07531390138720392,0.0,17.560283267033782,0.023540033759470315,11.584751831534724,14.342489447907568,1.3504907431943636,0.350671007702692,0.0,0.006112450160349456,0.010846369163008773,412.98765886903664,0.0021902141793975513,45.92295184782609,1.0,-0.05813953488372085,-0.0914952444163774,0.06367969194693744,0.3692980342894401,-0.006816263477249924,-0.05825605743344302,0.0,0.1488677191797308,0.1925313337127908,0.20940929817100937,Banks—Regional,Financial Services,BANF
2013Q1,2013,Q1,2013-05-10,2013-03-31,13372000.0,62791000.0,0.0,0.43,62791000.0,1.0,5773926000.0,527707000.0,5035567000.0,6903000.0,5246219000.0,0.0,423637000.0,632710865.5200001,-1040606134.48,17.31469762416101,729.475155729393,0.007401376463778718,0.0809824391186776,0.0,17.31469762416101,0.025339819255761245,10.076457860521414,11.829024557283876,1.1989813770141386,0.0,0.0,0.0,0.010874922886091716,330.5428074750109,0.002315928538051925,31.746656574009037,1.0,0.08860759493670879,0.15460869400853464,0.19440684897146948,0.36797513068904336,-0.020375368581992917,0.08662441085649276,0.0,0.44497043807321085,0.2669569477134327,0.21421454670947782,Banks—Regional,Financial Services,BANF
2012Q4,2012,Q4,2013-03-18,2012-12-31,12306000.0,64097000.0,0.0,0.395,64097000.0,1.0,6022250000.0,519567000.0,5287577000.0,0.0,5502683000.0,0.0,415607000.0,644903296.56,-1264262703.44,17.06368864711824,0.0,0.005974843289468222,0.06925382097015399,0.0,17.06368864711824,0.023685107021808545,10.061364752796543,13.101399653827402,1.2412322117455497,0.7173736388753453,0.0,0.013688874048387915,0.01064336419112458,0.0,0.0020434223089376893,78.07545963196125,1.0,-0.1222222222222222,0.060821622360012005,0.14945890281487412,0.39966479404833255,0.018253161339518334,-0.11212121212121212,0.0,0.2591620451956154,0.2840130645473592,0.21369954941216093,Banks—Regional,Financial Services,BANF
2012Q3,2012,Q3,2012-11-08,2012-09-30,13860000.0,62948000.0,0.0,0.45,62948000.0,1.0,5836751000.0,510387000.0,5125289000.0,7816000.0,5326364000.0,0.0,407732000.0,657522134.15,-1211367865.85,16.81697661675592,655.7432190378711,0.0074911538970910355,0.08566832619169375,0.0,16.81697661675592,0.027155864079610178,10.44548093902904,11.86006735479798,1.288281508247663,0.2951659451659452,0.0,0.006221843779127781,0.010784767073325555,246.8372569089048,0.002374608750655973,40.82466994598286,1.0,0.1842105263157895,-0.15429715839096164,0.07358517673408424,0.4703872949103113,0.028007773586138193,0.1816864182794782,0.0,0.48843473188043945,0.2697618348036109,0.20918114814911173,Banks—Regional,Financial Services,BANF
2012Q2,2012,Q2,2012-08-09,2012-06-30,11729000.0,61233000.0,0.0,0.38,61233000.0,1.0,5671711000.0,499561000.0,4925138000.0,8600000.0,5172150000.0,0.0,398267000.0,635168052.75,-1084266947.25,16.481151263318164,572.690465116279,0.007841196422032081,0.08902416321530304,0.0,16.481151263318164,0.023478614223288046,10.37296968546372,13.538410195882001,1.2714524407429721,0.348708329780885,0.0,0.006439240736828763,0.010796212994632483,207.14418604651163,0.0020679826599063317,50.362198917697434,1.0,-0.16483516483516486,-0.08951859576932138,0.20944308475650586,0.42565586526106125,-0.04701652815388925,-0.16251338807568724,0.0,0.8912652962160337,0.24642452983098084,0.20290403248355698,Banks—Regional,Financial Services,BANF
2012Q1,2012,Q1,2012-05-10,2012-03-31,14005000.0,64254000.0,0.0,0.455,64254000.0,1.0,5737994000.0,491957000.0,4991830000.0,9796000.0,5246037000.0,0.0,390881000.0,659057050.08,-1121087949.92,16.257808726421143,509.5783993466721,0.009900498327464266,0.11547553952886126,0.0,16.257808726421143,0.0284679352057192,10.25705870576151,11.764674224919672,1.3396639342056318,0.2913959300249911,0.0,0.00619218017545617,0.011197990098978842,189.27225398121683,0.0024407484566906137,66.70617915789474,1.0,0.1973684210526316,0.30373588732803963,0.3238558359418594,0.4329890136460357,0.0564790608198096,0.20753578203138473,0.0,0.986630309071608,0.34244964212817386,0.19413946939008117,Banks—Regional,Financial Services,BANF
2011Q4,2011,Q4,2012-03-15,2011-12-31,11598000.0,60819000.0,0.0,0.38,60819000.0,1.0,5608825000.0,483041000.0,4823729000.0,10984000.0,5125784000.0,0.0,381017000.0,567975244.72,-1076924755.28,15.963159757904034,439.1595957756737,0.01120252459294059,0.1300779850985734,0.0,15.963159757904034,0.024010384211692177,9.338779735280093,12.242956645973443,1.1758323718276502,0.35230212105535436,0.0,0.007193975508588079,0.010843447602661876,157.17361616897304,0.0020678127771859523,96.8745087361419,1.0,-0.06172839506172845,-0.11188211259861801,0.2178011636800605,0.43578823619466867,0.008021877848678213,-0.07607743168963595,0.0,0.45272095618050584,0.2361845056312555,0.17983633490199932,Banks—Regional,Financial Services,BANF
2011Q3,2011,Q3,2011-11-08,2011-09-30,12553000.0,60335000.0,0.0,0.405,60335000.0,1.0,5472306000.0,474396000.0,4695783000.0,15153000.0,4997910000.0,0.0,374140000.0,504366584.4,-1029514415.5999999,15.594779518069913,309.8913086517521,0.013963217700179779,0.1610700764761929,0.0,15.594779518069913,0.026461015691531968,8.359436221098864,10.044741981996333,1.0631763008119797,0.3043097267585438,0.0,0.007573856235032529,0.011025516482448167,107.43410545766515,0.002293914119568606,37.47986805380099,1.0,0.1250000000000001,0.01889803435582543,0.20202291020479504,0.4637166398015994,0.045939152292623735,0.24102817597627285,0.0,0.14626029733316562,0.13834462513076573,0.19373858973263688,Banks—Regional,Financial Services,BANF
2011Q2,2011,Q2,2011-08-09,2011-06-30,10115000.0,57685000.0,0.0,0.36,57685000.0,1.0,5267445000.0,470397000.0,4526351000.0,4507000.0,4797048000.0,0.0,371150000.0,593499858.4,-915212141.6,15.29682268918297,1004.2935433769692,0.011843882565456307,0.13262627100087798,0.0,15.29682268918297,0.021503113327678534,10.288634105920083,14.668805200197728,1.2616999224059677,0.3797330696984676,0.0,0.006471779134631719,0.010951229675867521,352.9980031062791,0.0019202858311762154,169.2329222697462,1.0,0.0,-0.15659151363184057,0.16319548977551881,0.4944574237061983,0.04845598793144187,-0.10920299427564949,0.0,-0.27707843051943093,-0.025293056748500988,0.19280019124147388,Banks—Regional,Financial Services,BANF
2011Q1,2011,Q1,2011-05-10,2011-03-31,11355000.0,55019000.0,0.0,0.36,55019000.0,1.0,5239658000.0,466827000.0,4401020000.0,10250000.0,4772831000.0,0.0,369189000.0,656232485.92,-741350514.08,15.180729990886885,429.3678048780488,0.013199716470044419,0.14815338444434448,0.0,15.180729990886885,0.024323785899273177,11.927379376579,14.448095242624396,1.4057295013356126,0.3387054161162483,0.0,0.005860727840390483,0.010500494497923337,145.03385365853657,0.002167126175028981,28.282225829418607,1.0,0.12499999999999993,0.07029803189180844,0.17535046964406173,0.5410045017266938,-0.016798012830822568,0.11575120369460548,0.0,-0.028282046654804684,0.037247055938802155,0.19937763534838698,Banks—Regional,Financial Services,BANF
2010Q4,2010,Q4,2011-03-15,2010-12-31,10177000.0,55959000.0,0.0,0.32,55959000.0,1.0,5060249000.0,458594000.0,4159952000.0,10485000.0,4601655000.0,0.0,361680000.0,633322776.36,-500375223.64,14.913001367617513,396.7526943252265,0.013908604102288247,0.15347126216217394,0.0,14.913001367617513,0.022191742587124995,11.317621407816437,15.55769815171465,1.3810097305241673,0.3770266286724968,0.0,0.006058522041561525,0.011058546723688894,116.92827849308536,0.0020111658536961325,3.9975684470450115,1.0,-0.14666666666666664,-0.09504657926099909,0.2195116795769085,0.5556297154065881,0.031806615776081425,-0.13659115975226946,0.0,-0.13133853212955093,-0.0063555285062068525,0.2232526870076235,Banks—Regional,Financial Services,BANF
2010Q3,2010,Q3,2010-11-09,2010-09-30,11787000.0,54234000.0,0.0,0.375,54234000.0,1.0,4599182000.0,453869000.0,3883871000.0,5603000.0,4145313000.0,0.0,355340000.0,621318568.36,-374400431.64,14.777877786971214,693.1770480099947,0.006415053807394445,0.06500554124648301,0.0,14.777877786971214,0.025970048626365757,11.456255639635653,13.178047178247223,1.3689381040784898,0.32552812420463223,0.0,0.006175575937039745,0.011792096942456289,187.28127788684634,0.0025628470454093794,49.22114935910639,1.0,0.056338028169014134,0.3009566275883496,0.1513601892285143,0.5690710781496244,0.02949886104783599,0.06746966129324397,0.0,-0.28929220844419057,-0.08597212480385749,0.292099301728794,Banks—Regional,Financial Services,BANF
2010Q2,2010,Q2,2010-08-09,2010-06-30,11042000.0,52680000.0,0.0,0.355,52680000.0,1.0,4628022000.0,445592000.0,3912173000.0,5119000.0,4182430000.0,0.0,347979000.0,559916207.26,-434487792.74,14.519719084010857,764.2455557726119,0.006245432714019078,0.06486651465915007,0.0,14.519719084010857,0.024780516705865455,10.628629598709187,12.676965388063756,1.2565670103143682,0.32023184205759825,0.0,0.006315230661572973,0.01138283266587756,204.8804453994921,0.002385900499176538,-44.01510944579829,1.0,0.18333333333333332,-0.0005384820366381306,0.14324994053834772,0.5616038250453583,0.057364216611135645,0.18692894765129528,0.0,-0.1533973050520373,0.027702645529695938,0.25598766392824607,Banks—Regional,Financial Services,BANF
2010Q1,2010,Q1,2010-05-10,2010-03-31,9303000.0,49822000.0,0.0,0.3,49822000.0,1.0,4508789000.0,436901000.0,3945288000.0,4400000.0,4071888000.0,0.0,340473000.0,642023942.01,-420061057.99,14.259998507746305,896.6563636363636,0.006166622567611835,0.06363913106172794,0.0,14.259998507746305,0.021293153368840995,12.886354261370478,17.25314258868107,1.4694952449410734,0.37869504460926584,0.0,0.005487334302472363,0.011049973729087788,252.85477272727272,0.002063303472395803,-18.371360689329556,1.0,-0.03225806451612906,-0.1262148737834207,0.15644680250820844,0.6091927219722861,-0.008122635874975115,-0.05399633923123856,0.0,-0.14467512192650397,0.013825612619223986,0.25689885642464316,Banks—Regional,Financial Services,BANF
2009Q4,2009,Q4,2010-03-16,2009-12-31,9834000.0,50230000.0,0.0,0.31,50230000.0,1.0,4416115000.0,430750000.0,3865321000.0,3986000.0,3985365000.0,0.0,334693000.0,567419871.4399999,-442186128.56000006,14.059236205025213,969.7242849974912,0.006092232652455835,0.06245850261172374,0.0,14.059236205025213,0.022829947765525247,11.296433833167429,14.424950972137482,1.3172835088566455,0.3579418344519016,0.0,0.006203519082028151,0.011374250896998834,265.4741595584546,0.0022268441831791064,-14.703805945581756,1.0,0.03333333333333337,-0.08872865053908453,0.11383338955471897,0.5872920588272759,0.004780860554899882,0.047284345047923323,0.0,-0.2562631624700726,-0.006650988787573775,0.26454199915291804,Banks—Regional,Financial Services,BANF
2009Q3,2009,Q3,2009-11-09,2009-09-30,9390000.0,49991000.0,0.0,0.3,49991000.0,1.0,4322103000.0,425638000.0,3798623000.0,5400000.0,3896465000.0,0.0,328379000.0,565110209.07,-422224790.92999995,13.907739665390576,703.4487037037037,0.006456116385935273,0.06555805637654533,0.0,13.907739665390576,0.02206100019265197,11.304238944409995,15.04553272284345,1.3276780011888036,0.37486687965921195,0.0,0.006228873489638158,0.011566360172351284,192.09166666666667,0.0021725534999975705,40.725728529115024,1.0,0.4999999999999999,0.03132319518429901,0.20904406097590367,0.6093368961763624,0.008106636552461232,0.5,0.0,-0.24242309572004905,-0.010050157664989432,0.30537209241547486,Banks—Regional,Financial Services,BANF
2009Q2,2009,Q2,2009-08-10,2009-06-30,6260000.0,49589000.0,0.0,0.2,49589000.0,1.0,4269325000.0,419202000.0,3718785000.0,5240000.0,3850123000.0,0.0,322508000.0,529007433.5,-351000566.5,13.701135600394167,709.6917938931298,0.006395390372014312,0.065133277035892,0.0,13.701135600394167,0.0149331348609978,10.667838300832846,21.126494948083067,1.2619391927996526,0.5375399361022364,0.0,0.006360969216890976,0.011615185070239441,177.9837786259542,0.0014662739426021677,43.89374655658812,1.0,-0.13043478260869565,-0.25599670880963415,0.23948891896861768,0.6491612643341567,0.02509560723514212,-0.12140350877192982,0.0,-0.4753822965926977,0.00501302982690228,0.33856319232186827,Banks—Regional,Financial Services,BANF
2009Q1,2009,Q1,2009-05-11,2009-03-31,7125000.0,48375000.0,0.0,0.23,48375000.0,1.0,3958155000.0,416381000.0,3385487000.0,5984000.0,3541774000.0,0.0,319615000.0,556615550.4,79910550.39999998,13.614664905704007,565.7565173796792,0.007087645632876934,0.06737579284357355,0.0,13.614664905704007,0.01711173180332436,11.506264607751937,19.530370189473683,1.3367938268076593,0.4728421052631579,0.0,0.0060526515969216805,0.012221603246967336,88.44100935828877,0.001800081098390538,75.67852486743712,1.0,-0.11538461538461538,-0.1124933408997298,0.24568507762174976,0.6118704709358135,-0.027149321266968326,-0.11699095303011525,0.0,-0.3247232137770287,0.039094471223196314,0.38203234770560623,Banks—Regional,Financial Services,BANF
2008Q4,2008,Q4,2009-03-16,2008-12-31,8069000.0,49725000.0,0.0,0.26,49725000.0,1.0,3867204000.0,413791000.0,3278390000.0,18711000.0,3453413000.0,0.0,315858000.0,809233377.12,395820377.12,13.5299780873675,175.21190743412964,0.010262711767985346,0.09591315422520065,0.0,13.5299780873675,0.019500182459260836,16.27417550769231,25.072294494980788,1.9556572692977856,0.41702813235840874,0.0,0.004158256561260213,0.012858126956840136,25.519694297472075,0.0020865203904422936,78.54347055420752,1.0,-0.25714285714285706,0.05264300089244454,0.2704125653211937,0.6532230062120313,-0.0624116149712454,-0.2636430005475452,0.0,-0.2785511750742881,0.0896077267214124,0.41136149878000233,Banks—Regional,Financial Services,BANF
2008Q3,2008,Q3,2008-11-07,2008-09-30,10958000.0,53035000.0,0.0,0.35,53035000.0,1.0,3825518000.0,397648000.0,3231379000.0,21580000.0,3427870000.0,0.0,311155000.0,735555752.685,532102752.68499994,13.06381451701473,149.73952734012974,0.011033277062086755,0.10614412746952079,0.0,13.06381451701473,0.027557035367963625,13.869251488356744,16.781250061256614,1.8497660058267613,0.3052564336557766,0.0,0.004547581862815623,0.01386348201733726,12.49124189063948,0.0028644486838122316,35.45188705827067,1.0,-0.21348314606741578,0.5157894681511226,0.409454882109674,0.6201437352330448,-0.08724012116205425,-0.20230035670088084,0.0,0.2203389799203952,0.13603522649081065,0.3870769419294391,Banks—Regional,Financial Services,BANF
2008Q2,2008,Q2,2008-08-08,2008-06-30,13737000.0,58104000.0,0.0,0.445,58104000.0,1.0,3839831000.0,387181000.0,3260022000.0,21125000.0,3452650000.0,0.0,303542000.0,646091872.5999999,519990872.5999999,12.824295973043014,154.32056804733728,0.01074760842339155,0.10658839147582139,0.0,12.824295973043014,0.03547953024554407,11.119576493873053,11.7582418395574,1.668707587923994,0.22071776952755331,0.0,0.004692831048622605,0.01513191596192645,9.137988165680474,0.0035775011973183195,89.00563061027688,1.0,0.20270270270270274,0.7499999965696011,0.45683979440209666,0.5969623355313913,0.10405107547313218,0.18483698464723133,0.0,0.263888898207082,0.2817405339964665,0.3792601309395127,Banks—Regional,Financial Services,BANF
2008Q1,2008,Q1,2008-05-09,2008-03-31,11594000.0,52628000.0,0.0,0.37,52628000.0,1.0,3786111000.0,386177000.0,3193649000.0,45267000.0,3399934000.0,0.0,292837000.0,698385940.14,586092940.14,12.657172806525853,70.55137296485299,0.017267322590383643,0.1692902477361417,0.0,12.657172806525853,0.030022502634802176,13.270235238656229,15.059210370450232,1.8084607320995294,0.2624633431085044,0.0,0.00435718966419913,0.013900279204703719,4.489760752866326,0.003062245137556717,91.49560331979562,1.0,0.0,0.39449544592897723,0.41293800633442673,0.6463546695041879,-0.05812871358007016,-0.00258086717136958,0.0,0.09352517711224995,0.22669114997159298,0.42831924911792535,Banks—Regional,Financial Services,BANF
2007Q4,2007,Q4,2008-03-14,2007-12-31,11624000.0,55876000.0,0.0,0.37,55876000.0,1.0,3743006000.0,371962000.0,3144751000.0,38231000.0,3371044000.0,0.0,285879000.0,653688019.5500001,515008019.5500001,12.191268023370034,82.25657189192017,0.01544480559208294,0.1554191019512746,0.0,12.191268023370034,0.03125050408375049,11.698905067470829,14.059016249784928,1.7574053789096735,0.2528389538885065,0.0,0.004496028552004384,0.014928108584383782,5.822055400068008,0.003105525345137037,-117.02255989079843,1.0,-0.30188679245283023,0.4320819848010284,0.4729883643523183,0.5294244036220327,-0.07825800065984824,-0.31397544853635506,0.0,0.08165055456040424,0.24421727511528443,0.37639788096123333,Banks—Regional,Financial Services,BANF
2007Q3,2007,Q3,2007-11-08,2007-09-30,16944000.0,60620000.0,0.0,0.53,60620000.0,1.0,3546338000.0,358871000.0,2951650000.0,23932000.0,3187467000.0,0.0,277192000.0,723257782.9,629971782.9,11.437106859510575,123.33486545211433,0.01241985394511183,0.12273212379935966,0.0,11.437106859510575,0.04721473732901237,11.931009285714286,10.67129637187205,2.015369820631926,0.18519830028328613,0.0,0.00433870201495484,0.017093689321209655,6.844308875146248,0.004777886371800996,22.635759354656983,1.0,0.2771084337349399,0.9816513335954389,0.5701700177660775,0.5084082431603331,0.15089611178614823,0.26428891210267125,0.0,0.8151260560808957,0.4299731763187567,0.3234471234981393,Banks—Regional,Financial Services,BANF
2007Q2,2007,Q2,2007-08-07,2007-06-30,13402000.0,52672000.0,0.0,0.415,52672000.0,1.0,3601866000.0,364547000.0,3014738000.0,43420000.0,3237319000.0,0.0,287515000.0,674987795.7900001,596512795.7900001,11.560399437840626,69.43201289728236,0.017692496056210864,0.17480873522481327,0.0,11.560399437840626,0.03676343516748183,12.814926256644899,12.591176611513207,1.8515796201587178,0.21116251305775258,0.0,0.0041926683973416016,0.014623531247414535,3.8819668355596497,0.0037208491376414334,24.84404268798999,1.0,0.20289855072463772,0.6504854036592993,0.4121446621969551,0.6121862785649619,0.04807386182744349,0.204890766879439,0.0,0.5454545236844265,0.2773890830647949,0.3914877940897572,Banks—Regional,Financial Services,BANF
2007Q1,2007,Q1,2007-05-09,2007-03-31,11123000.0,50256000.0,0.0,0.345,50256000.0,1.0,3521686000.0,355478000.0,2967808000.0,54257000.0,3166208000.0,0.0,276943000.0,726128230.95,667998230.95,11.345382673280566,54.699080303002376,0.021226764680326412,0.2102914948323103,0.0,11.345382673280566,0.03129026268854894,14.448587849212036,16.32042234446642,2.0426812093856723,0.2553268003236537,0.0,0.0039111549158258214,0.014270437512032589,2.921558508579538,0.003158430365455637,-109.70361549327694,1.0,-0.1785714285714286,0.463917532257218,0.42433207405087653,0.6508386062661479,-0.028155940594059407,-0.17741458364147317,0.0,0.35238098882511276,0.26318096068820485,0.3432050982662168,Banks—Regional,Financial Services,BANF
