Year,Date,FillingDate,NetIncome,Revenue,OperatingIncome,EPSDiluted,GrossProfit,GrossProfitRatio,TotalAssets,CommonStockEquity,CurrentAssets,CurrentLiability,TotalLiability,Inventory,RetainedEarnings,EnterpriseValue,bookValuePerShare,currentRatio,debtToAssets,debtToEquity,roic,shareholdersEquityPerShare,roe,priceToSalesRatio,peRatio,pbRatio,payoutRatio,inventoryTurnover,dividendYield,assetTurnover,quickRatio,returnOnAssets,priceToFreeCashFlowsRatio,grossProfitMargin,epsdilutedGrowth,fiveYNetIncomeGrowthPerShare,fiveYRevenueGrowthPerShare,fiveYShareholdersEquityGrowthPerShare,grossProfitGrowth,netIncomeGrowth,operatingIncomeGrowth,threeYNetIncomeGrowthPerShare,threeYRevenueGrowthPerShare,threeYShareholdersEquityGrowthPerShare,Industry,Sector,Price,MarketCap,AvgVolume,Symbol
2022,2022-12-31,2023-02-24,193100000.0,557420000.0,237432000.0,5.77,557420000.0,1.0,12387863000.0,1250836000.0,5008681000.0,76455000.0,11137027000.0,0.0,1120292000.0,-192470656.0999999,38.16042629350985,65.51149041920084,0.0069458307700044795,0.06878919378719513,0.14444078750523606,38.16042629350985,0.15437675282770882,5.185309719601019,14.968386037804247,2.310770831587834,0.25096841015018123,0.0,0.016766564512455378,0.04499726869759538,65.51149041920084,0.01558783787001842,13.997953110365302,1.0,0.14711729622266387,1.1681924080756625,0.5672046688376777,0.5652063930555314,0.14768915911210673,0.1519417765316471,0.08040516558822726,0.42558427212100086,0.32424406572853226,0.2393489142406196,Banks—Regional,Financial Services,94.845,3120391016,96614,BANF
2021,2021-12-31,2022-02-25,167630000.0,485689000.0,219762000.0,5.03,485689000.0,1.0,9405612000.0,1171734000.0,2815543000.0,55977000.0,8233878000.0,0.0,977067000.0,344412945.44000006,35.81521134289268,50.29821176554656,0.0091420951661625,0.07338440294469564,0.1405485873238968,35.81521134289268,0.1430614798239191,4.7529343786661835,13.771090768000954,1.970112624059727,0.26928354113225555,0.0,0.01955426375940919,0.05163821344108177,50.29821176554656,0.017822338408175886,14.202599687701877,1.0,0.6766666666666667,1.2641608230437988,0.49144974271956765,0.5729583253555718,0.09416522111333889,0.6832687325527684,0.5265702496561497,0.33126932602578046,0.25828763804170946,0.2968385851577778,Banks—Regional,Financial Services,94.845,3120391016,96614,BANF
2020,2020-12-31,2021-02-26,99586000.0,443890000.0,143958000.0,3.0,443890000.0,1.0,9212357000.0,1067885000.0,2389757000.0,51864000.0,8144472000.0,0.0,871161000.0,330327011.3000002,32.64096370413844,46.07737544346753,0.002909570265242652,0.025100081001231407,0.1060313240990287,32.64096370413844,0.0932553598936215,4.3263759293969235,19.284186645713255,1.7983537659017592,0.4264856505934569,0.0,0.022115822587117605,0.04818419433810479,46.07737544346753,0.010810045681034722,21.849195190852726,1.0,-0.25925925925925924,0.4314921265918096,0.43315917517053215,0.5495192448308905,0.05902421567457951,-0.26166415824553857,-0.35818420137495655,0.1203132569290772,0.2503861999509013,0.3388174616356468,Banks—Regional,Financial Services,94.845,3120391016,96614,BANF
2019,2019-12-31,2020-02-28,134879000.0,419150000.0,224298000.0,4.05,419150000.0,1.0,8565758000.0,1004990000.0,2560855000.0,49230000.0,7560768000.0,0.0,815488000.0,196526886.24,30.790704582891177,52.018179971562056,0.003129203510068811,0.026670912148379584,0.17292118777517293,30.790704582891177,0.13420929561488174,4.862230433591793,15.109868001986966,2.0278847413805114,0.29511636355548304,0.0,0.01953136609245527,0.048933205911257355,52.018179971562056,0.015746300560907745,15.45066022440563,1.0,0.0771276595744681,0.9962154247410885,0.4268196359878573,0.5595386711240952,0.08679587735787904,0.07205080515681879,0.0,0.8260777473148349,0.29014708881375284,0.3522884076693793,Banks—Regional,Financial Services,94.845,3120391016,96614,BANF
2018,2018-12-31,2019-02-26,125814000.0,385675000.0,0.0,3.76,385675000.0,1.0,7574258000.0,902789000.0,6531545000.0,0.0,6671469000.0,0.0,722615000.0,233741477.20000005,27.617323969841074,0.0,0.003538828489866598,0.029690215543166785,0.0,27.617323969841074,0.13936146762975624,4.22944831062423,12.965111014672452,1.806836898987471,0.24055351550701828,0.0,0.018553910971898884,0.050919179145996876,0.0,0.0166107359955259,20.574303157045016,1.0,0.41886792452830185,1.1638375636289227,0.42028987848412686,0.5141359245225381,0.11722174103224424,0.45552354839829245,0.0,0.8099913296889109,0.2462277132687655,0.3110389561375767,Banks—Regional,Financial Services,94.845,3120391016,96614,BANF
2017,2017-12-31,2018-03-01,86439000.0,345209000.0,0.0,2.65,345209000.0,1.0,7253156000.0,775629000.0,6583949000.0,0.0,6477527000.0,0.0,638580000.0,-98651792.20000005,24.38044366724994,0.0,0.004406219857948733,0.04120397767489354,0.0,24.38044366724994,0.11144374436747466,4.713852210689756,18.825578822059487,2.097992993815342,0.2867108596813938,0.0,0.015229856271161819,0.04759431618456848,0.0,0.011917432907826606,18.808389095910677,1.0,0.19369369369369355,0.5886047363939281,0.30388463744392913,0.42392120046989895,0.1104966866113363,0.22306647423380593,0.0,0.3125095829488448,0.20562264354609577,0.23486114505368774,Banks—Regional,Financial Services,94.845,3120391016,96614,BANF
2016,2016-12-31,2017-03-07,70674000.0,310860000.0,0.0,2.22,310860000.0,1.0,7018952000.0,711094000.0,6354976000.0,0.0,6307858000.0,0.0,577648000.0,-365510431.5,22.769332642552083,0.0,0.004553243846089843,0.0449434252011689,0.0,22.769332642552083,0.0993877040166279,4.674102710223251,20.559067952853948,2.043318560555988,0.32218354699040663,0.0,0.015671116401251163,0.04428866303687502,0.0,0.01006902454953389,18.22938760570095,1.0,0.06474820143884903,0.5137068151315818,0.29885151786634184,0.43843391500441325,0.05519348268839104,0.06806709989421188,0.0,0.2722817856591005,0.19825237508413132,0.24834196713412404,Banks—Regional,Financial Services,94.845,3120391016,96614,BANF
2015,2015-12-31,2016-03-11,66170000.0,294600000.0,0.0,2.085,294600000.0,1.0,6692829000.0,655510000.0,5943330000.0,0.0,6037319000.0,0.0,535521000.0,-654145961.4200001,21.0652199467847,0.0,0.00477511079395574,0.04875440496712483,0.0,21.0652199467847,0.10094430290918521,3.095967544399185,13.78376966268702,1.3913930200607159,0.32414991688076167,0.0,0.02351678276794214,0.044017260862334893,0.0,0.009886701124442294,13.63417900292992,1.0,0.03217821782178215,0.5408796864356753,0.3646328376353079,0.40828744929416516,0.06061260638527671,0.035734969555621644,0.0,0.24327260565501643,0.1375982411680657,0.2302980899022962,Banks—Regional,Financial Services,94.845,3120391016,96614,BANF
2014,2014-12-31,2015-03-13,63887000.0,277764000.0,0.0,2.02,277764000.0,1.0,6574972000.0,609314000.0,5873251000.0,0.0,5965658000.0,0.0,492776000.0,-908934299.53,19.743469753589142,0.0,0.004076671353125154,0.04399045483937674,0.0,19.743469753589142,0.10485070095221839,3.5215387900159847,15.310731455069105,1.6053409251551747,0.3058994787671983,0.0,0.01997941637634305,0.042245655190622865,0.0,0.009716695371478389,14.949209873914905,1.0,0.157593123209169,0.943771473916859,0.3905140028772611,0.4034148278080799,0.09496440313157832,0.1761879337960491,0.0,0.38469340373377037,0.17443681199159342,0.24727750871152862,Banks—Regional,Financial Services,94.845,3120391016,96614,BANF
2013,2013-12-31,2014-03-14,54317000.0,253674000.0,0.0,1.745,253674000.0,1.0,6038974000.0,556997000.0,5338667000.0,0.0,5481977000.0,0.0,448953000.0,-967821661.42,18.239659678208756,0.0,0.005587372954412455,0.06057842322310533,0.0,18.239659678208756,0.09751758088463672,3.3742966901613882,15.758811027486791,1.5367611290186483,0.25006903915901096,0.0,0.01586852197940798,0.04200614210294663,0.0,0.008994408652860568,13.334133074430634,1.0,0.03869047619047629,0.220503692506479,0.18432154584046176,0.34167428048851795,0.004522199166838262,0.04657032755298651,0.0,0.2889039914183793,0.19739166381500245,0.21938835051845448,Banks—Regional,Financial Services,94.845,3120391016,96614,BANF
2012,2012-12-31,2013-03-18,51900000.0,252532000.0,0.0,1.68,252532000.0,1.0,6022250000.0,519567000.0,5287577000.0,0.0,5502683000.0,0.0,415607000.0,-1266460721.48,17.122045559265715,0.0,0.005974843289468222,0.06925382097015399,0.0,17.122045559265715,0.09989087066730566,2.5450448993394894,12.383531378034682,1.237001731287784,0.40635838150289016,0.0,0.03281441852876227,0.04193316451492382,0.0,0.008618041429698202,13.716020285116736,1.0,0.14675767918088728,0.0031296270960604862,0.181025448099343,0.4334084168673399,0.07985187592470644,0.13763398434931282,0.0,0.6059493139682101,0.28572353710919357,0.2170774904401354,Banks—Regional,Financial Services,94.845,3120391016,96614,BANF
2011,2011-12-31,2012-03-15,45621000.0,233858000.0,0.0,1.465,233858000.0,1.0,5608825000.0,483041000.0,4823729000.0,10984000.0,5125784000.0,0.0,381017000.0,-1072119954.3699999,15.829251802980622,439.1595957756737,0.01120252459294059,0.1300779850985734,0.0,15.829251802980622,0.09444539904480158,2.4492642784510257,12.555183920343701,1.1857793554377372,0.34179434909361917,0.0,0.027223364568940738,0.04169465084041667,157.17361616897304,0.008133789162614273,12.443624714968498,1.0,0.08518518518518517,-0.04777069575984813,0.19190496968014661,0.4283789632109632,0.09949928301088413,0.07828121676239098,0.0,0.025842390205983605,0.092593022101451,0.16436931379858236,Banks—Regional,Financial Services,94.845,3120391016,96614,BANF
2010,2010-12-31,2011-03-15,42309000.0,212695000.0,0.0,1.35,212695000.0,1.0,5060249000.0,458594000.0,4159952000.0,10485000.0,4601655000.0,0.0,361680000.0,-502282155.88,14.958039963604453,396.7526943252265,0.013908604102288247,0.15347126216217394,0.0,14.958039963604453,0.0922580757707253,2.968644510308188,14.923913212791602,1.3768515159814563,0.3482237821740055,0.0,0.023333275744027746,0.04203251658169391,116.92827849308536,0.008361051007568995,5.117568560405894,1.0,0.29186602870813416,0.007299247122336389,0.16785264995732027,0.5468362877104321,0.07321442086938972,0.29746389033702353,0.0,-0.1906158564693834,-0.015462302035272869,0.25224409136475656,Banks—Regional,Financial Services,94.845,3120391016,96614,BANF
2009,2009-12-31,2010-03-16,32609000.0,198185000.0,0.0,1.045,198185000.0,1.0,4416115000.0,430750000.0,3865321000.0,3986000.0,3985365000.0,0.0,334693000.0,-442546212.91999996,14.068163854607004,969.7242849974912,0.006092232652455835,0.06245850261172374,0.0,14.068163854607004,0.07570284387695879,2.8612649144990794,17.389671166855774,1.3164475614161346,0.4223987242785734,0.0,0.024290207688553278,0.04487768094807314,265.4741595584546,0.007384092126224068,-106.85128831354815,1.0,-0.2666666666666667,-0.10315789223710262,0.1983005938314998,0.587114148223338,-0.07169823693627864,-0.2648676676135083,0.0,-0.3216560413008026,0.006690382039718493,0.26946425207170605,Banks—Regional,Financial Services,94.845,3120391016,96614,BANF
2008,2008-12-31,2009-03-16,44358000.0,213492000.0,0.0,1.425,213492000.0,1.0,3867204000.0,413791000.0,3278390000.0,18711000.0,3453413000.0,0.0,315858000.0,391967748.20000005,13.594700251366152,175.21190743412964,0.010262711767985346,0.09591315422520065,0.0,13.594700251366152,0.10719904492847838,3.772416522398966,18.156380995536317,1.946346702079069,0.28822309391766987,0.0,0.01587447928023368,0.0552057765765654,25.519694297472075,0.011470302575193861,17.52999909017696,1.0,-0.14414414414414414,0.43227408955365926,0.39154564873077186,0.6680439870969478,-0.027034417383695494,-0.16452263010189666,0.0,0.06375099734638104,0.18074101795622377,0.4058510152751306,Banks—Regional,Financial Services,94.845,3120391016,96614,BANF
TTM,,,,,,,,,,,,,,,,3111059016.0,39.853090292521564,8.986697396483434,0.023479527623224097,0.2208833441911629,0.14452026828424402,39.853090292521564,0.17377060722758764,6.48413148669569,14.529396800291545,2.3798656341036035,0.23227675369554485,0.0,0.01686962939532922,0.03902294052799583,10.594214080022015,0.017411301639095676,14.766328547497135,1.0,,,,,,,,,,,Banks—Regional,Financial Services,94.845,3120391016,96614,BANF
