Quarters,Year,Quarter,FillingDate,Date,NetIncome,Revenue,OperatingIncome,EPSDiluted,GrossProfit,GrossProfitRatio,TotalAssets,CommonStockEquity,CurrentAssets,CurrentLiability,TotalLiability,Inventory,RetainedEarnings,MarketCap,EnterpriseValue,bookValuePerShare,currentRatio,debtToAssets,debtToEquity,roic,shareholdersEquityPerShare,roe,priceToSalesRatio,peRatio,pbRatio,payoutRatio,inventoryTurnover,dividendYield,assetTurnover,quickRatio,returnOnAssets,priceToFreeCashFlowsRatio,grossProfitMargin,epsdilutedGrowth,fiveYNetIncomeGrowthPerShare,fiveYRevenueGrowthPerShare,fiveYShareholdersEquityGrowthPerShare,grossProfitGrowth,netIncomeGrowth,operatingIncomeGrowth,threeYNetIncomeGrowthPerShare,threeYRevenueGrowthPerShare,threeYShareholdersEquityGrowthPerShare,Industry,Sector,Symbol
2023Q1,2023,Q1,2023-05-05,2023-03-31,3281000.0,113762000.0,11003000.0,0.03,82086000.0,0.7215590443,962630000.0,761729000.0,492763000.0,96174000.0,200901000.0,26180000.0,-521415000.0,5550279020.0,5482817020.0,7.035002816849377,5.123661280595587,0.033672335165120554,0.0425531914893617,0.012543414340515436,7.035002816849377,0.00430730614168556,48.78851479404371,422.91062328558365,7.2864221002482505,0.0,1.2099312452253628,0.0,0.11817832396663308,4.699606962380685,0.003408370817448033,178.0762005903491,0.7215590443205991,-0.8,1.0928509166863127,1.4748580609338227,-0.3124797023363633,-0.07750918714810694,-0.7942817731519217,-0.4992490784144177,1.4285729484139085,0.8538583572738866,-0.17748502840224106,Semiconductors,Technology,RMBS
2022Q4,2022,Q4,2023-02-24,2022-12-31,15949000.0,122367000.0,21973000.0,0.15,88983000.0,0.7271813479,1012594000.0,779297000.0,527214000.0,126709000.0,233297000.0,20900000.0,-513256000.0,3921287040.0,3840434040.0,7.1186878836597485,4.160825197894388,0.043927773619041786,0.05707836678442237,0.024774303085898928,7.1186878836597485,0.02046588142903155,32.04529848733727,61.46603298012415,5.031826171536654,0.0,1.5973205741626795,0.0,0.120845077099015,3.901001507390951,0.015750636484119004,84.39954025957255,0.7271813479124274,13.999999999999998,1.4438943569256297,0.20892441416732424,0.3724407390751611,0.04366643209007741,15.985090521831737,-0.14565107508067965,2.695765712117512,1.0687751178892617,-0.18653873621018272,Semiconductors,Technology,RMBS
2022Q3,2022,Q3,2022-11-04,2022-09-30,939000.0,112244000.0,25719000.0,0.01,85260000.0,0.7595951677,969056000.0,749884000.0,474177000.0,116431000.0,219172000.0,14161000.0,-509398000.0,2795386560.0,2699723560.0,6.819111014113196,4.072600939612302,0.04736155598850841,0.06120413290588944,0.008444992500470818,6.819111014113196,0.0012521936726213655,24.904552225508713,744.245623003195,3.7277586400029876,0.0,1.9055151472353646,0.0,0.11582818743189248,3.8257165187965403,0.0009689842485883169,37.8912158755117,0.7595951676704322,-0.9677419354838709,-0.8784309998811634,0.12799294054414628,0.26721089117590785,-0.11482558139534883,-0.9731867504283267,-0.27674353205849267,1.0548440267615515,0.9794574603169319,-0.21035809170035202,Semiconductors,Technology,RMBS
2022Q2,2022,Q2,2022-08-05,2022-06-30,35020000.0,121132000.0,35560000.0,0.31,96320000.0,0.7951656045,1110913000.0,838158000.0,581146000.0,161444000.0,272755000.0,9238000.0,-440004000.0,2373506030.0,2288386030.0,7.588780138890146,3.59967542925101,0.07771985745058343,0.10301160401738096,0.034125276234337455,7.588780138890146,0.04178209836331575,19.59437663045273,16.943932252998284,2.8318121762245303,0.0,2.6858627408529987,0.0,0.10903824151846274,3.4806434429275788,0.03152362066156396,45.86573711569306,0.7951656044645511,1.5166666666666666,12.39627328743516,0.2743619126723128,0.46474005044781036,0.25660461050736455,1.5288592225678819,3.2735248167287585,1.9506681494785953,1.0858947476591476,-0.13544644522500945,Semiconductors,Technology,RMBS
2022Q1,2022,Q1,2022-05-06,2022-03-31,-66218000.0,99050000.0,8321000.0,-0.6,76651000.0,0.773861686,1060875000.0,793126000.0,545112000.0,168402000.0,267749000.0,6164000.0,-475024000.0,3504360210.0,3432884210.0,7.217519496946919,3.2369686820821606,0.10147566866973018,0.13573253177931374,0.008973192948288826,7.217519496946919,-0.08348988685278254,35.37970933871782,-13.230391321090943,4.418415497663675,0.0,3.6338416612589226,0.0,0.0933663249675975,3.127462856735668,-0.06241828679156357,92.38776225251114,0.7738616860171631,-12.299435028248588,-23.344337681536462,0.03203509428202561,0.33735222631885503,0.03522277595451292,-11.846519246519247,-0.07235228539576366,-1.4871797784627823,1.043494363251402,-0.2082063786616873,Semiconductors,Technology,RMBS
2021Q4,2021,Q4,2022-02-28,2021-12-31,6105000.0,91781000.0,8970000.0,0.0531,74043000.0,0.8067355989,1232646000.0,862396000.0,684364000.0,267267000.0,370250000.0,8482000.0,-435227000.0,3248711820.0,3339598820.0,7.801805713872152,2.5606004482408977,0.16126122179441624,0.2304950394018525,0.006358593880649537,7.801805713872152,0.007079114467135748,35.39634368769135,133.03488206388207,3.767076633008502,0.0,2.0912520631926435,0.0,0.07445852256041069,2.4892036802149162,0.0049527601598512465,49.29535559837944,0.806735598871226,0.7700000000000001,2.766105534611678,-0.06242578559893561,0.5547946949278089,0.1779782359679267,0.6607725788900979,0.20873197682253067,3.968126867958767,0.3133513567111125,-0.16401956535498544,Semiconductors,Technology,RMBS
2021Q3,2021,Q3,2021-11-05,2021-09-30,3676000.0,81282000.0,7421000.0,0.03,62856000.0,0.7733077434,1202666000.0,847843000.0,624759000.0,95175000.0,354823000.0,8085000.0,-422737000.0,2419555800.0,2466318800.0,7.779161199754103,6.564318360914106,0.16516139975687347,0.2342815827930407,0.005302195692238762,7.779161199754103,0.004335708379971292,29.7674245220344,164.55085690968443,2.853778116939103,0.0,2.279035250463822,0.0,0.06758484899381874,6.35338061465721,0.003056542714269797,55.320570683860346,0.7733077434118255,-0.7000000000000001,-0.17594391185023747,-0.08524197247367483,0.5508510101832335,-0.07538871155175711,-0.6707863156009314,-0.47365061351868926,1.0346941057415844,0.34664803026819857,-0.1675734706219103,Semiconductors,Technology,RMBS
2021Q2,2021,Q2,2021-08-06,2021-06-30,11166000.0,84859000.0,14099000.0,0.1,67981000.0,0.801105363,1152985000.0,830588000.0,678985000.0,81426000.0,322397000.0,8052000.0,-426413000.0,2658934240.0,2651835240.0,7.406441717791411,8.33867560729988,0.17140899491320355,0.23794227703747226,0.010703487958331032,7.406441717791411,0.013443488227617062,31.333556134293357,59.53193265269568,3.2012673431352248,0.0,2.096125186289121,0.0,0.07359939634947549,8.110296465502419,0.009684427811289826,53.345121579327504,0.8011053630139408,6.0,1.8232628372101858,0.08709689136915166,0.5008381312705302,0.2819347539128795,5.2732491389207805,106.21641791044776,1.6985219774781795,0.44398025852486506,-0.278192095460641,Semiconductors,Technology,RMBS
2021Q1,2021,Q1,2021-05-07,2021-03-31,-2613000.0,70382000.0,-134000.0,-0.02,53030000.0,0.7534596914,1235780000.0,909406000.0,724336000.0,80402000.0,326374000.0,9926000.0,-360364000.0,2181381840.0,2269293840.0,8.10442826460864,9.008930126116265,0.15979057761090162,0.2171373401978874,-9.801624944602547e-05,8.10442826460864,-0.002873304112794505,30.993461964706885,-208.70473019517797,2.3986886385178896,0.0,1.7481362079387468,0.0,0.05695350305070482,8.741001467625184,-0.002114454029034294,60.69340975487604,0.7534596913983689,0.8172762267035821,-2.3606475426272895,-0.05302927285351507,0.6631537320589612,0.09425941975155792,0.7834410740924913,0.982711908140885,0.9286456988874766,0.47745908527836706,-0.20796635368332067,Semiconductors,Technology,RMBS
2020Q4,2020,Q4,2021-02-26,2020-12-31,-12066000.0,61913000.0,-7751000.0,-0.10945483250039738,48462000.0,0.7827435272,1243876000.0,905113000.0,696822000.0,85864000.0,338763000.0,14466000.0,-365344000.0,1977414840.0,2036328840.0,7.991885496318011,8.115415075002328,0.1568162742910065,0.21550900274330387,-0.007787486508007102,7.991885496318011,-0.013330932159851865,31.938604816435966,-40.970803083043265,2.1847159857387974,0.0,0.9298354762892299,0.0,0.04977425402532085,7.761681263393273,-0.009700323826490744,59.67212384573601,0.7827435272075332,0.004956068178205658,-1.9415179558246554,-0.18244941316431154,0.7426834431540967,0.16352548558257904,0.0557946631191799,0.14220894200973883,0.6753921712566766,-0.40875676242249187,0.5407880520155429,Semiconductors,Technology,RMBS
2020Q3,2020,Q3,2020-11-06,2020-09-30,-12779000.0,56915000.0,-9036000.0,-0.11,41651000.0,0.7318105947,1309018000.0,958246000.0,725034000.0,90882000.0,350772000.0,14218000.0,-321787000.0,1558305320.0,1663561320.0,8.418368064096708,7.9777513699082325,0.14876113239084565,0.20321608438751637,-0.008324541775361296,8.418368064096708,-0.01333582399509103,27.379518931740314,-30.485666327568666,1.6262059220701155,0.0,1.0735687157124771,0.0,0.04347915765864182,7.642734534891398,-0.009762279815861967,43.166352354570634,0.7318105947465519,-0.22222222222222227,-1.0718149320648005,-0.21084559316278229,0.6179891770580418,-0.04867297062719839,-0.18532603654577498,-0.14859539850006356,-2.5983480073888257,-0.44743012023215106,0.5644044619118305,Semiconductors,Technology,RMBS
2020Q2,2020,Q2,2020-08-07,2020-06-30,-10781000.0,59930000.0,-7867000.0,-0.09,43782000.0,0.730552311,1316647000.0,965190000.0,706247000.0,83458000.0,351457000.0,11554000.0,-309008000.0,1726294400.0,1817467400.0,8.498485542211109,8.462304392628628,0.14768423123282096,0.2014608522674292,-0.006755706642272663,8.498485542211109,-0.011169821485925052,28.805179375938597,-40.03094332622206,1.7885539634683325,0.0,1.397611216894582,0.0,0.045517135572404756,8.108545615758825,-0.00818822357093435,33.7265683305656,0.7305523110295344,-0.28571428571428553,-2.605311867151976,-0.15912951890655042,1.3215194575713154,-0.0898469981706303,-0.3504948014530878,-0.4490698102781359,-5.010601880528932,-0.3868583432548088,0.6403258381456822,Semiconductors,Technology,RMBS
2020Q1,2020,Q1,2020-05-08,2020-03-31,-7983000.0,63989000.0,-5429000.0,-0.07,48104000.0,0.7517542078,1319491000.0,965698000.0,678756000.0,80063000.0,353793000.0,9848000.0,-298227000.0,1253267700.0,1271650700.0,8.553039226974413,8.477773753169378,0.14689679580989942,0.20071388777858087,-0.005132834303349645,8.553039226974413,-0.008266559524820388,19.585674100235977,-39.24801766253288,1.2977842969541202,0.0,1.6130178716490657,0.0,0.048495215200406824,8.141725890860947,-0.0060500602126122875,35.495290019259095,0.7517542077544578,0.176154348803856,-1.858213062614158,-0.10352451754418851,1.4300844265494108,0.060236715082321306,0.16250524548887957,0.6673610685619754,-3.621747780445026,-0.3510986731476506,0.5848140149569799,Semiconductors,Technology,RMBS
2019Q4,2019,Q4,2020-02-26,2019-12-31,-9532000.0,59947000.0,-16321000.0,-0.08496737210224609,45371000.0,0.7568518858,1338986000.0,970918000.0,664679000.0,86179000.0,368068000.0,10086000.0,-290244000.0,1528308700.0,1621166700.0,8.751108627465118,7.712772253101104,0.1456579829811514,0.200875872112784,-0.013512169051468985,8.751108627465118,-0.009817512910462057,25.494331659632675,-40.08363145195133,1.5740862771109405,0.0,1.4451715248859807,0.0,0.04477044569547404,7.380788823263208,-0.007118819763612166,46.17246827794562,0.7568518858324854,0.46895392436096195,-2.2525864801565425,-0.14258931787043838,1.5545276722823473,0.012180702732849972,0.4500028850037505,0.3010877012675574,-1.7473066763896188,-0.3898839524877096,0.7439779671168966,Semiconductors,Technology,RMBS
2019Q3,2019,Q3,2019-11-08,2019-09-30,-17331000.0,57399000.0,-23352000.0,-0.16,44825000.0,0.7809369501,1299827000.0,961283000.0,656449000.0,88293000.0,338544000.0,9854000.0,-280712000.0,1461009375.0,1533007375.0,8.63570048960158,7.434892913367991,0.12604446591738747,0.17043472109670096,-0.019010684156419225,8.63570048960158,-0.018029029952677827,25.453568441958918,-21.07508763198892,1.5198535446897532,0.0,1.27603003856302,0.0,0.044158953460729775,6.337625859354649,-0.013333312817782675,60.15850181174339,0.7809369501210822,0.5151515151515151,-4.234257956711108,-0.1528978010655703,1.6191375189900472,-0.009829909432295118,0.5313412655489453,-0.33226837060702874,-4.803941847401661,-0.3675223962581888,0.7216104004068965,Semiconductors,Technology,RMBS
2019Q2,2019,Q2,2019-08-02,2019-06-30,-36980000.0,58297000.0,-17528000.0,-0.33,45270000.0,0.7765408169,1312161000.0,973226000.0,640904000.0,84424000.0,338935000.0,9326000.0,-263381000.0,1360436250.0,1409493250.0,8.777686583990981,7.591490571401497,0.1244077517926535,0.16773390764324012,-0.017219460613265427,8.777686583990981,-0.03799734080265015,23.336299466524864,-9.197108234180638,1.3978626238920866,0.0,1.396847523053828,0.0,0.044428237083711526,6.441770112764143,-0.02818251723683298,37.19071213778021,0.776540816851639,-0.3750000000000001,-8.547286669479009,-0.2158565778437732,1.7345292793967746,0.21739364276878395,-0.3914810355207706,0.4359997425831778,-10.457209387285443,-0.24463134319249866,0.7787065950913685,Semiconductors,Technology,RMBS
2019Q1,2019,Q1,2019-05-03,2019-03-31,-26576000.0,48384000.0,-31078000.0,-0.24,37186000.0,0.7685598545,1321420000.0,999887000.0,545012000.0,69276000.0,321533000.0,8192000.0,-226401000.0,1184673600.0,1206928600.0,9.115404952047552,7.867255615220278,0.12507075721572247,0.16528967773358388,-0.026494055688796186,9.115404952047552,-0.026579003427387296,24.48482142857143,-11.144205298013246,1.1848074832456068,0.0,1.366943359375,0.0,0.036615156422636255,7.505672960332583,-0.020111698021825008,42.16370431006869,0.7685598544973545,-13.548910005589736,-4.526448119316351,-0.3600121698539758,1.9416561742775442,-0.3583863899097607,-12.169474727452924,-11.21630506245891,-15.156514064727352,-0.3340567860894129,0.8706217477956428,Semiconductors,Technology,RMBS
2018Q4,2018,Q4,2019-02-22,2018-12-31,-2018000.0,68563000.0,3042000.0,-0.016496081143384023,57957000.0,0.8453101527,1361155000.0,1012112000.0,527750000.0,69285000.0,349043000.0,6772000.0,-204294000.0,831811500.0,894118500.0,9.332521899492853,7.617088835967381,0.13094100231053774,0.17609809981504024,0.02465285441523306,9.332521899492853,-0.0019938504829505035,12.132075609293642,-103.04899653121902,0.8218571660053433,0.0,1.5661547548730066,0.0,0.050371192112580856,7.292198888648336,-0.0014825644397588812,26.16582258571878,0.8453101527062702,0.9829937307800164,0.7860510028310909,-0.03203799582998846,2.0835568083011418,0.1968157601288564,0.980761347277702,1.158710283299421,-1.1644411257372698,-0.054532528361634726,1.0350180698424836,Semiconductors,Technology,RMBS
2018Q3,2018,Q3,2018-11-02,2018-09-30,-104893000.0,59754000.0,-19167000.0,-0.97,48426000.0,0.8104227332,1343970000.0,1008315000.0,476038000.0,59378000.0,335655000.0,6272000.0,-202276000.0,1155576870.0,1197879870.0,9.34516251610332,8.017077031897335,0.131578085820368,0.17537872589418982,-0.1087301771269127,9.34516251610332,-0.10402800712079062,19.338904006426347,-2.7541801407148236,1.1460474851608873,0.0,1.8061224489795917,0.0,0.044460813857452174,7.66836201960322,-0.07804712902817772,39.74879162080352,0.8104227332061452,-5.928571428571428,-18.127327230607648,-0.14889756876361346,2.067827495217089,0.17624483847461744,-5.830305398189751,0.08767670998143652,-1.621876472036864,-0.12593855422085906,0.7961167406531172,Semiconductors,Technology,RMBS
2018Q2,2018,Q2,2018-08-03,2018-06-30,-15357000.0,56458000.0,-21009000.0,-0.14,41170000.0,0.7292146374,1525773000.0,1105485000.0,537706000.0,152198000.0,420288000.0,6041000.0,-97383000.0,1351021980.0,1358848980.0,10.260959558925903,3.532937357915347,0.16785655533293617,0.23167297611455606,-0.014092073099027708,10.260959558925903,-0.01389164032076419,23.929681887420738,-21.993585661261964,1.2221079254806713,0.0,2.5307068366164542,0.0,0.03700288312874851,3.3982641033390713,-0.010065062102947163,22147.90131147541,0.7292146374295937,0.5757575757575757,-1.038595075689469,0.015001317536789795,2.6597047266567615,0.3747620796740909,0.5696993471377736,0.4795630202140309,-3.4105333812234675,-0.16494185957553362,1.802972029673088,Semiconductors,Technology,RMBS
2018Q1,2018,Q1,2018-05-10,2018-03-31,-35689000.0,46426000.0,-40368000.0,-0.33,29947000.0,0.6450480334,1539659000.0,1118998000.0,501762000.0,145852000.0,420661000.0,5596000.0,-74255000.0,1468677940.0,1599939940.0,10.232429269006383,3.4402133669747417,0.16472673494585488,0.22665187962802436,-0.026260613851679777,10.232429269006383,-0.03189371205310465,31.6348154051609,-10.288029504889462,1.3124938024911572,0.0,2.944781987133667,0.0,0.030153430077699023,3.2868661382771576,-0.023179807996445968,97.37952128364938,0.6450480334295438,-0.007747654476447156,-2.501283473584106,-0.2914578886515519,2.6160219191184315,-0.6430631704410011,0.013243751382437514,-3.5681022965837523,-4.961263019669237,-0.3284711590228505,1.9072317281043112,Semiconductors,Technology,RMBS
2017Q4,2017,Q4,2018-02-23,2017-12-31,-36168000.0,101891000.0,15719000.0,-0.3274629303617126,83900000.0,0.8234289584,891072000.0,571584000.0,371744000.0,132842000.0,319488000.0,5159000.0,-636227000.0,1567015560.0,1592331560.0,5.186881794587924,2.798392074795622,0.2818627450980392,0.439410480349345,-0.057166268368516925,5.186881794587924,-0.06327678871346994,15.379332423864717,-10.831505474452554,2.7415315334229087,0.0,3.4873037410350842,0.0,0.11434653989801048,2.6743650351545445,-0.04058931264813618,28.15891678197272,0.823428958396718,-5.678041862310179,-1.2536205967369323,0.7829667078026646,0.7865560598291937,0.05500088021527551,-5.700194931773879,-0.07589653145208701,-5.785132253590012,0.46724630937645234,0.514097657929591,Semiconductors,Technology,RMBS
2017Q3,2017,Q3,2017-10-27,2017-09-30,7695000.0,99134000.0,17010000.0,0.07,79526000.0,0.8022071136,824128000.0,589537000.0,249444000.0,182739000.0,234591000.0,5015000.0,-592863000.0,1462559250.0,1449175250.0,5.381196659212268,1.3650288115837341,0.20501790983924828,0.2865994840018523,0.011804143803266116,5.381196659212268,0.013052615866349355,14.753356567877821,47.51654483430799,2.480860828073556,0.0,3.9098703888334994,0.0,0.12028956666925526,1.2774011021183218,0.009337141803215035,110.53198685006046,0.802207113603809,2.5,1.1339852211550872,0.7431618458260061,0.8026893320170084,0.09084674156070395,1.9539347408829175,1.0633187772925765,0.45908685403542415,0.4865365793182546,0.6320730535036191,Semiconductors,Technology,RMBS
2017Q2,2017,Q2,2017-07-28,2017-06-30,2605000.0,94720000.0,8244000.0,0.02,72903000.0,0.7696684966,803294000.0,570218000.0,222324000.0,51117000.0,233076000.0,5328000.0,-600557000.0,1257985800.0,1258145800.0,5.180974014174087,4.349316274429251,0.20835086531207753,0.29351405953512516,0.0054188405039335905,5.180974014174087,0.004568428215173846,13.28110008445946,120.72800383877158,2.206148876394642,0.0,4.094782282282282,0.0,0.11791448709936835,4.0053406890075705,0.003242897370078701,52.87431909885676,0.7696684966216216,-0.3333333333333333,1.0812226462496628,0.6925070957794579,0.49338327212021654,-0.06077041999484669,-0.13339986693280106,-0.38633318445734705,-0.46440589127218446,0.28349774849849024,0.6140386196280981,Semiconductors,Technology,RMBS
2017Q1,2017,Q1,2017-04-28,2017-03-31,3006000.0,97351000.0,13434000.0,0.03,77620000.0,0.7973210342,826210000.0,601557000.0,233494000.0,44124000.0,224653000.0,5840000.0,-573802000.0,1464636960.0,1452956960.0,5.396872532835713,5.291768651980782,0.2006451144382179,0.2755765455310137,0.004830748011101681,5.396872532835713,0.004997032700143129,15.044909245924542,121.80946107784432,2.434743440771199,0.0,3.378595890410959,0.0,0.11782839713874196,4.872133079503218,0.003638300190024328,95.9851209122485,0.797321034195848,2.009397490037471,1.1067111153291953,0.5332554292272578,0.4582984845699907,0.018782238905878802,1.872568940493469,0.1214625594790884,-0.6074660803479844,0.2672161350895968,0.7416388511010659,Semiconductors,Technology,RMBS
2016Q4,2016,Q4,2017-02-17,2016-12-31,-3445000.0,97559000.0,11979000.0,-0.029720700017677213,76189000.0,0.7809530643,783496000.0,552782000.0,216781000.0,51301000.0,230714000.0,5633000.0,-615051000.0,1516930740.0,1545832740.0,5.017900909569543,4.225668115631274,0.2095683960096797,0.29703572113419036,0.021811108909228456,5.017900909569543,-0.006232113201949412,15.548854949312723,-110.08205660377357,2.744175353032479,0.0,3.7937156044736375,0.0,0.12451754699449646,3.7675873764643963,-0.004396959269734625,52.12103971962617,0.780953064299552,-1.7430175004419304,0.8798185911410049,0.17242981284274927,0.28844401871193104,0.08175377319646178,-1.7636887608069165,0.013794854434664862,0.640436115269012,0.35591848825919353,0.6579636972429164,Semiconductors,Technology,RMBS
2016Q3,2016,Q3,2016-10-28,2016-09-30,4511000.0,89855000.0,11816000.0,0.04,70431000.0,0.7838295031,800296000.0,552840000.0,199302000.0,59801000.0,247456000.0,0.0,-611606000.0,1377675000.0,1450833000.0,5.016059665741194,3.3327536328823935,0.20322105820846287,0.29418457419868316,0.008068811769663222,5.016059665741194,0.008159684538021851,15.332201880807968,76.35086455331412,2.4919958758411114,0.0,0.0,0.0,0.1122772074332497,2.9623584889884786,0.005636664434159361,141.35799302277857,0.7838295030883089,0.3333333333333334,8.618766662619766,-0.0865684409203171,0.25506514275519265,0.12848490674870217,0.16382868937048503,-0.015989340439706862,1.805291682247708,0.25293834882249344,0.6466707490312136,Semiconductors,Technology,RMBS
2016Q2,2016,Q2,2016-07-22,2016-06-30,3876000.0,76501000.0,12008000.0,0.03,62412000.0,0.8158324728,765783000.0,542362000.0,283650000.0,43982000.0,223421000.0,0.0,-616117000.0,1327640320.0,1300728320.0,4.934870432377347,6.449229230139602,0.21037160657784254,0.2970322404593242,0.006284882754207015,4.934870432377347,0.007146518377024939,17.354548567992577,85.63211558307533,2.4478859507118864,0.0,0.0,0.0,0.09989905756591619,6.153812923468692,0.005061486086789599,43.56775899977029,0.8158324727781336,0.4999999999999999,1.3664717532845085,0.15628498894888923,0.2721002420898613,0.032029764365440264,1.0638977635782747,0.2920163546374005,1.5043821796468015,0.34821640696068923,0.7600857447196272,Semiconductors,Technology,RMBS
2016Q1,2016,Q1,2016-04-22,2016-03-31,1878000.0,72682000.0,9294000.0,0.02,60475000.0,0.8320492006,752825000.0,534721000.0,253206000.0,40115000.0,218104000.0,0.0,-602439000.0,1508828750.0,1531764750.0,4.872927925054451,6.3120029913997255,0.21195496961445223,0.29840795480259796,0.0037246280915809163,4.872927925054451,0.0035121119237882933,20.759317987947497,200.85579739084133,2.821712163913517,0.0,0.0,0.0,0.09654567794640188,5.987510906144833,0.002494603659549032,102.92849102940173,0.8320492006273905,-0.8564165489325714,1.4353942674394773,0.13995252110924233,0.5444733196443422,-0.07577216389283695,-0.8554495073891626,-0.5429330185895545,1.1836123076899248,0.10546392798068746,0.7220362559117143,Semiconductors,Technology,RMBS
2015Q4,2015,Q4,2016-02-19,2015-12-31,12992000.0,76773000.0,20334000.0,0.13929181846038607,65433000.0,0.8522918213,719504000.0,526533000.0,315590000.0,28366000.0,192971000.0,0.0,-604317000.0,1330694260.0,1346456260.0,4.585965126204122,11.125643375872523,0.2217166270097178,0.3029743624806043,0.02075755443438055,4.585965126204122,0.02467461678565256,17.332841754262567,25.606031788793103,2.5272760871588296,0.0,0.0,0.0,0.10670267295247837,10.721074525840795,0.018056883630945764,63.97260997067448,0.8522918213434411,-0.908360645749746,-0.6153676715587011,-0.1729493789754761,0.5404584289895565,0.04412140167230484,-0.9286283256332643,0.15272108843537416,1.776982408240176,0.2894211389343974,0.5795778872258324,Semiconductors,Technology,RMBS
2015Q3,2015,Q3,2015-10-23,2015-09-30,182033000.0,73779000.0,17640000.0,1.52,62668000.0,0.8494015912,795873000.0,605856000.0,401947000.0,27610000.0,190017000.0,0.0,-563129000.0,1374039200.0,1315651200.0,5.202981690769812,14.558022455632017,0.1987314558981144,0.2610603839856335,0.2655668411702091,5.202981690769812,0.3004558839064068,18.623716775776305,1.8870743216889245,2.2679303332805154,0.0,0.0,0.0,0.09270197632034256,13.516551973922493,0.22872116531155096,99.66917162338605,0.8494015912386994,24.333333333333332,9.499045787960577,1.2328820839836532,1.0176192549827399,0.03284713638236506,25.531555166885294,0.1341134113411341,3.982040156489273,0.2205706807421593,0.7429877000636445,Semiconductors,Technology,RMBS
2015Q2,2015,Q2,2015-07-23,2015-06-30,6861000.0,72812000.0,15554000.0,0.06,60675000.0,0.8333104433,623755000.0,424745000.0,365674000.0,31369000.0,199010000.0,0.0,-745164000.0,1681231230.0,1636577230.0,3.66074275815112,11.657177468201091,0.2514176239068224,0.3692168242121744,0.013579658269964785,3.66074275815112,0.01615322134457145,23.090029528099763,61.26042960209882,3.958213116104957,0.0,0.0,0.0,0.11673172960537391,11.312792884695082,0.010999511025963719,77.19506083842234,0.8333104433335164,-0.25000000000000006,1.5365081405536576,0.8299075458851077,0.0356942095871172,-0.0238585540075292,-0.27794148600294677,-0.13067292644757433,1.2029211298165747,0.23413370797574662,0.05518614523095583,Semiconductors,Technology,RMBS
2015Q1,2015,Q1,2015-04-24,2015-03-31,9502000.0,72914000.0,17892000.0,0.08,62158000.0,0.852483748,599871000.0,405942000.0,335566000.0,28029000.0,193929000.0,0.0,-752024000.0,1450350200.0,1434265200.0,3.519646944579316,11.97210032466374,0.25919239303116837,0.38301530760552,0.018951998482908936,3.519646944579316,0.02340728478452587,19.891244479798118,38.15907703641338,3.572801533223958,0.0,0.0,0.0,0.12154946646862409,11.570230832352207,0.01584007228220734,104.01249282845669,0.8524837479770688,0.27485652661641297,-0.938234033187321,-0.5581435135667051,-0.14950147564783667,0.014129086993408601,0.21183522509883942,0.01745806084731305,1.3259908779655944,0.10982564710371502,-0.048949966064047605,Semiconductors,Technology,RMBS
2014Q4,2014,Q4,2015-02-20,2014-12-31,7841000.0,72040000.0,17585000.0,0.06275215942324694,61292000.0,0.8508051083,588279000.0,391622000.0,314838000.0,34658000.0,196657000.0,0.0,-761526000.0,1267786620.0,1267812620.0,3.4257247327629945,9.084136418720064,0.2620389305074633,0.3936244644070047,0.016064650544555203,3.4257247327629945,0.02002185781186961,17.598370627429205,40.421713429409515,3.2372711951831104,0.0,0.0,0.0,0.12245890130363314,8.83230422990363,0.013328709676871008,50.870179760853866,0.8508051082731816,0.25504318846493873,1.307932217601711,1.1384866388173691,0.40307033021951216,0.035827756371256674,0.4222746236169055,0.21544097318219518,1.2635947235315552,-0.16572272971856647,-0.12037829737441992,Semiconductors,Technology,RMBS
2014Q3,2014,Q3,2014-10-24,2014-09-30,5513000.0,69712000.0,14468000.0,0.05,59172000.0,0.8488065182,567157000.0,377600000.0,285563000.0,26276000.0,189557000.0,0.0,-769367000.0,1429247040.0,1456401040.0,3.2971542834190513,10.867826153143554,0.26948446373755414,0.40476694915254235,0.012894539481097714,3.2971542834190513,0.01460010593220339,20.502166628414045,64.8125811717758,3.7850822033898304,0.0,0.0,0.0,0.12291481900073524,10.512444816562642,0.009720412513642607,63.07078416662989,0.8488065182464999,0.25000000000000006,1.1841480743478046,1.2969786329200297,0.30084953202067044,-0.10183512697135745,0.09319849296053936,-0.28034222045364104,10.313021261154644,-0.3179984606395957,-0.1750210948111286,Semiconductors,Technology,RMBS
2014Q2,2014,Q2,2014-07-25,2014-06-30,5043000.0,76518000.0,20104000.0,0.04,65881000.0,0.8609869573,557691000.0,366306000.0,267285000.0,30185000.0,191385000.0,0.0,-774880000.0,1631858800.0,1683835800.0,3.2099442672368466,8.854894815305615,0.27174187856716353,0.41371967699136786,0.015911059767021375,3.2099442672368466,0.01376717826079835,21.32646958885491,80.89722387467776,4.454906007545604,0.0,0.0,0.0,0.13720501137726807,8.57820109325824,0.009042641893091336,185.5439226833428,0.8609869573172325,-0.4285714285714286,1.1929741983540731,1.6011764050981756,0.2326056926161872,-0.03493686461781853,-0.3537929267042542,-0.13303721592134202,1.4592114036628285,0.11385419339140376,-0.1725474993920331,Semiconductors,Technology,RMBS
2014Q1,2014,Q1,2014-04-25,2014-03-31,7804000.0,78288000.0,23189000.0,0.07,68266000.0,0.8719854895,720998000.0,351985000.0,421015000.0,209641000.0,369013000.0,0.0,-779924000.0,1221092500.0,1193431500.0,3.098732282771371,2.0082665127527535,0.44232438924934603,0.9060471326903136,0.019193511054016052,3.098732282771371,0.022171399349404094,15.597441498058451,39.11751986160943,3.469160617639956,0.0,0.0,0.0,0.1085828254724701,1.9616391831750468,0.01082388578054308,91.35811013018106,0.8719854894747598,1.8110389648203138,1.411509722846297,1.631798034020797,0.41703190292334447,0.08248763161233033,1.7981998568067914,2.7317347924042483,2.7478394299767923,0.18618450203928666,-0.017857557290361287,Semiconductors,Technology,RMBS
2013Q4,2013,Q4,2014-02-21,2013-12-31,-9777000.0,73422000.0,6214000.0,-0.0863090468353867,63064000.0,0.8589251178,713379000.0,340229000.0,398371000.0,212842000.0,373150000.0,0.0,-787727000.0,1064570050.0000001,1038899050.0000001,3.0265445002891074,1.8716747634395468,0.4387920025680599,0.9200420892986783,0.024339279247475525,3.0265445002891074,-0.028736527456507236,14.499333306093543,-27.221285926153218,3.1289809216733437,0.0,0.0,0.0,0.10292144848670903,1.831936365942812,-0.013705197377551064,54.990962859651844,0.8589251178120999,-0.726180936707734,0.1484833278499558,0.8158822852225434,0.4322142433795649,-0.019771201193732903,-0.7077729257641922,-0.31450634307777164,-1.295628275527275,-0.19216926262773443,0.016637906717222376,Semiconductors,Technology,RMBS
2013Q3,2013,Q3,2013-10-25,2013-09-30,-5725000.0,73294000.0,9065000.0,-0.05,64336000.0,0.8777799001,705006000.0,343122000.0,374280000.0,204347000.0,361884000.0,0.0,-777950000.0,1058816000.0,1058587000.0,3.046182528409091,1.8315903830249527,0.43649557592417654,0.8968588432102867,-0.1298005474590084,3.046182528409091,-0.0166850274829361,14.446148388681202,-46.236506550218344,3.0858295300213916,0.0,0.0,0.0,0.1039622357823905,1.8006332366024458,-0.00812049826526299,42.290050724927106,0.8777799001282506,0.28571428571428575,0.8092092372015743,1.3194130825224812,0.3847808374613363,0.2726193772995213,0.2701427842937277,1.1460700757575757,0.7236751090952721,1.2931154593765124,0.18125276789141387,Semiconductors,Technology,RMBS
2013Q2,2013,Q2,2013-07-29,2013-06-30,-7844000.0,57919000.0,4224000.0,-0.07,50554000.0,0.8728396554,562844000.0,314535000.0,216125000.0,197985000.0,248309000.0,0.0,-772225000.0,999550530.0,1039471530.0,2.80376705918009,1.09162310276031,0.3468047984876804,0.6205891236269414,0.01944584447871261,2.80376705918009,-0.024938401131829525,17.25773114176695,-31.857168855175928,3.177867423339215,0.0,0.0,0.0,0.10290417948845507,1.043730585650428,-0.013936366026820931,-80.72609675335164,0.8728396553807904,0.22222222222222213,0.94934434627437,0.5150299182226689,0.1488905943749541,-0.1795446061963419,0.24591424726014227,1.9312977099236641,0.36560683505755603,0.5054947870647766,-0.20676062207372267,Semiconductors,Technology,RMBS
2013Q1,2013,Q1,2013-04-26,2013-03-31,-10402000.0,66866000.0,1441000.0,-0.09,61617000.0,0.9214997158,581666000.0,315797000.0,224714000.0,54171000.0,265869000.0,0.0,-764381000.0,601518610.0,635475610.0,2.829747578383319,4.1482342951025455,0.3286628408743162,0.6053635721681967,0.004654566904666289,2.829747578383319,-0.03293888162332131,8.99588146442138,-14.456801816958276,1.9047635348024206,0.0,0.0,0.0,0.11495600568023574,3.966845729264736,-0.01788311505228086,61.79562461475241,0.9214997158496097,0.41083313732280746,0.22768968743351628,0.578393179670068,-0.23106194369783856,0.20574134590924212,0.35519464418546987,1.4475155279503105,-1.0698804430018698,-0.5812254918086797,-0.3162109218338718,Semiconductors,Technology,RMBS
2012Q4,2012,Q4,2013-02-22,2012-12-31,-16132000.0,57443000.0,-3220000.0,-0.15275808213489334,51103000.0,0.8896297199,587812000.0,321594000.0,215176000.0,54134000.0,266218000.0,0.0,-753979000.0,539445030.0,583936030.0,2.9032852151775317,3.9748771566852623,0.3291443522758977,0.6016125922747315,-0.008243179457334559,2.9032852151775317,-0.05016262741220296,9.390961997110178,-8.359859750805851,1.6774101195917834,0.0,0.0,0.0,0.09772342177430879,3.7658218494846123,-0.027444148809483305,-143.31695802337939,0.889629719896245,0.7062344574328975,-0.04723566295022714,0.33935901224989684,-0.25341058312183834,0.022039559208815823,0.7223312334331646,0.3569003395246655,0.3461648387049031,0.7598122358226962,0.18909534867826433,Semiconductors,Technology,RMBS
2012Q3,2012,Q3,2012-10-29,2012-09-30,-58098000.0,57530000.0,-5007000.0,-0.52,50001000.0,0.86912915,601825000.0,330826000.0,219104000.0,61109000.0,270999000.0,0.0,-737847000.0,589594320.0,581263320.0,2.985093750563947,3.585462043234221,0.2390645121090018,0.43489628989257195,-0.011299389986688132,2.985093750563947,-0.17561497584833113,10.248467234486355,-2.537068057420221,1.7821885825176982,0.0,0.0,0.0,0.09559257259170025,3.396193686690995,-0.09653636854567357,175.3179661016949,0.8691291500086911,-0.7931034482758622,-7.375694747403278,0.2919374632026384,-0.22101629997951702,0.0230383631713555,-0.8033896200645642,0.7697825187364936,-1.0053557561084634,0.958821418633141,0.17773008924296343,Semiconductors,Technology,RMBS
2012Q2,2012,Q2,2012-07-30,2012-06-30,-32216000.0,56215000.0,-21749000.0,-0.29,48875000.0,0.8694298675,640674000.0,383540000.0,213462000.0,51336000.0,257134000.0,0.0,-679749000.0,634574220.0,622234220.0,3.4692862247067016,4.1581346423562415,0.21890072017906143,0.36565677634666527,-0.04713696257836461,3.4692862247067016,-0.08399645408562341,11.288343324735392,-4.924371585547554,1.6545190071439748,0.0,0.0,0.0,0.0877435325922388,3.9612552594670407,-0.05028454408950574,-24.106299194651267,0.8694298674730944,-0.15999999999999992,-10.122776352678326,0.11039149010264125,-0.08995718420594581,-0.12253141831238779,-0.15510935819290067,-0.6160647941744687,-0.2725003253060535,0.9725790619822263,0.33219196156619,Semiconductors,Technology,RMBS
2012Q1,2012,Q1,2012-04-30,2012-03-31,-27890000.0,62863000.0,-13458000.0,-0.25,55700000.0,0.8860537995,673686000.0,408413000.0,243054000.0,59426000.0,265273000.0,0.0,-647533000.0,711809100.0,660106100.0,3.7008010293771183,4.090027933900986,0.20312875731423838,0.33506524033270246,-0.0286346928263284,3.7008010293771183,-0.06828871754816815,11.323180567265323,-6.380504661168877,1.7428659224853273,0.0,0.0,0.0,0.0933120177649528,3.9249823309662437,-0.04139910878361729,-49.82912845642282,0.8860537995323163,0.03846153846153849,-5.7483789383702,0.17923773759278172,-0.009425345744786527,-0.2661976655336864,0.02876445187351999,0.2578581669791552,-0.5137272624830096,1.1751476430049637,0.6923543715460273,Semiconductors,Technology,RMBS
2011Q4,2011,Q4,2012-02-24,2011-12-31,-28716000.0,83359000.0,-18134000.0,-0.26,75906000.0,0.9105915378,693654000.0,429794000.0,301376000.0,65311000.0,263860000.0,0.0,-619643000.0,833202900.0,804451900.0,3.89454321390384,4.614475356371821,0.19244897311916315,0.3105976351461398,-0.03787526089642126,3.89454321390384,-0.06681340363057651,9.995356230281073,-7.253821040534894,1.9386098921809054,0.0,0.0,0.0,0.12017374656529048,4.4476734393899955,-0.041398161042825385,-238.05797142857142,0.9105915378063556,-63.85255230125524,-14.056917417965103,0.491167839552597,0.057661962885302856,-0.18238221417953854,-61.07531380753138,-2.6890834575260807,-1.5476040384141083,1.1000731438802458,0.8429665454704175,Semiconductors,Technology,RMBS
2011Q3,2011,Q3,2011-10-31,2011-09-30,478000.0,100263000.0,10736000.0,0.00413666574356134,92838000.0,0.9259447653,695469000.0,448960000.0,305634000.0,66329000.0,246509000.0,0.0,-590927000.0,1572676000.0,1542186000.0,3.996652838855556,4.6078487539387,0.18743322851198257,0.2903465787598004,0.001943488855377862,3.996652838855556,0.0010646828225231646,15.685507116284173,822.5292887029289,3.502931218816821,0.0,0.0,0.0,0.14416602321598807,4.42747516169398,0.0006873059762548727,50.05493491199593,0.9259447652673469,1.0413666574356133,1.0195024444999665,1.0162997501021873,0.1060732122539145,0.5432874526231797,1.0451582427964101,0.19395017793594305,1.015973172000143,2.181499006648068,0.8168603534480525,Semiconductors,Technology,RMBS
2011Q2,2011,Q2,2011-08-05,2011-06-30,-10585000.0,66214000.0,8992000.0,-0.1,60156000.0,0.9085087746,763177000.0,426693000.0,373576000.0,51246000.0,336484000.0,0.0,-591405000.0,1614682560.0,1562136560.0,3.8793094043203142,7.289856769308824,0.16674768762685457,0.29824253034383036,0.020221352114638252,3.8793094043203142,-0.024807062689099657,24.385818104932493,-38.13610203117619,3.7841786952211542,0.0,0.0,0.0,0.08676100039702454,7.038754244233696,-0.0138696527804166,104.47638692979618,0.908508774579394,-1.5,-2.629067107795789,0.2590833024906905,0.03755797249311653,0.013102495873892688,-1.5023640661938533,0.07431302270011947,0.9302816416038172,0.7665093054964852,0.5896121158500429,Semiconductors,Technology,RMBS
2011Q1,2011,Q1,2011-04-29,2011-03-31,-4230000.0,62527000.0,8370000.0,-0.04,59378000.0,0.9496377565,659159000.0,339527000.0,522372000.0,37721000.0,319632000.0,0.0,-580820000.0,2125356750.0,2067481750.0,3.1550742010723614,13.848307308926062,0.1886631298366555,0.36627131273801494,-0.02997755167377834,3.1550742010723614,-0.012458508454408632,33.99102387768484,-125.6121010638298,6.2597576923190195,0.0,0.0,0.0,0.09485875183377607,13.492855438615095,-0.006417268064306184,-192.81109951918717,0.9496377564891967,-1.1280774892904035,-3.188024792011772,0.24388014968053273,-0.061088951329288405,-0.3329064150095495,-1.1278563656147986,-0.804817759951496,0.6743051313536849,0.530639822260448,-0.14265970498763625,Semiconductors,Technology,RMBS
2010Q4,2010,Q4,2011-02-25,2010-12-31,33084000.0,90921000.0,42883000.0,0.31231093162127643,89010000.0,0.9789817534,663172000.0,334783000.0,527927000.0,55811000.0,328389000.0,0.0,-576590000.0,2303098880.0,2209336880.0,2.977013231841787,9.45919263227679,0.18321038885839572,0.3629216537279372,0.0824738016757929,2.977013231841787,0.09882222215584423,25.330769349215252,17.403419175432234,6.879378224103375,0.0,0.0,0.0,0.13710017913904687,9.22056583827561,0.04988751032914538,57.610598093903995,0.9789817533903059,2.7350607312293134,2.171887544791992,0.9662314170316894,0.020671221292468282,1.9303703703703703,2.607892690513219,3.085241915876489,3.1154843917864956,1.088140410169769,-0.2344511792433655,Semiconductors,Technology,RMBS
2010Q3,2010,Q3,2010-10-29,2010-09-30,-20576000.0,31743000.0,-20565000.0,-0.18,30375000.0,0.9569038843,598629000.0,288477000.0,498309000.0,74628000.0,310152000.0,0.0,-535533000.0,2331287440.0,2257814440.0,2.578772817478054,6.677239105965589,0.24175908617858474,0.5016829764591284,-0.06053844269485037,2.578772817478054,-0.0713263102431043,73.44256812525596,-28.32532367807154,8.081363297593915,0.0,0.0,0.0,0.05302616478653724,6.499544406925015,-0.03437187306328293,-214.5488164918093,0.9569038843209526,-0.6363636363636362,-2.2681522267515826,-0.2125278078483437,-0.12826774876874947,-0.18033892816665767,-0.6473979183346678,-1.560889131324151,-1.938760267727211,-0.2937822376521486,-0.3270489442779506,Semiconductors,Technology,RMBS
2010Q2,2010,Q2,2010-07-30,2010-06-30,-12490000.0,38862000.0,36665000.0,-0.11,37058000.0,0.953579332,697381000.0,400542000.0,608924000.0,64181000.0,296839000.0,0.0,-506872000.0,1985383920.0,1767031920.0,3.5345787629830303,9.487605366074071,0.16660046660290428,0.2900669592701889,0.08777310401265426,3.5345787629830303,-0.031182747377303754,51.088053111008186,-39.73946997598078,4.9567434126758245,0.0,0.0,0.0,0.05572563634512555,9.315108832832147,-0.01790986562582003,-373.40303178484106,0.9535793319952653,-1.0859375,-3.04799620204499,-0.1458000428207895,0.25307424360277314,-0.7684019748765702,-1.0827705949012254,-0.8186391381340087,-3.2069191007118247,-0.2511252439684037,-0.07283002849299951,Semiconductors,Technology,RMBS
2010Q1,2010,Q1,2010-05-03,2010-03-31,150899000.0,161864000.0,202166000.0,1.28,160010000.0,0.9885459398,762867000.0,468178000.0,678392000.0,63707000.0,294689000.0,0.0,-435427000.0,2471934200.0,2187812200.0,4.138333981543684,10.648625739714632,0.15310532504355281,0.24947562679151947,0.2652939859000025,4.138333981543684,0.3223111722464533,15.271673750803144,4.0953455622635015,5.2799025157098365,0.0,0.0,0.0,0.21217853177552576,10.503445461252296,0.19780512199374203,13.968571008792749,0.9885459398013147,2.0289301748097257,29.125360457512276,2.622124071134084,0.5482412454408117,4.439002005506645,7.478298201176319,13.514918905534232,36.6168629503625,1.9619306842757096,0.10768688195328177,Semiconductors,Technology,RMBS
2009Q4,2009,Q4,2010-02-26,2009-12-31,-23293000.0,30816000.0,-16154000.0,-1.244010557117448,29419000.0,0.9546664071,555869000.0,255327000.0,469971000.0,186192000.0,300542000.0,0.0,-563858000.0,2551605600.0,2510576600.0,2.4415916002065523,2.5241202629543698,0.44622743847921004,0.9714757937860078,-0.031228246146972827,2.4415916002065523,-0.09122811140224105,82.80132398753894,-27.385970033915765,9.99348130045001,0.0,0.0,0.0,0.05543752215000297,2.4767014694508895,-0.041903757899792934,-156.65555009823183,0.9546664070612668,-3.7846559889132614,-4.413808153993981,-0.2346178717176222,-0.27012163803792116,0.1308041205412054,0.15285859761419843,0.21555868499004516,-12.176922518105934,-0.4182580278353344,-0.3369238900163117,Semiconductors,Technology,RMBS
2009Q3,2009,Q3,2009-11-02,2009-09-30,-27496000.0,27874000.0,-20593000.0,-0.26,26016000.0,0.9333429002,543755000.0,266596000.0,507405000.0,165529000.0,277159000.0,0.0,-540565000.0,1830166799.9999998,1707471799.9999998,2.534616189081782,3.0653541071353057,0.44982758779229615,0.9174781317049018,-0.040409196070819664,2.534616189081782,-0.1031373313928191,65.6585635359116,-16.640300407331974,6.864944710348242,0.0,0.0,0.0,0.05126205736039209,3.0160092793407802,-0.05056689133893022,-224.64303424573458,0.9333429001937289,-0.13043478260869565,-3.563926580403985,-0.3034489849936899,-0.16063444962225226,0.018438050499119202,-0.14705268866547078,0.09405657472174564,-0.1981204259345034,-0.401335513672771,-0.2985452619669519,Semiconductors,Technology,RMBS
2009Q2,2009,Q2,2009-07-31,2009-06-30,-23971000.0,26983000.0,-22731000.0,-0.23,25545000.0,0.946707186,528823000.0,272594000.0,491389000.0,161393000.0,256229000.0,0.0,-513069000.0,1619322250.0,1526312250.0,2.6041939336040123,3.0446735608111877,0.4254277896384991,0.8253153040785931,-0.045731719197142265,2.6041939336040123,-0.0879366383706171,60.0126839120928,-16.888346856618416,5.940417800832007,0.0,0.0,0.0,0.05102463395124645,2.986102247309363,-0.04532896640274723,-87.87769305909806,0.9467071860060038,-0.3529411764705882,-3.8199082375173976,-0.24432057701701845,-0.09838958385182932,0.01566538109816707,-0.3755882015379318,0.23828831847731385,-4.876612519251119,-0.46084578748305954,-0.30348371420957465,Semiconductors,Technology,RMBS
2009Q1,2009,Q1,2009-04-30,2009-03-31,-17426000.0,27334000.0,-29842000.0,-0.17,25151000.0,0.9201360942,395292000.0,228247000.0,357089000.0,164471000.0,167045000.0,0.0,-489098000.0,986353199.9999999,990399199.9999999,2.1867766536368514,2.171136552948544,0.32857735547392813,0.5690501956214101,-0.08329359179592659,2.1867766536368514,-0.076347115186618,36.085212555791315,-14.150596809365314,4.321428978256012,0.0,0.0,0.0,0.06914888234520304,2.122653841710697,-0.044083867115954786,-340.7092227979274,0.9201360942416038,-0.6419642708704685,-3.0297033782415976,-0.18745617002043377,-0.25704429126281786,-0.27562570202471126,-0.6314951783540868,-0.901612183776206,-10.293379458432302,-0.43936755903295255,-0.34924232197868493,Semiconductors,Technology,RMBS
2008Q4,2008,Q4,2009-02-26,2008-12-31,-10681000.0,37613000.0,-15693000.0,-0.10353453057165274,34721000.0,0.9231116901,396890000.0,220985000.0,355930000.0,36101000.0,175905000.0,0.0,-435712000.0,1664818080.0,1685527080.0,2.1131925717673608,9.859283676352456,0.34505782458615736,0.619725320723126,-0.04189753493397435,2.1131925717673608,-0.048333597302984366,44.2617733230532,-38.96681209624567,7.533624816163994,0.0,0.0,0.0,0.0947693315528232,9.621783330101659,-0.02691173876892842,-273.90886475814415,0.9231116901071438,0.6165387756605455,-2.1556539521155766,0.08337966111691096,-0.1418191879282983,0.39908127493250595,0.6177712567993129,0.4085255540479421,-2.1012111397251285,-0.1252835118271106,-0.2754903404585906,Semiconductors,Technology,RMBS
2008Q3,2008,Q3,2008-10-31,2008-09-30,-27944000.0,29428000.0,-26532000.0,-0.27,24817000.0,0.8433124915,434573000.0,230748000.0,389765000.0,40001000.0,203825000.0,0.0,-412436000.0,1347926450.0,1401140450.0,2.1997578577080374,9.743881402964925,0.3681774983719651,0.6933971258689132,-0.06812482676923885,2.1997578577080374,-0.1211018080330057,45.80421537311404,-12.05917594116805,5.841552039454296,0.0,0.0,0.0,0.06771704638806368,9.534811629709257,-0.0643022000906637,-138.05064010651373,0.8433124915046895,0.8043478260869565,-6.187326933594911,-0.04228743901347106,0.045903820904316425,-0.1485865239467545,0.8068351490350053,-0.5685486254803429,-2.836682345454779,-0.22145620749529774,-0.25639053720955407,Semiconductors,Technology,RMBS
2008Q2,2008,Q2,2008-08-04,2008-06-30,-144664000.0,35715000.0,-16915000.0,-1.38,29148000.0,0.8161276774,457273000.0,255765000.0,405341000.0,37428000.0,201508000.0,0.0,-375400000.0,1998612280.0,2026820280.0,2.4404125796725316,10.829886715827723,0.3499003877333672,0.625574257619299,-0.4201839080906228,2.4404125796725316,-0.5656129650264892,55.96002463950721,-3.4538867306309795,7.814252458311341,0.0,0.0,0.0,0.07810432717435754,10.589986106658117,-0.3163624355691239,-117.17255554904145,0.8161276774464511,-10.499999999999998,-30.69597365865382,0.1370660508068891,0.12677491094647425,-0.10327641901245962,-10.450372012031027,0.44473623740275087,-26.64836690179878,-0.15117611396552624,-0.13482812170494232,Semiconductors,Technology,RMBS
2008Q1,2008,Q1,2008-05-02,2008-03-31,-12634000.0,39738000.0,-30463000.0,-0.12,32505000.0,0.8179827873,608435000.0,385241000.0,433298000.0,59142000.0,223194000.0,0.0,-230735000.0,2440160730.0,2475299730.0,3.6800722180296703,7.32640086571303,0.2629697502609153,0.4153244332768319,-0.03787875012811724,3.6800722180296703,-0.03279505556262184,61.40622905027933,-48.2855930425835,6.33411482682269,0.0,0.0,0.0,0.06531182459917657,6.584525379594873,-0.020764748904977523,-154.97019751047884,0.8179827872565303,0.14285714285714296,-3.3135034659882248,0.3136387222966588,0.8007117329552781,0.006783125813045902,0.13216101112790218,0.04856643138234743,-3.725813057404624,-0.03898898827338619,0.3767954977933052,Semiconductors,Technology,RMBS
2007Q4,2007,Q4,2008-02-29,2007-12-31,-14558000.0,40532000.0,-32018000.0,-0.14,32286000.0,0.7965558078,627347000.0,407084000.0,462746000.0,56152000.0,220263000.0,0.0,-194966000.0,2192062020.0,2232671020.0,3.888730739470592,8.240953127226101,0.25504226528540025,0.3930392744494994,-0.030721581303186342,3.888730739470592,-0.03576166098397383,54.08225648870029,-37.64359836516005,5.3847904118069,0.0,0.0,0.0,0.06460858185342402,7.885774326827184,-0.023205658112655358,-133.6704689310324,0.7965558077568341,-1.2364217252396168,-3.450746616436973,0.46771119908170633,0.8722600311846533,-0.10151945232927033,-1.2403816558941212,-0.9450823157766843,-3.1313901769818324,0.005651824575945537,0.1624795981425667,Semiconductors,Technology,RMBS
2007Q3,2007,Q3,2007-11-07,2007-09-30,-6498000.0,41715000.0,-16461000.0,-0.0626,35934000.0,0.8614167566,624953000.0,397842000.0,465632000.0,62680000.0,227111000.0,0.0,-180170000.0,2037986600.0,1928728600.0,3.832036216528607,7.428717294192725,0.2560192526477991,0.40216970556150433,-0.017727930239478003,3.832036216528607,-0.016333117167116593,48.85500659235287,-78.40822560787934,5.122602942876821,0.0,0.0,0.0,0.06674901952626837,7.150159540523293,-0.010397581898158741,5307.256770833334,0.8614167565623876,-1.3893129770992367,-2.0583353582199897,0.633318572444389,0.950615656614993,-0.11625390423255699,-1.388970588235294,-0.6190616701091768,-1.6138696647041333,0.05610301289870375,0.26902021766034473,Semiconductors,Technology,RMBS
2007Q2,2007,Q2,2007-10-17,2007-06-30,-2720000.0,47543000.0,-10167000.0,-0.0262,40661000.0,0.8552468292,621310000.0,395785000.0,459611000.0,220954000.0,225525000.0,0.0,-173672000.0,1866683600.0,1939622600.0,3.812223078404932,2.0801207491152005,0.2575204004442227,0.4042598885758682,-0.011032612488913475,3.812223078404932,-0.00687241810578976,39.26305870475149,-171.57018382352942,4.716408150890003,0.0,0.0,0.0,0.07652057748949799,1.9979045412167238,-0.004377846807551785,-739.8666666666667,0.8552468291862104,0.29946524064171126,-1.442107459111459,0.9235859126085925,0.9275544223565769,-0.07451917605553658,0.3004115226337449,0.11352341093382161,-1.3226113728979232,0.3424431118517035,0.3198479544161992,Semiconductors,Technology,RMBS
2007Q1,2007,Q1,2007-10-17,2007-03-31,-3888000.0,50150000.0,-11469000.0,-0.0374,43935000.0,0.8760717846,621300000.0,387873000.0,458224000.0,227926000.0,233427000.0,0.0,-170952000.0,2206175000.0,2309399000.0,3.7360142554421114,2.0104068864456006,0.2575245453082247,0.41250615536528706,-0.012970543679449133,3.7360142554421114,-0.010023899575376477,43.99152542372882,-141.8579603909465,5.687879795706326,0.0,0.0,0.0,0.08071784967004668,1.9312671656590297,-0.00625784645098986,142.88698186528498,0.8760717846460618,-2.879396984924623,-1.554682246654388,1.0517461969795172,0.8958430999178931,-0.02815873296761635,-2.879168680521991,-16.53669724770642,-1.45528227837487,0.49876716142593863,0.2693080083820747,Semiconductors,Technology,RMBS
