Quarters,Year,Quarter,FillingDate,Date,NetIncome,Revenue,OperatingIncome,EPSDiluted,GrossProfit,GrossProfitRatio,TotalAssets,CommonStockEquity,CurrentAssets,CurrentLiability,TotalLiability,Inventory,RetainedEarnings,MarketCap,EnterpriseValue,bookValuePerShare,currentRatio,debtToAssets,debtToEquity,roic,shareholdersEquityPerShare,roe,priceToSalesRatio,peRatio,pbRatio,payoutRatio,inventoryTurnover,dividendYield,assetTurnover,quickRatio,returnOnAssets,priceToFreeCashFlowsRatio,grossProfitMargin,epsdilutedGrowth,fiveYNetIncomeGrowthPerShare,fiveYRevenueGrowthPerShare,fiveYShareholdersEquityGrowthPerShare,grossProfitGrowth,netIncomeGrowth,operatingIncomeGrowth,threeYNetIncomeGrowthPerShare,threeYRevenueGrowthPerShare,threeYShareholdersEquityGrowthPerShare,Industry,Sector,Symbol
2023Q1,2023,Q1,2023-04-28,2023-03-31,126900000.0,966400000.0,190900000.0,0.84,374100000.0,0.3871067881,3336300000.0,1790200000.0,1643800000.0,895700000.0,1546100000.0,503700000.0,2966500000.0,10434735000.0,10394435000.0,11.863485752153744,1.8352126828179078,0.10967239157150137,0.20439057088593454,0.06483577381367218,11.863485752153744,0.07088593453245448,10.79753207781457,20.557003546099292,5.828809630208916,0.35776201733648544,1.175898352193766,0.004350853184100985,0.2896622006414291,1.208886904097354,0.0380361478284327,95.55618131868133,0.3871067880794702,2.076923076923077,0.45671265504141145,0.39091285007383786,0.18845079544585303,0.07314974182444062,2.0566194837635305,1.7970772442588727,1.6330129983733956,0.627674638027282,0.1881232757617098,Specialty Industrial Machinery,Industrials,AOS
2022Q4,2022,Q4,2023-02-14,2022-12-31,-120100000.0,936100000.0,-239500000.0,-0.78,348600000.0,0.3723961115,3332300000.0,1747700000.0,1633700000.0,934200000.0,1584600000.0,516400000.0,2885000000.0,8653490481.960001,8629190481.960001,11.56046201339803,1.748769000214087,0.11010413228100711,0.20993305487211764,-0.05541361565994121,11.56046201339803,-0.0687188876809521,9.244194511227434,-18.01309425886761,4.951359204646106,-0.38384679433805163,1.137683965917893,0.005327330063643686,0.2809170842961318,1.137871976022265,-0.0360411727635567,55.01265404933249,0.37239611152654634,-2.1142857142857143,-7.007620379743082,0.38295228681991345,0.20360570928311972,0.14295081967213114,-2.093806921675774,-2.628144119646499,-2.4128305958739884,0.3389304004644839,0.1261630035072912,Specialty Industrial Machinery,Industrials,AOS
2022Q3,2022,Q3,2022-10-28,2022-09-30,109800000.0,874200000.0,147100000.0,0.7,305000000.0,0.3488904141,3231900000.0,1747800000.0,1569600000.0,900900000.0,1484100000.0,525600000.0,3051100000.0,7658761704.86,7611261704.86,11.08640368665865,1.7422577422577423,0.0963210495374238,0.1781096235267193,0.05359701680644662,11.08640368665865,0.06282183316168898,8.760880467696179,17.43798202381603,4.381943989506809,0.39344262295081966,1.082952815829528,0.005640598528165029,0.27049104242086697,1.0892440892440893,0.033973823447507656,54.66639332519629,0.3488904140928849,-0.1250000000000001,0.2747466732101908,0.2681440446971153,0.14131084703567715,-0.08791866028708134,-0.12995245641838352,-0.12126642771804062,0.3022886995148532,0.24302339665558462,0.09269292303619106,Specialty Industrial Machinery,Industrials,AOS
2022Q2,2022,Q2,2022-07-29,2022-06-30,126200000.0,965900000.0,167400000.0,0.8,334400000.0,0.3462056113,3321400000.0,1792500000.0,1631200000.0,928300000.0,1528900000.0,493000000.0,2984600000.0,8627571541.96,8589571541.959999,11.360543291158073,1.757190563395454,0.09676642379719395,0.17930264993026498,0.05980779015754542,11.360543291158073,0.0704044630404463,8.932158134341028,17.091068823217118,4.813150093143655,0.3462757527733756,1.2809330628803246,0.005065156491309986,0.2908111037514301,1.1643865129807174,0.037996025772264706,429.2324150228855,0.34620561134693034,0.05263157894736847,0.49027518896477557,0.4277008320657852,0.21203581380128386,-0.02107728337236534,0.05342237061769616,0.058823529411764705,0.29544068751525404,0.32259729065820447,0.08900233186642036,Specialty Industrial Machinery,Industrials,AOS
2022Q1,2022,Q1,2022-05-02,2022-03-31,119800000.0,977700000.0,158100000.0,0.76,341600000.0,0.3493914289,3434900000.0,1808900000.0,1721400000.0,1002100000.0,1626000000.0,488700000.0,2902200000.0,10080752483.83,9994952483.83,11.464483547768948,1.7177926354655224,0.09316137296573408,0.17690309027585827,0.05616322710868078,11.464483547768948,0.06622809442202443,10.310680662606117,21.036628722516692,5.572863333423628,0.36894824707846413,1.3016165336607326,0.004384593319883498,0.2846371073393694,1.1852110567807603,0.0348772890040467,2800.209023286111,0.3493914288636596,-0.1264367816091954,0.49633276904859996,0.4472543302554504,0.2649776330605352,-0.05268996117581808,-0.14183381088825214,-0.13700873362445415,0.42201617306644135,0.38511900422952106,0.09616079896752115,Specialty Industrial Machinery,Industrials,AOS
2021Q4,2021,Q4,2022-02-11,2021-12-31,139600000.0,995500000.0,183200000.0,0.87,360600000.0,0.3622300352,3474400000.0,1832200000.0,1752600000.0,1118800000.0,1642200000.0,447700000.0,2826000000.0,13534472876.949999,13310172876.949999,11.621758115743209,1.5664998212370398,0.06303246603730141,0.11952843576028818,0.06784423800470232,11.621758115743209,0.07619255539788233,13.595653316875941,24.237952859867477,7.387006264026852,0.3202005730659026,1.4181371454098728,0.003302677570555904,0.28652429196408014,1.1313907758312478,0.04017959935528437,57.71630224712153,0.36223003515821195,0.07031212516008549,0.8570863306224544,0.5688297304773602,0.33022908761258984,0.05965324713488099,0.060790273556231005,0.12599877074370006,0.17896664793585945,0.30688491902089204,0.13820905242018827,Specialty Industrial Machinery,Industrials,AOS
2021Q3,2021,Q3,2021-10-29,2021-09-30,131600000.0,914600000.0,162700000.0,0.812847,340300000.0,0.3720752241417013,3300000000.0,1896500000.0,1738100000.0,982600000.0,1403500000.0,357700000.0,2731700000.0,9887241488.73,9538941488.73,11.714010943498943,1.7688784856503155,0.04175757575757576,0.07266016345900343,0.062290651148241796,11.714010943498943,0.0693909833904561,10.810454284638093,18.78275358801292,5.213414969011336,0.31534954407294835,1.605535364830864,0.0041973284507416855,0.27715151515151515,1.3321799307958477,0.03987878787878788,59.490020991155234,0.3720752241417013,0.11348904109589042,0.6935926760003964,0.43190761009849293,0.3310322274662943,0.05880522713130056,0.11336717428087986,0.09710047201618341,0.3206632738116084,0.273122379037744,0.1335658928765125,Specialty Industrial Machinery,Industrials,AOS
2021Q2,2021,Q2,2021-07-30,2021-06-30,118200000.0,859800000.0,148300000.0,0.73,321400000.0,0.3738078622935566,3140200000.0,1816300000.0,1585700000.0,907000000.0,1323900000.0,330400000.0,2641600000.0,11666524016.34,11362024016.34,11.218643857989523,1.7482910694597575,0.044678682886440356,0.07724494852171998,0.05820462796432426,11.218643857989523,0.06507735506248968,13.568881154152129,24.675389205456852,6.423236258514563,0.35279187817258884,1.6295399515738498,0.003574329418222211,0.27380421629195595,1.3108048511576627,0.0376409145914273,149.5708207223077,0.3738078622935566,0.21666666666666667,0.45624046277679464,0.3832649715230836,0.31629817484895584,0.11365211365211365,0.2098259979529171,0.21457821457821458,0.08756067405499067,0.08702007404924689,0.1058791766240868,Specialty Industrial Machinery,Industrials,AOS
2021Q1,2021,Q1,2021-04-30,2021-03-31,97700000.0,769000000.0,122100000.0,0.6,288600000.0,0.3752925877763329,3106800000.0,1849000000.0,1558200000.0,836100000.0,1257800000.0,312800000.0,2565100000.0,10946068397.789999,10509768397.789999,11.420620213303215,1.8636526731252243,0.04577056778679027,0.0769064359113034,0.04667038595143204,11.420620213303215,0.05283937263385614,14.234159164876461,28.00938689301433,5.91999372514332,0.43193449334698053,1.5358056265984654,0.0038552655132796485,0.247521565598043,1.4352350197344814,0.03144714819106476,125.38451772955325,0.3752925877763329,-0.1891891891891892,0.436988575126682,0.3052724799292946,0.3519532462226669,-0.10953409441530391,-0.18583333333333332,-0.2014388489208633,0.04531902067708265,0.031600053746146654,0.1440857653932888,Specialty Industrial Machinery,Industrials,AOS
2020Q4,2020,Q4,2021-02-12,2020-12-31,120000000.0,834500000.0,152900000.0,0.74,324100000.0,0.3883762732174955,3160700000.0,1848300000.0,1618000000.0,886300000.0,1312400000.0,300100000.0,2509600000.0,8868218188.38,8442718188.379999,11.425497641991294,1.825566963782015,0.04669851615148543,0.0798571660444733,0.05949366764356082,11.425497641991294,0.06492452523940918,10.626984048388255,18.475454559125,4.798040463333875,0.3516666666666667,1.700766411196268,0.00475856582501483,0.2640237921979308,1.4381135055850163,0.037966273293890594,41.91029389593572,0.3883762732174955,0.1384615384615384,0.6350804195333803,0.4191048103173334,0.3934058293813067,0.09087849209020532,0.13851992409867173,0.11038489469862019,4.609641111902124,0.1521410468051082,0.18955403143610194,Specialty Industrial Machinery,Industrials,AOS
2020Q3,2020,Q3,2020-11-06,2020-09-30,105400000.0,760000000.0,137700000.0,0.65,297100000.0,0.39092105263157895,2971100000.0,1747100000.0,1430300000.0,805900000.0,1224000000.0,302600000.0,2431800000.0,8502015297.599999,8272915297.599999,10.850001649143117,1.774785953592257,0.05008246104136515,0.08516970980481942,0.05474780651624126,10.850001649143117,0.06032854444508042,11.18686223368421,20.166070440227703,4.866358707343597,0.36717267552182165,1.5297422339722406,0.004551861958061222,0.25579751607148865,1.3424742523886337,0.03547507657096698,61.077696103448275,0.39092105263157895,0.5476190476190478,0.5620674354059689,0.32617572940691203,0.3397784939936068,0.20040404040404042,0.5545722713864307,0.5032751091703057,0.1980508319717911,0.07940509520656108,0.11697399107196187,Specialty Industrial Machinery,Industrials,AOS
2020Q2,2020,Q2,2020-08-05,2020-06-30,67800000.0,663900000.0,91600000.0,0.42,247500000.0,0.3727971079981925,2984200000.0,1658100000.0,1444400000.0,735400000.0,1326100000.0,306000000.0,2365100000.0,7587404561.04,7463304561.04,10.297285635879,1.964101169431602,0.10676228134843509,0.1921476388637597,0.0354407842251052,10.297285635879,0.0408901755020807,11.42853526290104,27.977155461061944,4.5759631874072735,0.5722713864306784,1.3607843137254902,0.005113738128480883,0.2224716842034716,1.4748436225183574,0.02271965685945982,67.02654205865724,0.3727971079981925,0.31249999999999994,0.05022533695862766,0.11886960265702985,0.2712398177632793,0.033402922755741124,0.3114119922630561,0.3942161339421613,-0.21547115887116977,-0.038432405128999876,0.09859877787188258,Specialty Industrial Machinery,Industrials,AOS
2020Q1,2020,Q1,2020-05-05,2020-03-31,51700000.0,636900000.0,65700000.0,0.32,239500000.0,0.37604019469304445,2983000000.0,1616300000.0,1442500000.0,699100000.0,1366700000.0,312300000.0,2336100000.0,6120372304.280001,6046672304.280001,9.985062993188164,2.0633671863824916,0.11478377472343279,0.2118418610406484,0.025136609999911196,9.985062993188164,0.03198663614428015,9.60962836281991,29.595610755705994,3.786656130842047,0.7543520309477756,1.2724943964137048,0.006372161375334495,0.21350988937311433,1.538692604777571,0.017331545424069728,148.19303400193706,0.37604019469304445,-0.4285714285714286,-0.02579374386323678,0.13319529618693324,0.26586664733156873,-0.188135593220339,-0.43373493975903615,-0.4291920069504778,-0.370565111506011,-0.0810341116039586,0.10174010878506128,Specialty Industrial Machinery,Industrials,AOS
2019Q4,2019,Q4,2020-02-24,2019-12-31,91300000.0,750900000.0,115100000.0,0.56,295000000.0,0.39286189905446794,3058000000.0,1666800000.0,1500400000.0,766500000.0,1391200000.0,303000000.0,2323400000.0,7735373877.12,7645373877.12,10.265354107171381,1.9574690150032616,0.09287115761935906,0.17038636909047275,0.04573199775009275,10.265354107171381,0.05477561795056395,10.301470072073512,21.18119900635268,4.640853058027358,0.4293537787513691,1.5046204620462047,0.005067628355488716,0.24555264879005886,1.488454011741683,0.02985611510791367,47.71976481875385,0.39286189905446794,0.05660377358490571,0.8897956039240197,0.31919442013719906,0.32877414502389546,0.038001407459535536,0.045819014891179836,0.028596961572832886,0.17925830233353934,0.14896854908292723,0.1749747750733915,Specialty Industrial Machinery,Industrials,AOS
2019Q3,2019,Q3,2019-11-06,2019-09-30,87300000.0,728200000.0,111900000.0,0.53,284200000.0,0.3902773963196924,3067900000.0,1656200000.0,1504400000.0,730400000.0,1411700000.0,310000000.0,2271500000.0,7788066277.68,7887866277.68,10.14594626993064,2.0596933187294635,0.1040451122917957,0.19273034657650043,0.042979383348292065,10.14594626993064,0.052711025238497765,10.694955064103269,22.302595296907217,4.702370654317112,0.41237113402061853,1.4322580645161291,0.004622456809744061,0.2373610613122983,1.544222343921139,0.02845594706476743,63.57605124636735,0.3902773963196924,-0.13114754098360648,0.8903648547360931,0.3718549172183789,0.31955903349719356,-0.07936507936507936,-0.14495592556317335,-0.13923076923076924,0.11427996203075187,0.13073666354941307,0.15285716639302868,Specialty Industrial Machinery,Industrials,AOS
2019Q2,2019,Q2,2019-08-08,2019-06-30,102100000.0,765400000.0,130000000.0,0.61,308700000.0,0.4033185262607787,3175600000.0,1725100000.0,1596600000.0,730600000.0,1450500000.0,323100000.0,2220200000.0,7760586395.64,7837586395.64,10.432065165266868,2.1853271283876268,0.11292354200780955,0.20787200741985973,0.047278634260492766,10.432065165266868,0.05918497478407049,10.13925580825712,19.002415268462293,4.498629874001507,0.3614103819784525,1.4134942742185082,0.004754795336178579,0.24102531805013225,1.6597317273473857,0.032151404458999874,72.86935582760563,0.4033185262607787,0.150943396226415,0.9386604091023423,0.3986538617710189,0.3834423665336653,0.05430327868852459,0.1433370660694289,0.20259019426456984,0.2315288704396238,0.20558999241628811,0.22400786679460463,Specialty Industrial Machinery,Industrials,AOS
2019Q1,2019,Q1,2019-05-09,2019-03-31,89300000.0,748200000.0,108100000.0,0.53,292800000.0,0.3913392141138733,3143500000.0,1749200000.0,1658100000.0,737200000.0,1394300000.0,319700000.0,2155000000.0,9029684318.52,8976284318.52,10.458760757151138,2.2491861096039067,0.09047240337203753,0.16258861193688542,0.041692472530899236,10.458760757151138,0.0510519094443174,12.068543595990377,25.279071440425536,5.162179464052139,0.4154535274356103,1.4244604316546763,0.004108670767582364,0.2380149514871958,1.7527129679869777,0.02840782567202163,12899.549026457144,0.3913392141138733,-0.2837837837837837,1.076154372757091,0.47111412578826845,0.4137062850690645,-0.1311572700296736,-0.2929532858273951,-0.2836315440689198,0.2714467969415253,0.22936410159593754,0.23808998924823205,Specialty Industrial Machinery,Industrials,AOS
2018Q4,2018,Q4,2019-02-15,2018-12-31,126300000.0,812500000.0,150900000.0,0.74,337000000.0,0.4147692307692308,3071500000.0,1717000000.0,1638500000.0,785300000.0,1354500000.0,304700000.0,2102800000.0,7180395619.6,7142095619.6,10.210565529268738,2.0864637718069527,0.07208204460361387,0.1289458357600466,0.06351528232346985,10.210565529268738,0.07355853232382062,8.837409993353846,14.212976285827397,4.181942702154921,0.2977038796516231,1.5605513619954052,0.005236480270998576,0.26452873188995607,1.6456131414745956,0.04111997395409409,53.98793698947369,0.4147692307692308,0.21311475409836067,2.232424951515303,0.5775394063089683,0.40227863327602187,0.10130718954248366,0.2074569789674952,0.17523364485981308,0.655533840464893,0.32919390458273695,0.24523779843721996,Specialty Industrial Machinery,Industrials,AOS
2018Q3,2018,Q3,2018-11-08,2018-09-30,104600000.0,754100000.0,128400000.0,0.61,306000000.0,0.405781726561464,3025200000.0,1756200000.0,1598700000.0,738900000.0,1269000000.0,307700000.0,2014000000.0,9153379459.52,9113679459.52,10.333771523218399,2.163621599675193,0.06389660187756181,0.11006719052499715,0.052389917664371385,10.333771523218399,0.05956041453137456,12.1381507220793,21.87710195869981,5.212037045621228,0.29349904397705545,1.4562885927851803,0.0033539525085535893,0.24927277535369563,1.6570577886046827,0.034576226365199,94.36473669608247,0.405781726561464,-0.07575757575757582,1.4626459459054948,0.5297286481796131,0.5250140131563016,-0.10263929618768329,-0.08646288209606987,-0.1070931849791377,0.46880348482622686,0.24677838929310747,0.2760334326534391,Specialty Industrial Machinery,Industrials,AOS
2018Q2,2018,Q2,2018-08-06,2018-06-30,114500000.0,833300000.0,143800000.0,0.66,341000000.0,0.4092163686547462,3085300000.0,1730300000.0,1653300000.0,768700000.0,1355000000.0,289000000.0,1940100000.0,10088892067.8,10076992067.8,10.144547519410425,2.1507740340835175,0.0804135740446634,0.14338554007975496,0.05696394434291442,10.144547519410425,0.06617349592556204,12.107154767550702,22.028148619650654,5.83071841172051,0.2689956331877729,1.7034602076124568,0.0030528624741959698,0.2700871876316728,1.6942890594510212,0.037111464039153406,93.58898022077922,0.4092163686547462,0.15789473684210542,1.9475559017253086,0.6447072154659454,0.4924423851615143,0.060653188180404355,0.15890688259109312,0.1181959564541213,0.6743934518537347,0.3257981872530898,0.25238370536522375,Specialty Industrial Machinery,Industrials,AOS
2018Q1,2018,Q1,2018-05-07,2018-03-31,98800000.0,788000000.0,128600000.0,0.57,321500000.0,0.407994923857868,3106900000.0,1708400000.0,1669100000.0,766900000.0,1398500000.0,287100000.0,1856500000.0,10882966200.7,10934266200.7,9.982311255640248,2.1764245664363018,0.09437059448324697,0.17162257082650434,0.050620109972627954,9.982311255640248,0.057831889487239524,13.810870813071068,27.537869941042512,6.370268204577383,0.31376518218623484,1.6248693834900731,0.0028484881261513113,0.25362901927966786,1.71925935584822,0.03180018668125784,420.19174520077223,0.407994923857868,3.384615384615384,1.7441141102906716,0.6749684367324084,0.4975672895888704,-0.007103150092649784,3.352422907488987,-0.08664772727272728,0.7608810678121407,0.3260882904614546,0.2655177929691583,Specialty Industrial Machinery,Industrials,AOS
2017Q4,2017,Q4,2018-02-16,2017-12-31,22700000.0,768600000.0,140800000.0,0.13,323800000.0,0.4212854540723393,3197300000.0,1648800000.0,1766800000.0,788500000.0,1548500000.0,291200000.0,1792600000.0,10519516606.4,10583316606.4,9.60485807290127,2.240710209258085,0.12835830231758047,0.24890829694323144,0.011023698523698526,9.60485807290127,0.013767588549247938,13.686594595888629,115.85370711894272,6.380104686074721,1.0616740088105727,1.5274725274725274,0.0022909797951493065,0.24039032934038096,1.798858592263792,0.007099740405967535,70.88623050134771,0.4212854540723393,-0.7592592592592593,-0.3780096218387829,0.5785955784914948,0.48688588960443313,0.05575480925986306,-0.7577374599786553,0.07563025210084033,-0.5555709448328693,0.2772020626296701,0.243277819805478,Specialty Industrial Machinery,Industrials,AOS
2017Q3,2017,Q3,2017-11-06,2017-09-30,93700000.0,749900000.0,130900000.0,0.54,306700000.0,0.4089878650486732,3104600000.0,1665900000.0,1698100000.0,731700000.0,1438700000.0,292100000.0,1794000000.0,10192199476.62,10319999476.62,9.71374601008422,2.320759874265409,0.1448495780454809,0.2699441743201873,0.044054450626149017,9.71374601008422,0.05624587310162675,13.591411490358716,27.193701912006404,6.118134027624707,0.25827107790821774,1.5172885997945909,0.0023743648321947236,0.24154480448366938,1.8518518518518519,0.03018102170972106,217.31768606865674,0.4089878650486732,0.018867924528301903,1.7506325992323892,0.7622524838998315,0.5187491621407153,0.002615233736515201,0.01406926406926407,0.017884914463452566,0.9312078548777895,0.34467986192115746,0.26334803631791553,Specialty Industrial Machinery,Industrials,AOS
2017Q2,2017,Q2,2017-08-08,2017-06-30,92400000.0,738200000.0,128600000.0,0.53,305900000.0,0.4143863451639122,2984000000.0,1613700000.0,1640300000.0,705800000.0,1370300000.0,287000000.0,1724500000.0,9697926806.22,9766426806.22,9.373108584579054,2.3240294701048456,0.12570375335120643,0.23244717109747784,0.04667795907079646,9.373108584579054,0.05725971370143149,13.13726199704687,26.23897945405844,6.009745805428517,0.2619047619047619,1.5062717770034844,0.0024953787014023185,0.24738605898123325,1.8527911589685464,0.03096514745308311,148.74120868435583,0.4143863451639122,0.06000000000000005,1.8315719251995612,0.6352077115503834,0.49490269414253935,0.011908699966920278,0.053591790193842644,0.06988352745424292,0.6852052505622855,0.2956886811296243,0.24300944411281775,Specialty Industrial Machinery,Industrials,AOS
2017Q1,2017,Q1,2017-05-08,2017-03-31,87700000.0,740000000.0,120200000.0,0.5,302300000.0,0.4085135135135135,2940200000.0,1566400000.0,1605500000.0,720500000.0,1373800000.0,257100000.0,1656400000.0,8842224991.439999,8918224991.439999,9.06299309026622,2.2283136710617626,0.12563771172029115,0.2358273748723187,0.04522901071230349,9.06299309026622,0.05598825331971399,11.948952691135133,25.205886520638536,5.644934238661899,0.2782212086659065,1.7024504084014003,0.002759486444149658,0.2516835589415686,1.8131852879944483,0.029827902863750765,-312.4461127717314,0.4085135135135135,0.06382978723404262,0.9864416471067124,0.6990230219665202,0.47741009127832384,0.043853591160220994,0.060459492140266025,0.047038327526132406,0.9730404605924303,0.4079544212938484,0.22504095759972534,Specialty Industrial Machinery,Industrials,AOS
2016Q4,2016,Q4,2017-02-17,2016-12-31,82700000.0,698100000.0,114800000.0,0.47,289600000.0,0.41484028076206847,2891000000.0,1515300000.0,1562000000.0,765600000.0,1375700000.0,251100000.0,1593000000.0,8212459002.400001,8205659002.400001,8.736659139367639,2.0402298850574714,0.11193358699411968,0.2135550716029829,0.04435435871474785,8.736659139367639,0.05457665148815416,11.764015187508953,24.826055025392986,5.419691811786445,0.2539298669891173,1.6268418956591,0.0025570903908150996,0.24147353856796955,1.6631400208986415,0.028606018678657905,51.00906212670808,0.41484028076206847,0.0,1.7228513137876613,0.5506602338982025,0.4749328054898916,0.02223791034239322,-0.006009615384615385,-0.03204047217537943,1.0520969579884276,0.3141403552054332,0.19985816674233994,Specialty Industrial Machinery,Industrials,AOS
2016Q3,2016,Q3,2016-11-08,2016-09-30,83200000.0,683900000.0,118600000.0,0.47,283300000.0,0.41424184822342447,2824400000.0,1525600000.0,1507600000.0,682100000.0,1298800000.0,258600000.0,1531200000.0,8562618903.240001,8629518903.240002,8.800696708747104,2.210233103650491,0.11903413114289761,0.22037231253277398,0.044763422784692516,8.800696708747104,0.054535920293654956,12.520279139113907,25.72902314675481,5.612623822260094,0.25240384615384615,1.5491105955143079,0.002452520687573031,0.24213992352358024,1.7535551971851635,0.02945758391162725,97.8585017513143,0.41424184822342447,-0.04081632653061228,-0.5132944602348212,0.7702109365973173,0.4480956039485071,-0.0014099400775467042,-0.04477611940298507,-0.041228779304769606,0.9203708797555491,0.36009597415203426,0.2987693579466636,Specialty Industrial Machinery,Industrials,AOS
2016Q2,2016,Q2,2016-08-08,2016-06-30,87100000.0,667000000.0,123700000.0,0.49,283700000.0,0.4253373313343328,2672200000.0,1480700000.0,1449000000.0,615600000.0,1191500000.0,237800000.0,1469100000.0,7653783965.85,7648383965.85,8.52287427905676,2.353801169590643,0.10553102312701144,0.19045046261903154,0.04925356479399163,8.52287427905676,0.058823529411764705,11.474938479535233,21.96838107304822,5.169030840717228,0.24110218140068887,1.6118587047939446,0.002743740886037384,0.2496070653394207,1.886127355425601,0.03259486565376843,69.39060712466002,0.4253373313343328,0.1807228915662651,0.8417380135954496,0.7503581146232821,0.6239123277226943,0.07993909402360107,0.18503401360544217,0.19748305905130686,1.2013163108945202,0.2924709263595256,0.25386556602244986,Specialty Industrial Machinery,Industrials,AOS
2016Q1,2016,Q1,2016-05-09,2016-03-31,73500000.0,636900000.0,103300000.0,0.415,262700000.0,0.41246663526456273,2650600000.0,1478500000.0,1425900000.0,602000000.0,1172100000.0,230200000.0,1403000000.0,6677974711.85,6659774711.85,8.447496424312174,2.3686046511627907,0.10839055308232098,0.19431856611430504,0.041503659622925675,8.447496424312174,0.04971254649983091,10.485122800832157,22.71419970017007,4.516722835204599,0.28843537414965986,1.625543006081668,0.003174615196188271,0.24028521844110767,1.9064784053156145,0.027729570663246057,940.5598185704226,0.41246663526456273,-0.07777777777777785,0.9067622289354181,0.6229751199673941,0.7058096695411153,0.008058326937835763,-0.07894736842105263,-0.03906976744186046,0.9961708283883397,0.3237830077056787,0.2673111466866862,Specialty Industrial Machinery,Industrials,AOS
2015Q4,2015,Q4,2016-02-17,2015-12-31,79800000.0,639400000.0,107500000.0,0.45,260600000.0,0.40756959649671565,2646500000.0,1442300000.0,1455300000.0,653200000.0,1204200000.0,222900000.0,1350700000.0,6737729452.13,6663129452.13,8.199691289553732,2.227954684629516,0.09408652937842434,0.17264092075157733,0.046405616299420284,8.199691289553732,0.05532829508424045,10.53758125137629,21.10817497534461,4.671517334902586,0.21177944862155387,1.699416778824585,0.002508263372708947,0.24160211600226714,1.7553582363747704,0.03015303230682033,72.0612775628877,0.40756959649671565,0.09756097560975618,1.6228610774580876,5.076550367503079,0.7318522015694606,0.015192832099727308,0.08423913043478261,0.008442776735459663,1.1339273315599026,0.28162821312571173,0.2693581919703549,Specialty Industrial Machinery,Industrials,AOS
2015Q3,2015,Q3,2015-11-09,2015-09-30,73600000.0,625100000.0,106600000.0,0.41,256700000.0,0.41065429531274994,2600200000.0,1422400000.0,1413800000.0,624100000.0,1177800000.0,239000000.0,1287700000.0,5725005748.139999,5702905748.139999,8.098354838344562,2.265342092613363,0.10029997692485193,0.18335208098987626,0.04348149934736961,8.098354838344562,0.05174353205849269,9.158543830011197,19.446351046671193,4.024891555216535,0.2296195652173913,1.5414225941422595,0.002951962101608483,0.24040458426274902,1.7391443678897613,0.028305514960387662,37.913945351920525,0.41065429531274994,0.03797468354430369,1.4011375774527592,0.16658461679883688,0.761711941779057,-0.025066464109380935,0.035161744022503515,0.03495145631067961,1.1096385464963276,0.43433805036726536,0.26618192535460106,Specialty Industrial Machinery,Industrials,AOS
2015Q2,2015,Q2,2015-08-10,2015-06-30,71100000.0,653500000.0,103000000.0,0.395,263300000.0,0.4029074215761285,2589800000.0,1436500000.0,1400000000.0,579100000.0,1153300000.0,233400000.0,1231000000.0,6382520297.08,6414020297.08,8.100191240073698,2.4175444655499914,0.10796200478801452,0.1946397493908806,0.04135085910047525,8.100191240073698,0.04949530107901148,9.76667222200459,22.442054490436007,4.443104975342848,0.23769338959212377,1.6718080548414738,0.0026478568360733205,0.25233608772878213,1.8665170091521326,0.027453857440729014,140.2751713643956,0.4029074215761285,0.2153846153846154,3.404414442948271,0.1738071924909779,0.8336347809549075,0.1487783595113438,0.21746575342465754,0.25609756097560976,1.115212576648447,0.40531366888156933,0.2918870616497593,Specialty Industrial Machinery,Industrials,AOS
2015Q1,2015,Q1,2015-05-05,2015-03-31,58400000.0,618500000.0,82000000.0,0.325,229200000.0,0.3705739692805174,2565300000.0,1405100000.0,1376300000.0,595800000.0,1160200000.0,218800000.0,1176900000.0,5848106390.0,5867906390.0,7.887926436988093,2.3100033568311513,0.11846567652906093,0.21628353853818233,0.033841865881960524,7.887926436988093,0.0415628780869689,9.45530540016168,25.034702011986298,4.162057070671127,0.2928082191780822,1.7792504570383911,0.002924023411961218,0.24110240517678244,1.7972473984558577,0.022765368572876466,-319.5686551912568,0.3705739692805174,0.10169491525423738,0.9419753437202129,0.21421426152666193,0.8011043252483318,-0.01164294954721863,0.09774436090225563,0.11413043478260869,0.28344040984161156,0.37782446330348085,0.28585578750838064,Specialty Industrial Machinery,Industrials,AOS
2014Q4,2014,Q4,2015-02-17,2014-12-31,53200000.0,626800000.0,73600000.0,0.295,231900000.0,0.3699744735162731,2515300000.0,1381300000.0,1319000000.0,605200000.0,1134000000.0,208300000.0,1135500000.0,5043027656.53,4947427656.53,7.725431854325235,2.1794448116325182,0.08897547012284816,0.162021284297401,0.03300980155524226,7.725431854325235,0.03851444291609354,8.04567271303446,23.698438235573306,3.650928586498226,0.2518796992481203,1.8958233317330773,0.0026571339506038434,0.24919492704647556,1.6809319233311302,0.021150558581481335,63.037845706625,0.3699744735162731,0.053571428571428416,1.3991326175309529,0.25912268541642225,0.834725651719752,0.07710171853228054,0.05138339920948617,0.054441260744985676,0.6990964584405832,0.3505665365665463,0.30421625666691976,Specialty Industrial Machinery,Industrials,AOS
2014Q3,2014,Q3,2014-11-03,2014-09-30,50600000.0,581600000.0,69800000.0,0.28,215300000.0,0.3701856946354883,2486800000.0,1375200000.0,1294800000.0,587300000.0,1111600000.0,218500000.0,1095800000.0,4228142365.2000003,4082142365.2000003,7.688891525406861,2.204665418014643,0.10234035708541098,0.18506399069226295,0.03127267556303576,7.688891525406861,0.036794648051192556,7.269845882393398,20.8900314486166,3.0745654197207677,0.26877470355731226,1.6764302059496567,0.0032165425913601403,0.23387485925687632,1.6993018900051082,0.02034743445391668,71.90718308163265,0.3701856946354883,-0.11111111111111104,-0.14856595935249267,-0.32480370287538884,0.07167652756313729,-0.004162812210915819,-0.1169284467713787,-0.11421319796954314,-0.7131102871432656,0.459077328880617,0.26515551957518996,Specialty Industrial Machinery,Industrials,AOS
2014Q2,2014,Q2,2014-08-05,2014-06-30,57300000.0,595400000.0,78800000.0,0.315,216200000.0,0.3631172321128653,2430700000.0,1356700000.0,1233900000.0,550000000.0,1074000000.0,206800000.0,1058800000.0,4460167120.84,4316867120.84,7.540657578244702,2.2434545454545454,0.103015592216234,0.1845654897914056,0.03574500748349048,7.540657578244702,0.04223483452495025,7.491043199261001,19.459716932111693,3.287511698120439,0.23734729493891799,1.8336557059961316,0.003049213097073067,0.24495001439914427,1.733818181818182,0.023573456206031185,84.9555642064762,0.3631172321128653,0.23529411764705882,1.706906835239147,0.2013450196563271,0.9402437110209242,0.10362429811128127,0.22698072805139186,0.2123076923076923,0.169959176387753,0.5087465768424306,0.4367649221973909,Specialty Industrial Machinery,Industrials,AOS
2014Q1,2014,Q1,2014-05-05,2014-03-31,46700000.0,552200000.0,65000000.0,0.255,195900000.0,0.35476276711336474,2381200000.0,1343400000.0,1198200000.0,536500000.0,1037800000.0,197400000.0,1015200000.0,4178312544.1200004,4035512544.1200004,7.398114352048871,2.23336439888164,0.0953300856710902,0.1689742444543695,0.029783467178236517,7.398114352048871,0.03476254280184606,7.5666652374501995,22.367840171948608,3.110252005448861,0.2955032119914347,1.8049645390070923,0.0033027687264372504,0.23189988241222914,1.7299161230195712,0.019611960356122962,-309.5046328977778,0.35476276711336474,0.10869565217391301,4.351631719629052,0.14313761451561835,1.023492290660949,-0.02001000500250125,0.10141509433962265,0.07084019769357495,0.16771024367014545,0.35626958867121866,0.49390711332836285,Specialty Industrial Machinery,Industrials,AOS
2013Q4,2013,Q4,2014-02-20,2013-12-31,42400000.0,558900000.0,60700000.0,0.23,199900000.0,0.3576668455895509,2391500000.0,1328700000.0,1205600000.0,590900000.0,1062800000.0,193400000.0,982200000.0,4921442340.12,4732642340.12,7.281409904545632,2.0402775427314266,0.08024252561154087,0.1444268834198841,0.029850836286892227,7.281409904545632,0.03191089034394521,8.805586580998389,29.017938326179245,3.7039529917362835,0.25943396226415094,1.8562564632885212,0.002235117114006823,0.23370269705205937,1.5987476730411236,0.017729458498850093,82.57453590805369,0.3576668455895509,-0.07973496366953683,5.278450786555151,0.09023267575336377,1.0561869506656476,0.0167853509664293,-0.08225108225108226,-0.034976152623211444,0.3433367634829427,4.434795909718382,0.5379025049128827,Specialty Industrial Machinery,Industrials,AOS
2013Q3,2013,Q3,2013-11-04,2013-09-30,46200000.0,536200000.0,62900000.0,0.249928,196600000.0,0.36665423349496457,2348900000.0,1252600000.0,1165000000.0,535200000.0,1096300000.0,189500000.0,950700000.0,4177686297.6000004,4031386297.6000004,6.776181355757333,2.1767563527653215,0.09698156583932904,0.18186172760657832,0.03202234041943604,6.776181355757333,0.036883282771834586,7.791283658336442,22.606527584415584,3.3352117975411146,0.24025974025974026,1.7920844327176781,0.0026569730729606804,0.2282770658606156,1.7055306427503736,0.01966878113159351,75.27362698378379,0.36665423349496457,0.11079111111111113,1.107166291239236,-0.13164716572117274,0.486258358911984,-0.007070707070707071,0.09738717339667459,-0.05271084337349398,0.4321178597246718,-0.049195756883155396,0.47408700314971053,Specialty Industrial Machinery,Industrials,AOS
2013Q2,2013,Q2,2013-08-05,2013-06-30,42100000.0,549100000.0,66400000.0,0.225,198000000.0,0.36059005645601894,2295200000.0,1256500000.0,1125600000.0,490100000.0,1038700000.0,178900000.0,915700000.0,3453985330.56,3297185330.56,6.797279158158301,2.296674148133034,0.09119031021261764,0.16657381615598885,0.031111072529807954,6.797279158158301,0.033505769996020694,6.290266491640867,20.510601725415675,2.748894015567051,0.26365795724465557,1.9625489100055897,0.003213678964351693,0.2392384105960265,1.8088145276474188,0.01834262809341234,69.91873138785425,0.36059005645601894,0.0714285714285715,0.28692033837251935,-0.1394389438048279,0.493472028150504,0.10429447852760736,0.07948717948717948,0.11973018549747048,1.5019789101220824,-0.053794235621264154,0.53869545926246,Specialty Industrial Machinery,Industrials,AOS
2013Q1,2013,Q1,2013-05-06,2013-03-31,39000000.0,509600000.0,59300000.0,0.21,179300000.0,0.3518445839874411,2267100000.0,1235700000.0,1105800000.0,477100000.0,1031400000.0,169800000.0,884900000.0,3306756918.95,3228956918.95,6.66568462401493,2.3177530915950535,0.1010542102245159,0.1854009872946508,0.02765061917683484,6.66568462401493,0.03156105850934693,6.4889264500588695,21.19715973685897,2.676019194747916,0.24102564102564103,1.9452296819787986,0.0028426643476971384,0.22478055665828592,1.8342066652693356,0.017202593621807597,190.04350108908045,0.3518445839874411,-0.011764705882352951,0.7303047846429227,-0.13345464267865112,0.515202563138061,-0.03394396551724138,-0.007633587786259542,-0.024671052631578948,0.24615357797663742,-0.03869513060021572,0.5220214720509967,Specialty Industrial Machinery,Industrials,AOS
2012Q4,2012,Q4,2013-02-27,2012-12-31,39300000.0,524300000.0,60800000.0,0.2125,185600000.0,0.3539958039290483,2265200000.0,1194100000.0,1107200000.0,499000000.0,1071100000.0,163400000.0,855100000.0,2914675606.08,2891475606.08,6.4597143197428,2.2188376753507013,0.10758431926540703,0.2040867599028557,0.02980083084157258,6.4597143197428,0.03291181643078469,5.559175292923898,18.54119342290076,2.4408974173687294,0.2340966921119593,2.072827417380661,0.0031564404562925774,0.23145859085290482,1.7801603206412826,0.01734946141621049,65.20527082953019,0.3539958039290483,0.07594936708860751,1.2526132988647558,-0.10355383118812181,0.5354267839394767,0.1836734693877551,0.062162162162162166,0.34216335540838855,0.7142455572738152,0.01872456304129212,0.5341282906505813,Specialty Industrial Machinery,Industrials,AOS
2012Q3,2012,Q3,2012-11-06,2012-09-30,37000000.0,462200000.0,45300000.0,0.1975,156800000.0,0.3392470791864994,2235300000.0,1191400000.0,1088400000.0,462800000.0,1043900000.0,178200000.0,825200000.0,2666075250.0,2666075250.0,6.395885675019863,2.351771823681936,0.12508388135820694,0.2346818868557999,0.02191209538252366,6.395885675019863,0.031055900621118012,5.768228580700995,18.01402195945946,2.2377667030384423,0.24864864864864866,1.7138047138047139,0.003450765315045027,0.20677314007068404,1.8394554883318928,0.016552588019505213,47.69365384615384,0.3392470791864994,0.05333333333333338,0.48166564515342375,-0.17404239501009106,0.5922550388006002,-0.023052959501557634,0.05714285714285714,-0.12209302325581395,-0.40221165572324347,-0.4847941076082453,-0.10854243056402077,Specialty Industrial Machinery,Industrials,AOS
2012Q2,2012,Q2,2012-08-03,2012-06-30,35000000.0,484200000.0,51600000.0,0.1875,160500000.0,0.33147459727385375,2191600000.0,1157800000.0,1053800000.0,459400000.0,1033800000.0,177000000.0,797500000.0,2256954831.04,2281954831.04,6.270045951021161,2.2938615585546365,0.12985946340573098,0.24581102090171014,0.02474466140095888,6.270045951021161,0.030229746070133012,4.661203698967369,16.121105936,1.9493477552599758,0.21428571428571427,1.8288135593220338,0.003323061630145259,0.2209344770943603,1.7901610796691336,0.015970067530571272,-223.46087436039605,0.33147459727385375,-0.2647058823529412,0.2902238653230184,-0.21188586936507656,0.5903620584486713,0.07645875251509054,-0.2631578947368421,0.1780821917808219,0.6110110327522247,-0.04809087365156505,0.6133098603202795,Specialty Industrial Machinery,Industrials,AOS
2012Q1,2012,Q1,2012-05-07,2012-03-31,47500000.0,468600000.0,43800000.0,0.255,149100000.0,0.3181818181818182,2250200000.0,1140700000.0,1106700000.0,502400000.0,1109500000.0,172200000.0,770000000.0,2089635600.0000002,2041635600.0000002,6.134378764412322,2.202826433121019,0.14185405741711848,0.279828175681599,0.020387662509660988,6.134378764412322,0.04164109757166652,4.459316261203585,10.998082105263158,1.8318888401858509,0.15368421052631578,1.8554006968641115,0.0034934320605946793,0.2082481557194916,1.7505971337579618,0.02110923473469025,-125.88166265060242,0.3181818181818182,0.4782608695652175,1.4027757700912065,-0.199188672926928,0.5946563807849763,-0.03806451612903226,0.4797507788161994,0.45514950166112955,4.315527857763813,-0.05269932326068084,0.677842156406367,Specialty Industrial Machinery,Industrials,AOS
2011Q4,2011,Q4,2012-02-27,2011-12-31,32100000.0,475800000.0,30100000.0,0.1725,155000000.0,0.32576712904581756,2349000000.0,1085800000.0,1208700000.0,519900000.0,1263200000.0,168400000.0,729900000.0,1838559180.0,1836759180.0,5.923428583897963,2.324870167339873,0.1965091528309919,0.4251243322895561,0.013036967981982131,5.923428583897963,0.029563455516669737,3.864142875157629,14.31899672897196,1.6932760913612082,0.23052959501557632,1.9049881235154393,0.004024890838705557,0.20255427841634738,1.9122908251586843,0.013665389527458494,16.51895040431267,0.32576712904581756,-0.823529411764706,0.6995018706685102,-0.12416275755886924,0.5870527474100122,0.3058129738837405,-0.8239166209544706,-0.28841607565011823,3.731800702715352,-0.07605887837248156,0.6727085436856631,Specialty Industrial Machinery,Industrials,AOS
2011Q3,2011,Q3,2011-11-08,2011-09-30,182300000.0,412000000.0,42300000.0,0.9775,118700000.0,0.28810679611650486,2358700000.0,1123500000.0,1227400000.0,619700000.0,1235200000.0,176700000.0,705200000.0,1480301586.91,1434601586.91,6.0774279576226435,1.9806357915120218,0.16742273286132192,0.35149087672452156,0.018828831989240194,6.0774279576226435,0.16226079216733422,3.5929650167718448,2.0300350890153593,1.3175804066844683,0.0405924300603401,1.6598754951895869,0.004998981332882884,0.17467248908296942,1.5568823624334356,0.07728833679569254,274.12992350185186,0.28810679611650486,2.6203703703703702,9.59776000378498,-0.2780710711193262,0.6619116720687213,0.06076854334226988,2.624254473161034,0.5783582089552238,7.314145728545983,-0.33282346774089444,0.332996805793507,Specialty Industrial Machinery,Industrials,AOS
2011Q2,2011,Q2,2011-08-08,2011-06-30,50300000.0,405300000.0,26800000.0,0.27,111900000.0,0.27609178386380456,2143100000.0,969800000.0,991200000.0,535900000.0,1173300000.0,161600000.0,530400000.0,1954065208.4999998,2221365208.5,5.248358629685924,1.849598805747341,0.17521347580607533,0.3871932357187049,0.01389625670582135,5.248358629685924,0.051866364198803874,4.821281047372316,9.712053720178927,2.014915661476593,0.12922465208747516,1.8155940594059405,0.00332639871572638,0.18911856656245626,0.8133980220190334,0.023470673323689982,-41.66450337953091,0.27609178386380456,0.22727272727272735,0.9780975568679043,-0.3270571427969141,0.44668669762676455,-0.1188976377952756,0.22682926829268293,-0.2891246684350133,0.5381768257858155,-0.3645585230832103,0.15314916818305147,Specialty Industrial Machinery,Industrials,AOS
2011Q1,2011,Q1,2011-05-10,2011-03-31,41000000.0,417400000.0,37700000.0,0.22,127000000.0,0.3042644944896981,2205300000.0,921900000.0,987000000.0,555400000.0,1283400000.0,160800000.0,486600000.0,2063583600.0000002,2279183600.0,4.952191663085518,1.7770975873244508,0.15408334466965945,0.368586614600282,0.02145708453739467,4.952191663085518,0.04447337021368912,4.943899377096311,12.582826829268294,2.2384028636511553,0.15609756097560976,1.8059701492537314,0.003101400883395274,0.18927130095678593,0.8754051134317609,0.018591574842425067,-31.9440185758514,0.3042644944896981,0.29411764705882343,1.581123549634723,-0.11303353504122937,0.4242896826614518,22.166666666666668,0.2732919254658385,2.1529051987767582,0.8114392465459084,-0.2932004900658655,0.12570184824293407,Specialty Industrial Machinery,Industrials,AOS
2010Q4,2010,Q4,2011-02-24,2010-12-31,32200000.0,-166000000.0,-32700000.0,0.17,-6000000.0,-0.03614457831325301,2112000000.0,881400000.0,896000000.0,536800000.0,1230600000.0,146800000.0,452100000.0,1772243200.0,1914343200.0,4.73463687150838,1.669150521609538,0.12357954545454546,0.29611980939414567,-0.020953479430988083,4.73463687150838,0.036532788745178124,-10.676163855421686,13.759652173913043,2.0107138643067843,0.19875776397515527,-1.0899182561307903,0.0036112425202139303,-0.07859848484848485,0.8051415797317437,0.01524621212121212,35.37411576846307,0.03614457831325301,-0.019228883132467418,0.9637786030833692,-1.373228666584812,0.40326618347976606,-1.040241448692153,0.00625,-1.6898734177215189,0.8326983183346395,-1.2818340503422934,0.12538850867182424,Specialty Industrial Machinery,Industrials,AOS
2010Q3,2010,Q3,2010-11-04,2010-09-30,32000000.0,559400000.0,47400000.0,0.173333,149100000.0,0.2665355738291026,2006600000.0,842900000.0,876400000.0,685800000.0,1144700000.0,268600000.0,426400000.0,1769151189.9456,1936651189.9456,4.596866630855936,1.2779235928842227,0.13784511113326023,0.32815280578953615,0.03058443738487736,4.596866630855936,0.03796417131332305,3.1625870395881304,13.821493671450002,2.098886214195753,0.2,1.5275502606105733,0.003617554020466049,0.2787800259144822,0.7750072907553223,0.01594737366689923,-256.39872318052176,0.2665355738291026,0.9259222222222222,2.2164657857094454,0.33548009894564784,0.3341234986055485,-0.05811749842072015,0.927710843373494,1.3582089552238805,0.30179086254232346,0.015530638555924979,0.1443894446490355,Specialty Industrial Machinery,Industrials,AOS
2010Q2,2010,Q2,2010-08-04,2010-06-30,16600000.0,572500000.0,20100000.0,0.09,158300000.0,0.2765065502183406,1967200000.0,805600000.0,841500000.0,672700000.0,1142600000.0,257100000.0,400900000.0,1464685903.0308,1615385903.0308,4.417559769375305,1.2509290917199345,0.12438999593330623,0.3037487586891758,0.017265253405859195,4.417559769375305,0.020605759682224428,2.5584033240712665,22.05852263600603,1.8181304655297914,0.3614457831325301,1.6110462854920264,0.004096441419682202,0.2910227734851566,0.7588821168425747,0.008438389589263929,28.71933143197647,0.2765065502183406,-0.46534547593163555,1.4814661057158767,0.2709034556175638,0.28999343941063704,0.09474412171507607,-0.4627831715210356,-0.5732484076433121,-0.3803721738782624,-0.05644848020601518,0.12048930789726461,Specialty Industrial Machinery,Industrials,AOS
2010Q1,2010,Q1,2010-05-05,2010-03-31,30900000.0,523400000.0,47100000.0,0.168333,144600000.0,0.2762705387848682,1959200000.0,801600000.0,805800000.0,632700000.0,1138600000.0,240900000.0,390400000.0,1603696217.4408,1810496217.4408,4.379494472592822,1.2735893788525368,0.1462841976316864,0.35753493013972054,0.03161770168969252,4.379494472592822,0.038547904191616765,3.06399735850363,12.974888490621359,2.000619033733533,0.19093851132686085,1.572436695724367,0.0036790010076941508,0.2671498570845243,0.7673462936620832,0.015771743568803592,-70.03040250833187,0.2762705387848682,0.40277500000000016,1.0831204182919152,0.2330765172201213,0.28559126931962553,0.0455531453362256,0.36123348017621143,0.26273458445040215,0.5879807790019236,-0.09128275635265587,0.1384671657133533,Specialty Industrial Machinery,Industrials,AOS
2009Q4,2009,Q4,2010-02-26,2009-12-31,22700000.0,509600000.0,37300000.0,0.12,138300000.0,0.2713893249607535,1901300000.0,770700000.0,740000000.0,491300000.0,1111500000.0,215100000.0,365400000.0,1323652936.7208,1500552936.7208,4.210674139255599,1.5062080195399958,0.13317204018303266,0.3285325029194239,0.025794687102474463,4.210674139255599,0.029453743350201116,2.597435119153846,14.577675514546256,1.7174684529918254,0.2599118942731278,1.7261738726173872,0.00445736177235143,0.26802713932572453,0.9157337675554651,0.011939199495082311,26.10755299252071,0.2713893249607535,-0.3662295410973736,3.9735342672972838,0.199978638074055,0.2580092956424867,-0.001444043321299639,-0.3439306358381503,-0.19264069264069264,0.2036089995465857,-0.0605550318327346,0.12815776648671426,Specialty Industrial Machinery,Industrials,AOS
2009Q3,2009,Q3,2009-11-03,2009-09-30,34600000.0,501500000.0,46200000.0,0.189343,138500000.0,0.2761714855433699,1792400000.0,747100000.0,723100000.0,461900000.0,1045300000.0,218700000.0,348500000.0,661229843.4,823829843.4,7.174638361157792,1.5654903658800605,0.12932381164918544,0.31026636327131574,0.03552484538734765,7.174638361157792,0.04631240797751305,1.3185041742771684,4.777672278901734,0.8850620310534065,0.17052023121387283,1.6598079561042525,0.008922767262987696,0.2797924570408391,0.9463087248322147,0.019303726846686006,7.5225238156996586,0.2761714855433699,0.603066554909282,18.469891203249947,1.1713327498594974,1.107989358763322,0.1315359477124183,0.6244131455399061,0.3668639053254438,2.570902946396495,0.5600650324633768,0.9619508973898876,Specialty Industrial Machinery,Industrials,AOS
2009Q2,2009,Q2,2009-08-04,2009-06-30,21300000.0,498700000.0,33800000.0,0.118113,122400000.0,0.24543813916182072,1791800000.0,703600000.0,717500000.0,411800000.0,1088200000.0,226000000.0,319900000.0,982735708.1862,1222635708.1862001,3.8864486638520956,1.7423506556580866,0.16374595378948542,0.41699829448550313,0.02700835840855901,3.8864486638520956,0.030272882319499716,1.97059496327692,11.534456668852112,1.396724997422115,0.18309859154929578,1.6650442477876106,0.003968513576450875,0.2783234736019645,1.02986886838271,0.011887487442794956,12.518926218932485,0.24543813916182072,1.4437340947178945,0.1946121205347026,0.10650481304229771,0.14409795522810112,0.20710059171597633,1.4482758620689655,1.0,-0.14504135926667797,-0.15486374388419166,0.07128227693933395,Specialty Industrial Machinery,Industrials,AOS
2009Q1,2009,Q1,2009-05-05,2009-03-31,8700000.0,481600000.0,16900000.0,0.048333,101400000.0,0.2105481727574751,1819900000.0,661900000.0,736900000.0,406400000.0,1158000000.0,259600000.0,861600000.0,759767689.0638,1066667689.0638,3.656111953672118,1.813238188976378,0.19319742843013352,0.5311980661731379,0.012759915059737028,3.656111953672118,0.01314397945308959,1.5775907164946013,21.832404858155172,1.1478587234684998,0.6551724137931034,1.4645608628659477,0.007502293243114415,0.2646299247211385,0.9899114173228346,0.004780482444090335,-116.88733677904615,0.2105481727574751,0.3062972972972974,-0.22047139164480045,0.1189431800487733,0.0808546493727837,0.017051153460381142,0.29850746268656714,0.0,-0.4368064607226694,0.05233668048315365,0.05152685690397856,Specialty Industrial Machinery,Industrials,AOS
2008Q4,2008,Q4,2009-02-25,2008-12-31,6700000.0,508600000.0,16900000.0,0.037,99700000.0,0.1960283130161227,1883900000.0,641100000.0,781300000.0,505000000.0,1242800000.0,282000000.0,858700000.0,890713424.88,1196113424.88,3.5412197816878606,1.5471287128712872,0.17771643930144912,0.5222274216190922,0.012213287599570705,3.5412197816878606,0.0104507877086258,1.751304413841919,33.23557555522388,1.3893517780065512,0.8507462686567164,1.45,0.006399364644995582,0.26997186687191466,0.778019801980198,0.0035564520409788205,150.9683770983051,0.1960283130161227,-0.682858048977003,-0.4854343176374545,0.33451052879238924,0.07668604468004792,-0.19336569579288027,-0.6869158878504673,-0.5432432432432432,-0.5798301073710432,0.1758630298704859,0.049557569623928224,Specialty Industrial Machinery,Industrials,AOS
2008Q3,2008,Q3,2008-10-30,2008-09-30,21400000.0,602700000.0,37000000.0,0.116667,123600000.0,0.20507715281234445,1872100000.0,822600000.0,809300000.0,491600000.0,1049500000.0,298500000.0,857800000.0,1178485447.3644,1498285447.3644,4.5592216959626315,1.6462571196094387,0.18556701030927836,0.4223194748358862,0.023526454322302073,4.5592216959626315,0.026015074155117918,1.9553433671219511,13.767353357060749,1.4326348740145878,0.27102803738317754,1.6050251256281407,0.0049215711682917196,0.3219379306660969,0.9165988608624899,0.01143101330057155,32.19905593891803,0.20507715281234445,-0.33962200071320614,2.4484330975950783,0.6350189023573383,0.4508047063533563,-0.1271186440677966,-0.329153605015674,-0.21940928270042195,1.186043937803704,0.46228594477979246,0.32319801473192095,Specialty Industrial Machinery,Industrials,AOS
2008Q2,2008,Q2,2008-08-06,2008-06-30,31900000.0,622200000.0,47400000.0,0.176667,141600000.0,0.22757955641272903,1903700000.0,820400000.0,838000000.0,477800000.0,1083300000.0,300900000.0,842100000.0,986302005.7644,1342302005.7644,4.551326727274539,1.7538719129342821,0.20003151757104587,0.4641638225255973,0.030065172922315773,4.551326727274539,0.03888347147732813,1.5851848372941177,7.72963954360815,1.2022208748956607,0.16927899686520376,1.5972083748753738,0.005474996470087184,0.32683721174554814,0.9966513185433236,0.016756841939381206,43.44942756671366,0.22757955641272903,0.47222499999999995,0.5553446396928846,0.43837014687412723,0.44684498275690504,0.06787330316742081,0.45662100456621,0.22164948453608246,3.8243668839171976,0.39738623659198324,0.3290553892446135,Specialty Industrial Machinery,Industrials,AOS
2008Q1,2008,Q1,2008-05-02,2008-03-31,21900000.0,571400000.0,38800000.0,0.12,132600000.0,0.232061603080154,1887500000.0,792400000.0,808700000.0,439400000.0,1095100000.0,282100000.0,815500000.0,986770624.833,1371270624.833,4.3992036353277815,1.8404642694583524,0.2283973509933775,0.5440434124179707,0.023490593167748867,4.3992036353277815,0.027637556789500254,1.7269349402047602,11.26450484969178,1.2452935699558303,0.2465753424657534,1.5554767812832329,0.005472396384837551,0.302728476821192,1.0589440145653164,0.011602649006622516,-39.95022772603239,0.232061603080154,0.276595744680851,0.5404518660343799,0.42010928405154024,0.4633687189462281,-0.022844509948415623,0.28823529411764703,0.07777777777777778,0.5002489651823766,0.3679173863563276,0.29137685203841424,Specialty Industrial Machinery,Industrials,AOS
2007Q4,2007,Q4,2008-02-20,2007-12-31,17000000.0,569900000.0,36000000.0,0.094,135700000.0,0.2381119494648184,1854400000.0,757800000.0,767600000.0,472600000.0,1096600000.0,261800000.0,799000000.0,1052227508.3670001,1410227508.367,4.207113219146129,1.6242065171392297,0.21311475409836064,0.521509633148588,0.06473039578617816,4.207113219146129,0.022433359725521247,1.8463370913616426,15.473933946573531,1.3885293063697546,0.32941176470588235,1.6585179526355998,0.005322042956937037,0.30732312338222606,0.9570461278036394,0.009167385677308024,15.991299519255321,0.2381119494648184,-0.2860777567651728,0.4621663922612029,0.5326265921731732,0.4295661427167471,0.1298917568692756,-0.3117408906882591,0.014084507042253521,2.7848746724349915,0.36365992321777735,0.2569454112262148,Specialty Industrial Machinery,Industrials,AOS
2007Q3,2007,Q3,2007-10-31,2007-09-30,24700000.0,553500000.0,35500000.0,0.131667,120100000.0,0.2169828364950316,1872600000.0,740100000.0,781600000.0,433600000.0,1132500000.0,280300000.0,787600000.0,1381858605.0,1772258605.0,4.016872623519973,1.8025830258302582,0.22786500053401687,0.5765437103094176,0.025824736377698217,4.016872623519973,0.03337386839616268,2.4965828455284553,13.986423127530363,1.8671241791649777,0.22267206477732793,1.546200499464859,0.003980146724201207,0.2955783402755527,1.022140221402214,0.013190216810851222,31.913593648960738,0.2169828364950316,-0.09195172413793093,1.3076122144203752,0.4706293599582001,0.12861874353503186,-0.10905044510385757,-0.08518518518518518,-0.20045045045045046,6.855263475744683,0.3544078053309679,0.18020230702211743,Specialty Industrial Machinery,Industrials,AOS
2007Q2,2007,Q2,2007-08-01,2007-06-30,27000000.0,611500000.0,44400000.0,0.145,134800000.0,0.22044153720359771,1910200000.0,724600000.0,822000000.0,446700000.0,1185600000.0,300400000.0,768400000.0,1221895936.8522,1645195936.8522,3.9425273746390284,1.8401611820013433,0.23735734478065124,0.6257245376759591,0.028034629361994693,3.9425273746390284,0.03726193762075628,1.99819450016713,11.31385126715,1.6863040806682308,0.1925925925925926,1.586884154460719,0.004255681554516037,0.3201235472725369,1.0179091112603538,0.014134645586849544,32.155156232952635,0.22044153720359771,0.38095238095238093,0.2975825850713596,0.36880135972442135,0.0355832742490805,0.09771986970684039,0.38461538461538464,0.28695652173913044,0.4916274282053473,0.3364714435901243,0.16060648110672815,Specialty Industrial Machinery,Industrials,AOS
2007Q1,2007,Q1,2007-05-04,2007-03-31,19500000.0,577200000.0,34500000.0,0.105,122800000.0,0.21275121275121275,1881500000.0,705600000.0,805900000.0,429100000.0,1175900000.0,298100000.0,746700000.0,1168408026.24,1613708026.24,3.8468342386042114,1.8781169890468423,0.24788732394366197,0.6609977324263039,0.02182580879585772,3.8468342386042114,0.027636054421768707,2.02426892972973,14.97959008,1.6559070666666669,0.26666666666666666,1.5243206977524322,0.004450500067800698,0.30677650810523516,1.040083896527616,0.010364071219771459,-41.72885808,0.21275121275121275,0.049999999999999906,0.25537169264244,0.21110170405231413,0.1812608622206407,-0.0016260162601626016,0.031746031746031744,-0.04696132596685083,0.7245079982967509,0.3236271714177798,0.13723778835210532,Specialty Industrial Machinery,Industrials,AOS
