Quarters,Year,Quarter,FillingDate,Date,NetIncome,Revenue,OperatingIncome,EPSDiluted,GrossProfit,GrossProfitRatio,TotalAssets,CommonStockEquity,CurrentAssets,CurrentLiability,TotalLiability,Inventory,RetainedEarnings,MarketCap,EnterpriseValue,bookValuePerShare,currentRatio,debtToAssets,debtToEquity,roic,shareholdersEquityPerShare,roe,priceToSalesRatio,peRatio,pbRatio,payoutRatio,inventoryTurnover,dividendYield,assetTurnover,quickRatio,returnOnAssets,priceToFreeCashFlowsRatio,grossProfitMargin,epsdilutedGrowth,fiveYNetIncomeGrowthPerShare,fiveYRevenueGrowthPerShare,fiveYShareholdersEquityGrowthPerShare,grossProfitGrowth,netIncomeGrowth,operatingIncomeGrowth,threeYNetIncomeGrowthPerShare,threeYRevenueGrowthPerShare,threeYShareholdersEquityGrowthPerShare,Industry,Sector,Symbol
2023Q2,2023,Q2,2022-12-31,2022-12-31,-3758066.0,0.0,-3693888.5,-0.0789,-1584.5,0.0,95220186.0,93919084.0,42132384.0,1119583.0,1301102.0,0.0,0.0,195724707.7408,154532950.7408,1.9711784538355241,37.632211278663576,0.0024363216429759966,0.0024700730684298414,-0.0394742549687842,1.9711784538355241,-0.04001386981159229,0.0,-13.020308034824295,2.0839716424491534,0.0,0.0,0.0,0.0,37.632211278663576,-0.03946711467251282,-52.08123213929718,0.0,0.0,0.9134351216100937,-1.0,28.703138624390164,0.0,0.0,0.0,-1.0771955413161658,-1.0,5.7731850955495805,Drug Manufacturers—Specialty & Generic,Healthcare,IXHL
2023Q1,2023,Q1,2022-09-30,2022-09-30,-3758066.0,0.0,-3693888.5,-0.0789,-1584.5,0.0,9469902.0,8967268.75,9469902.0,502633.25,502633.25,0.0,-14698727.5,317633801.4007226,308258568.6507226,0.18820548707387963,18.84058008498244,0.0,0.0,-0.4154777781390289,0.18820548707387963,-0.41908702691664057,0.0,-21.130137243513193,35.421465582898094,0.0,0.0,0.0,0.0,18.810818822670406,-0.396843177468996,-99.20342021762703,0.0,0.0,0.9134351216100937,-1.0,26.31314197702743,0.0,0.0,0.0,-1.0771955413161658,-1.0,33.2970522795373,Drug Manufacturers—Specialty & Generic,Healthcare,IXHL
2022Q4,2022,Q4,2022-06-30,2022-06-30,-3758066.0,0.0,-3693888.5,-0.0789,-1584.5,0.0,37879608.0,35869075.0,37879608.0,2010533.0,2010533.0,0.0,-58794910.0,269438085.18820816,231937154.18820816,0.7528219482955185,18.84058008498244,0.0,0.0,-0.10386944453475723,0.7528219482955185,-0.10477175672916014,0.0,-17.923985714208328,7.511709883463906,0.0,0.0,0.0,0.0,18.810818822670406,-0.099210794367249,-38.99372848168945,0.0,0.0,0.9134351216100937,-1.0,26.31314197702743,0.0,0.0,0.0,-1.0771955413161658,-1.0,33.2970522795373,Drug Manufacturers—Specialty & Generic,Healthcare,IXHL
2022Q3,2022,Q3,2022-03-31,2022-03-31,-3758066.0,0.0,-3693888.5,-0.0789,-1584.5,0.0,9469902.0,8967268.75,9469902.0,502633.25,502633.25,0.0,-14698727.5,581763309.2267542,572388076.4767542,0.18820548707387963,18.84058008498244,0.0,0.0,-0.4154777781390289,0.18820548707387963,-0.41908702691664057,0.0,-38.70097739281017,64.87631021728373,0.0,0.0,0.0,0.0,18.810818822670406,-0.396843177468996,-154.8039095712407,0.0,-0.5261121856866536,0.9134351216100937,-1.0,26.31314197702743,-1.006430417967022,-0.8586246048544711,-0.7932940478099147,-1.0771955413161658,-1.0,33.2970522795373,Drug Manufacturers—Specialty & Generic,Healthcare,IXHL
2022Q2,2022,Q2,2021-12-31,2021-12-31,-2021960.75,474399.0,-2059834.25,-0.0517,246407.0,0.5194087677,20018554.0,19470772.0,20018554.0,547782.0,547782.0,0.0,-49135876.0,802940767.6845505,783170262.6845505,0.4977100875725415,36.54474590256708,0.0,0.0,-0.1048094956246974,0.4977100875725415,-0.10384594663221366,1692.5431286418195,-99.27749187076832,41.23826049036733,0.0,0.0,0.0,0.02369796539750074,36.54474590256708,-0.10100433577769903,-397.1099674830733,0.5194087677250584,0.0,0.274085544215353,0.0,-0.18823508752091128,0.0,0.0,0.0,0.2980528668418347,-0.5203536871714316,14.714870078173393,Drug Manufacturers—Specialty & Generic,Healthcare,IXHL
2022Q1,2022,Q1,2021-09-30,2021-09-30,-2021960.75,474399.0,-2059834.25,-0.0517,246407.0,0.5194087677,2332198.75,2143436.5,2332198.75,188762.25,188762.25,0.0,-10170448.25,795849486.7765733,793568582.5265733,0.054790327169419985,12.355218005718834,0.0,0.0,-0.952079426072795,0.054790327169419985,-0.9433266392543003,1677.595203144554,-98.40070916022643,371.296041089425,0.0,0.0,0.0,0.2034127666006167,12.30741978335181,-0.8669761743076142,0.0,0.5194087677250584,0.0,0.274085544215353,0.0,4.259312987544185,0.0,0.0,0.0,0.2980528668418347,-0.5203536871714316,6.722808921505579,Drug Manufacturers—Specialty & Generic,Healthcare,IXHL
2021Q4,2021,Q4,2021-06-30,2021-06-30,-2021960.75,474399.0,-2059834.25,-0.0517,246407.0,0.5194087677,9328795.0,8573746.0,9328795.0,755049.0,755049.0,0.0,-40681793.0,779709675.7797121,770586058.7797121,0.21916130867767994,12.355218005718834,0.0,0.0,-0.23801985651819876,0.21916130867767994,-0.23583165981357507,1643.5736074058168,-96.40514483029801,90.94154127958912,0.0,0.0,0.0,0.05085319165015417,12.30741978335181,-0.21674404357690355,0.0,0.5194087677250584,0.0,0.274085544215353,0.0,4.259312987544185,0.0,0.0,0.0,0.2980528668418347,-0.5203536871714316,6.722808921505579,Drug Manufacturers—Specialty & Generic,Healthcare,IXHL
2021Q3,2021,Q3,2021-03-31,2021-03-31,-2021960.75,474399.0,-2059834.25,-0.0517,246407.0,0.5194087677,2332198.75,2143436.5,2332198.75,188762.25,188762.25,0.0,-10170448.25,764032239.6525514,761751335.4025514,0.054790327169419985,12.355218005718834,0.0,0.0,-0.952079426072795,0.054790327169419985,-0.9433266392543003,1610.526665639159,-94.46674962070249,356.4520057638989,0.0,0.0,0.0,0.2034127666006167,12.30741978335181,-0.8669761743076142,0.0,0.5194087677250584,-0.20512820512820518,0.274085544215353,0.0,4.259312987544185,5.3778593105947365,-0.7216836298086953,-0.7539326163202087,0.2980528668418347,-0.5203536871714316,6.722808921505579,Drug Manufacturers—Specialty & Generic,Healthcare,IXHL
2021Q2,2021,Q2,2020-12-31,2020-12-31,-1174409.0,151221.0,-1174409.0,-0.0429,38634.75,0.2554853493,12180952.0,11802503.0,12180952.0,378449.0,378449.0,212927.0,-35407592.0,529645655.18707204,517805347.18707204,0.43135570907587534,32.18650861807007,0.0,0.0,-0.09950507955812424,0.43135570907587534,-0.09950507955812424,3502.4610020240048,-112.74727441357143,44.87570604193636,0.0,0.5287551602192301,0.0,0.012414546908977229,31.623877986201574,-0.09641356439135464,0.0,0.25548534925704763,0.0,0.868939450207581,0.0,3.2613909960827208,0.0,0.0,0.0,0.9528929371379514,-0.555010879211255,5.499978932994125,Drug Manufacturers—Specialty & Generic,Healthcare,IXHL
2021Q1,2021,Q1,2020-09-30,2020-09-30,-1174409.0,151221.0,-1174409.0,-0.0429,38634.75,0.2554853493,1059019.75,791107.0,1059019.75,267912.75,267912.75,45789.75,-8129550.75,568690176.927744,567789329.427744,0.028913233145536035,3.9528531210254085,0.0,0.0,-1.4845134728930474,0.028913233145536035,-1.4845134728930474,3760.656105486302,-121.05879998529986,718.8536783617691,0.0,2.4587653350367713,0.0,0.14279337094515943,3.7481026938807505,-1.1089585439742744,0.0,0.25548534925704763,0.0,0.868939450207581,0.0,-0.5269117952165174,0.0,0.0,0.0,0.9528929371379514,-0.555010879211255,4.888753654353072,Drug Manufacturers—Specialty & Generic,Healthcare,IXHL
2020Q4,2020,Q4,2020-06-30,2020-06-30,-1174409.0,151221.0,-1174409.0,-0.0429,38634.75,0.2554853493,4236079.0,3164428.0,4236079.0,1071651.0,1071651.0,183159.0,-32518203.0,588468934.6562306,584865544.6562306,0.11565293258214414,3.9528531210254085,0.0,0.0,-0.37112836822326184,0.11565293258214414,-0.37112836822326184,3891.449829429977,-125.26916403404404,185.96376174658755,0.0,0.6146913337591928,0.0,0.035698342736289856,3.7481026938807505,-0.2772396359935686,0.0,0.25548534925704763,0.0,0.868939450207581,0.0,-0.5269117952165174,0.0,0.0,0.0,0.9528929371379514,-0.555010879211255,4.888753654353072,Drug Manufacturers—Specialty & Generic,Healthcare,IXHL
2020Q3,2020,Q3,2020-03-31,2020-03-31,-1174409.0,151221.0,-1174409.0,-0.0429,38634.75,0.2554853493,1059019.75,791107.0,1059019.75,267912.75,267912.75,45789.75,-8129550.75,669338729.7902209,668437882.2902209,0.028913233145536035,3.9528531210254085,0.0,0.0,-1.4845134728930474,0.028913233145536035,-1.4845134728930474,4426.2286970078285,-142.48416220205672,846.0786338513259,0.0,2.4587653350367713,0.0,0.14279337094515943,3.7481026938807505,-1.1089585439742744,0.0,0.25548534925704763,-0.12894736842105267,0.868939450207581,0.0,-0.5269117952165174,-0.7408181371455597,-0.7280892172194001,-0.6869711422268524,0.9528929371379514,-0.555010879211255,4.888753654353072,Drug Manufacturers—Specialty & Generic,Healthcare,IXHL
2020Q2,2020,Q2,2019-12-31,2019-12-31,-679599.75,294616.5,-696164.25,-0.038,149064.25,0.5059602908,5598212.0,5208673.0,5482373.0,389539.0,389539.0,187431.0,-30032571.0,380309695.6876992,375181630.6876992,0.29102681028615557,14.074002859790676,0.0,0.0,-0.12660708175108729,0.29102681028615557,-0.13047464296568434,1290.8635317020573,-139.9020878420347,73.01469984537314,0.0,0.776564442381463,0.0,0.052626892300613126,13.592841795044912,-0.12139585817757527,0.0,0.5059602907508575,0.0,0.9831115428791075,0.0,-0.8404668865948555,0.0,0.0,0.0,0.4666914224589105,0.0,-0.5253354129645271,Drug Manufacturers—Specialty & Generic,Healthcare,IXHL
2020Q1,2020,Q1,2019-09-30,2019-09-30,-679599.75,294616.5,-696164.25,-0.038,149064.25,0.5059602908,129477.75,-104295.0,95777.75,233772.75,233772.75,38201.0,-6955141.75,396384520.784832,396377437.784832,-0.005827327071366277,0.4097045100423381,0.1255041889436602,-0.1558080444891893,7.489975448074065,-0.005827327071366277,6.516129728174889,1345.4253946565518,-145.81543062105013,-3800.60904918579,0.0,3.810168581974294,0.0,2.2754218388873766,0.20438224728930127,-5.2487763341577995,0.0,0.5059602907508575,0.0,0.9831115428791075,0.0,-1.0149899027747158,0.0,0.0,0.0,0.4666914224589105,0.0,0.6533497099288632,Drug Manufacturers—Specialty & Generic,Healthcare,IXHL
2019Q4,2019,Q4,2019-06-30,2019-06-30,-679599.75,294616.5,-696164.25,-0.038,149064.25,0.5059602908,517911.0,-417180.0,383111.0,935091.0,935091.0,152804.0,-27820567.0,381782422.37403363,381754090.37403363,-0.023309308285465107,0.4097045100423381,0.1255041889436602,-0.1558080444891893,1.8724938620185163,-0.023309308285465107,1.6290324320437222,1295.8623239840051,-140.44385035972778,-915.1503484683676,0.0,0.9525421454935735,0.0,0.5688554597218441,0.20438224728930127,-1.3121940835394499,0.0,0.5059602907508575,0.0,0.9831115428791075,0.0,-1.0149899027747158,0.0,0.0,0.0,0.4666914224589105,0.0,0.6533497099288632,Drug Manufacturers—Specialty & Generic,Healthcare,IXHL
2019Q3,2019,Q3,2019-03-31,2019-03-31,-679599.75,294616.5,-696164.25,-0.038,149064.25,0.5059602908,129477.75,-104295.0,95777.75,233772.75,233772.75,38201.0,-6955141.75,375606557.6622624,375599474.6622624,-0.005827327071366277,0.4097045100423381,0.1255041889436602,-0.1558080444891893,7.489975448074065,-0.005827327071366277,6.516129728174889,1274.8999382663985,-138.17197463001656,-3601.3860459491093,0.0,3.810168581974294,0.0,2.2754218388873766,0.20438224728930127,-5.2487763341577995,0.0,0.5059602907508575,0.483695652173913,0.9831115428791075,0.0,-1.0149899027747158,0.22145265633386185,0.07788083477866792,0.12935555620866274,0.4666914224589105,0.0,0.6533497099288632,Drug Manufacturers—Specialty & Generic,Healthcare,IXHL
2019Q2,2019,Q2,2018-12-31,2018-12-31,-736997.75,253058.25,-799596.5,-0.0736,122038.5,0.4822545797,888045.0,317008.0,739913.0,571037.0,571037.0,155727.0,-26320086.0,212181024.58099198,211959138.58099198,0.031671282364835976,1.2957356528561197,0.11260690618155611,0.3154494523797507,-1.7602559824349362,0.031671282364835976,-2.324855366426084,838.4671299236123,-71.97478709432694,669.3238800944833,0.0,0.841342541755765,0.0,0.28496106616218775,1.0230265289289486,-0.8299103649026794,0.0,0.4822545797262093,0.0,0.9706583130384514,2.396755905340353,-0.997319802670668,0.0,0.0,0.0,0.7751707706495519,0.0,-0.6871173496392384,Drug Manufacturers—Specialty & Generic,Healthcare,IXHL
2019Q1,2019,Q1,2018-09-30,2018-09-30,-736997.75,253058.25,-799596.5,-0.0736,122038.5,0.4822545797,176964.25,-95829.5,134778.25,272793.75,272793.75,55767.75,-6255737.0,206026878.25728002,206019776.75728002,-0.009574027006829635,0.49406648796022634,0.28254294299554855,-0.521760000834816,16.016775804301332,-0.009574027006829635,7.69071893310515,814.1480400551258,-69.88721412557908,-2149.931683430259,0.0,2.34938203531611,0.0,1.4299964540860655,0.2589034756111531,-4.16467026532195,0.0,0.4822545797262093,0.0,0.9706583130384514,2.396755905340353,-1.0033024045879688,0.0,0.0,0.0,0.7751707706495519,0.0,-1.1566535027892206,Drug Manufacturers—Specialty & Generic,Healthcare,IXHL
2018Q4,2018,Q4,2018-06-30,2018-06-30,-736997.75,253058.25,-799596.5,-0.0736,122038.5,0.4822545797,707857.0,-383318.0,539113.0,1091175.0,1091175.0,223071.0,-25022948.0,203003423.0208,202975017.0208,-0.03829610802731854,0.49406648796022634,0.28254294299554855,-0.521760000834816,4.004193951075333,-0.03829610802731854,1.9226797332762875,802.200374897084,-68.86161559543432,-529.5953308240156,0.0,0.5873455088290275,0.0,0.35749911352151637,0.2589034756111531,-1.0411675663304876,0.0,0.4822545797262093,0.0,0.9706583130384514,2.396755905340353,-1.0033024045879688,0.0,0.0,0.0,0.7751707706495519,0.0,-1.1566535027892206,Drug Manufacturers—Specialty & Generic,Healthcare,IXHL
2018Q3,2018,Q3,2018-03-31,2018-03-31,-736997.75,253058.25,-799596.5,-0.0736,122038.5,0.4822545797,176964.25,-95829.5,134778.25,272793.75,272793.75,55767.75,-6255737.0,193784118.62976,193777017.12976,-0.009574027006829635,0.49406648796022634,0.28254294299554855,-0.521760000834816,16.016775804301332,-0.009574027006829635,7.69071893310515,765.7688244890653,-65.734297909919,-2022.1760379607533,0.0,2.34938203531611,0.0,1.4299964540860655,0.2589034756111531,-4.16467026532195,0.0,0.4822545797262093,0.9191208791208791,0.9706583130384514,2.396755905340353,-1.0033024045879688,3.082088597336791,0.857525508231455,0.8473051951121026,0.7751707706495519,0.0,-1.1566535027892206,Drug Manufacturers—Specialty & Generic,Healthcare,IXHL
2018Q2,2018,Q2,2017-12-31,2017-12-31,-5172840.0,70511.25,-5236566.5,-0.91,-58613.5,-0.8312645145,1128093.0,376754.0,1006801.0,551339.0,751339.0,224241.0,-23283803.0,107809229.473056,107343507.473056,0.06636263186735858,1.8261015455101126,0.17729034751567468,0.5308503692064318,-8.947610574701134,0.06636263186735858,-13.730020119228993,1528.964944928022,-5.210350091683485,286.1528463481635,0.0,0.5758302451380435,0.0,0.06250482008132308,1.419380816521233,-4.585473006214913,0.0,-0.8312645145278236,0.0,0.013696967074221982,-0.3653336968408261,-0.9973324226118507,0.0,0.0,0.0,0.5947475640961833,0.0,-0.9636217801887417,Drug Manufacturers—Specialty & Generic,Healthcare,IXHL
2018Q1,2018,Q1,2017-09-30,2017-09-30,-5172840.0,70511.25,-5236566.5,-0.91,-58613.5,-0.8312645145,250044.5,-42210.5,209851.75,192890.5,292255.0,56760.25,-5518739.25,107664774.2290512,107637410.9790512,-0.0074350899325213255,1.087932013240673,0.3973872650668181,-2.354023288044444,-90.29237130211669,-0.0074350899325213255,122.54865495552055,1526.916261292364,-5.203368663492936,-2550.663323795056,0.0,2.274915103439467,0.0,0.2819948049247234,0.7936705021761051,-20.687677593388376,0.0,-0.8312645145278236,0.0,0.013696967074221982,-0.3653336968408261,-1.0012588798382613,0.0,0.0,0.0,0.5947475640961833,0.0,-1.0191256254960188,Drug Manufacturers—Specialty & Generic,Healthcare,IXHL
2017Q4,2017,Q4,2017-06-30,2017-06-30,-5172840.0,70511.25,-5236566.5,-0.91,-58613.5,-0.8312645145,1000178.0,-168842.0,839407.0,771562.0,1169020.0,227041.0,-22074957.0,109921148.245056,109811695.245056,-0.029740359730085302,1.087932013240673,0.3973872650668181,-2.354023288044444,-22.573092825529173,-0.029740359730085302,30.637163738880137,1558.9164600692231,-5.312417755288004,-651.0296504723706,0.0,0.5687287758598667,0.0,0.07049870123118085,0.7936705021761051,-5.171919398347094,0.0,-0.8312645145278236,0.0,0.013696967074221982,-0.3653336968408261,-1.0012588798382613,0.0,0.0,0.0,0.5947475640961833,0.0,-1.0191256254960188,Drug Manufacturers—Specialty & Generic,Healthcare,IXHL
2017Q3,2017,Q3,2017-03-31,2017-03-31,-5172840.0,70511.25,-5236566.5,-0.91,-58613.5,-0.8312645145,250044.5,-42210.5,209851.75,192890.5,292255.0,56760.25,-5518739.25,110351979.674544,110324616.424544,-0.0074350899325213255,1.087932013240673,0.3973872650668181,-2.354023288044444,-90.29237130211669,-0.0074350899325213255,122.54865495552055,1565.026569158028,-5.333239558663327,-2614.3253378790587,0.0,2.274915103439467,0.0,0.2819948049247234,0.7936705021761051,-20.687677593388376,0.0,-0.8312645145278236,-11.780898876404494,0.013696967074221982,-0.3653336968408261,-1.0012588798382613,0.0,-25.10587513910022,-26.09936696496378,0.5947475640961833,0.0,-1.0191256254960188,Drug Manufacturers—Specialty & Generic,Healthcare,IXHL
2017Q2,2017,Q2,2016-12-31,2016-12-31,-198148.5,0.0,-193235.75,-0.0712,0.0,0.0,2646027.0,1706304.0,2410255.0,939723.0,939723.0,121888.0,-20149811.0,57237948.712416,55716171.712416,0.613120966330708,2.5648568780374643,0.1447226351053863,0.22442659690184164,-0.0828678283476696,0.613120966330708,-0.11612731377292675,0.0,-72.21597528169026,33.54498888381906,0.0,0.0,0.0,0.0,2.435150570966125,-0.07488529028615354,0.0,0.0,0.0,0.9681580067195965,0.0,-0.982472319602735,0.0,0.0,0.0,0.9716270796365106,-1.0,-0.9481143466946729,Drug Manufacturers—Specialty & Generic,Healthcare,IXHL
2017Q1,2017,Q1,2016-09-30,2016-09-30,-198148.5,0.0,-193235.75,-0.0712,0.0,0.0,113556.0,-46783.0,76056.0,67932.5,160339.0,0.0,-9604385.0,54285361.718352,54315366.968352,-0.016810391447156844,1.1195819379531151,0.8137526858994681,-1.9752153560053867,-3.7947792950650134,-0.016810391447156844,4.235480837056196,0.0,-68.49075531527112,-1160.3651266133425,0.0,0.0,0.0,0.0,1.1195819379531151,-1.744940822149424,0.0,0.0,0.0,0.9681580067195965,0.0,-1.0023075752974382,0.0,0.0,0.0,0.9716270796365106,-1.0,-1.0057984705705385,Drug Manufacturers—Specialty & Generic,Healthcare,IXHL
2016Q4,2016,Q4,2016-06-30,2016-06-30,-198148.5,0.0,-193235.75,-0.0712,0.0,0.0,454224.0,-187132.0,304224.0,271730.0,641356.0,0.0,-38417540.0,55212962.68142401,55332983.68142401,-0.06724156578862737,1.1195819379531151,0.8137526858994681,-1.9752153560053867,-0.9486948237662534,-0.06724156578862737,1.058870209264049,0.0,-69.66109090079411,-295.0482155987432,0.0,0.0,0.0,0.0,1.1195819379531151,-0.436235205537356,0.0,0.0,0.0,0.9681580067195965,0.0,-1.0023075752974382,0.0,0.0,0.0,0.9716270796365106,-1.0,-1.0057984705705385,Drug Manufacturers—Specialty & Generic,Healthcare,IXHL
2016Q3,2016,Q3,2016-03-31,2016-03-31,-198148.5,0.0,-193235.75,-0.0712,0.0,0.0,113556.0,-46783.0,76056.0,67932.5,160339.0,0.0,-9604385.0,53900241.67564801,53930246.92564801,-0.016810391447156844,1.1195819379531151,0.8137526858994681,-1.9752153560053867,-3.7947792950650134,-0.016810391447156844,4.235480837056196,0.0,-68.0048570587817,-1152.1330755968622,0.0,0.0,0.0,0.0,1.1195819379531151,-1.744940822149424,0.0,0.0,0.7842424242424243,0.9681580067195965,0.0,-1.0023075752974382,0.0,0.6876960533797131,0.6937335562811043,0.9716270796365106,-1.0,-1.0057984705705385,Drug Manufacturers—Specialty & Generic,Healthcare,IXHL
2016Q2,2016,Q2,2015-12-31,2015-12-31,-634473.25,0.0,-630940.0,-0.33,0.0,0.0,1119778.0,196105.0,1101563.0,566238.0,923673.0,0.0,-38034284.0,39389936.882688,39110608.882688,0.10122415649547264,1.9454063485672102,0.680389327170207,3.88508707070192,-0.6322670410351462,0.10122415649547264,-3.2353751816628846,0.0,-15.520724034735903,200.8614613736927,0.0,0.0,0.0,0.0,1.9454063485672102,-0.5666062826738871,0.0,0.0,0.0,-1.1750725475173325,-1.0,-0.9979016952030376,0.0,0.0,0.0,0.6454933307799133,-1.0,-0.9959310946024337,Drug Manufacturers—Specialty & Generic,Healthcare,IXHL
2016Q1,2016,Q1,2015-09-30,2015-09-30,-634473.25,0.0,-630940.0,-0.33,0.0,0.0,1558301.75,118402.0,1558301.75,1439899.75,1439899.75,0.0,-9406236.5,41030223.335136,41234666.585136,0.0611159459339484,1.082229335757576,0.0,0.0,-5.115669521133593,0.0611159459339484,-5.3586362561443215,0.0,-16.167042241393155,346.53319483738454,0.0,0.0,0.0,0.0,0.03562869567829288,-0.40715686162837206,0.0,0.0,0.0,-1.1750725475173325,-1.0,-0.993589531078686,0.0,0.0,0.0,0.6454933307799133,-1.0,-0.98965209125501,Drug Manufacturers—Specialty & Generic,Healthcare,IXHL
2015Q4,2015,Q4,2015-06-30,2015-06-30,-634473.25,0.0,-630940.0,-0.33,0.0,0.0,6233207.0,473608.0,6233207.0,5759599.0,5759599.0,0.0,-37624946.0,37654519.581504,38472292.581504,0.2444637837357936,1.082229335757576,0.1594315735062224,2.0982964814783536,-0.4127808258276052,0.2444637837357936,-1.3396590640360804,0.0,-14.836921643861265,79.5056662503674,0.0,0.0,0.0,0.0,0.03562869567829288,-0.10178921540709301,0.0,0.0,0.0,-1.1750725475173325,-1.0,-0.993589531078686,0.0,0.0,0.0,0.6454933307799133,-1.0,-0.98965209125501,Drug Manufacturers—Specialty & Generic,Healthcare,IXHL
2015Q3,2015,Q3,2015-03-31,2015-03-31,-634473.25,0.0,-630940.0,-0.33,0.0,0.0,1558301.75,118402.0,1558301.75,1439899.75,1439899.75,0.0,-9406236.5,38043691.235424004,38248134.485424004,0.0611159459339484,1.082229335757576,0.0,0.0,-5.115669521133593,0.0611159459339484,-5.3586362561443215,0.0,-14.99026603384146,321.3095322327664,0.0,0.0,0.0,0.0,0.03562869567829288,-0.40715686162837206,0.0,0.0,0.8533333333333333,-1.1750725475173325,-1.0,-0.993589531078686,0.0,0.7877479399684385,0.8091354754241581,0.6454933307799133,-1.0,-0.98965209125501,Drug Manufacturers—Specialty & Generic,Healthcare,IXHL
2015Q2,2015,Q2,2014-12-31,2014-12-31,-2989244.25,0.0,-3305695.5,-2.25,0.0,0.0,8488594.0,2425350.0,762320.0,1563244.0,6063244.0,3469.0,-35482885.0,24337217.056512,24605321.056512,1.8242407740584514,0.4876525993382991,0.11581564626603652,0.40534850640113795,-0.8655941974840324,1.8242407740584514,-1.2325001546168595,0.0,-2.0353988350493606,10.03451751562125,0.0,0.0,0.0,0.0,0.48543349598655106,-0.3521483357550143,0.0,0.0,0.0,0.5272560427653394,0.0,-0.9471477183302174,0.0,0.0,0.0,-0.0055156620220269134,0.0,-0.9478492646455847,Drug Manufacturers—Specialty & Generic,Healthcare,IXHL
2015Q1,2015,Q1,2014-09-30,2014-09-30,-2989244.25,0.0,-3305695.5,-2.25,0.0,0.0,1937467.75,516848.0,114931.75,64229.25,1420619.75,10040.75,-8771763.25,22453862.2656,22586172.5156,0.3887501579526924,1.7893989109323245,0.1194293427593827,0.44769545398260224,-3.9430541592618127,0.3887501579526924,-5.783604173760951,0.0,-1.8778878863445165,43.44384086926911,0.0,0.0,0.0,0.0,1.6291798518587715,-1.5428614231127202,0.0,0.0,0.0,0.5272560427653394,0.0,-0.9523746075246999,0.0,0.0,0.0,-0.0055156620220269134,0.0,-0.9466359683421554,Drug Manufacturers—Specialty & Generic,Healthcare,IXHL
2014Q4,2014,Q4,2014-06-30,2014-06-30,-2989244.25,0.0,-3305695.5,-2.25,0.0,0.0,7749871.0,2067392.0,459727.0,256917.0,5682479.0,40163.0,-35087053.0,20900885.88864,21430126.88864,1.5550006318107696,1.7893989109323245,0.1194293427593827,0.44769545398260224,-0.9857635398154532,1.5550006318107696,-1.4459010434402377,0.0,-1.7480075347339046,10.109783673652602,0.0,0.0,0.0,0.0,1.6291798518587715,-0.38571535577818006,0.0,0.0,0.0,0.5272560427653394,0.0,-0.9523746075246999,0.0,0.0,0.0,-0.0055156620220269134,0.0,-0.9466359683421554,Drug Manufacturers—Specialty & Generic,Healthcare,IXHL
2014Q3,2014,Q3,2014-03-31,2014-03-31,-2989244.25,0.0,-3305695.5,-2.25,0.0,0.0,1937467.75,516848.0,114931.75,64229.25,1420619.75,10040.75,-8771763.25,21413269.177343998,21545579.427343998,0.3887501579526924,1.7893989109323245,0.1194293427593827,0.44769545398260224,-3.9430541592618127,0.3887501579526924,-5.783604173760951,0.0,-1.790859778131546,41.43049634968888,0.0,0.0,0.0,0.0,1.6291798518587715,-1.5428614231127202,0.0,0.0,0.10358565737051785,0.5272560427653394,0.0,-0.9523746075246999,-1.0,0.007563596728580696,-0.023815662756389796,-0.0055156620220269134,0.0,-0.9466359683421554,Drug Manufacturers—Specialty & Generic,Healthcare,IXHL
2014Q2,2014,Q2,2013-12-31,2013-12-31,-3012026.0,8933.75,-3228799.5,-2.51,8933.75,1.0,18768270.0,14183424.0,1372449.0,263360.0,4584846.0,44604.0,-22971020.0,20040876.020592004,19647735.020592004,11.816772600370413,5.211303918590523,0.047723418301207306,0.06315019560862031,-0.19684336087351556,11.816772600370413,-0.21236240275972854,2243.2770136383942,-1.6634049656769232,1.412978701094461,0.0,0.0,0.0,0.0004760028494901235,5.041938791008506,-0.16048501007285168,0.0,1.0,0.0,-0.4933327170022895,0.0,5.173264271247814,0.0,0.0,0.0,-2.3414847616063565,-0.6339381927130764,-0.7550467053476423,Drug Manufacturers—Specialty & Generic,Healthcare,IXHL
2014Q1,2014,Q1,2013-09-30,2013-09-30,-3012026.0,8933.75,-3228799.5,-2.51,8933.75,1.0,4846310.75,3479738.25,515930.0,510122.5,760122.5,3433.5,-5782519.0,19056781.67184,19295718.42184,2.8991078324289603,1.0113845203848095,0.07587328154720578,0.10567044805740777,-0.7714791649342339,2.8991078324289603,-0.8655898184295903,2133.1223362910314,-1.5817245329090783,5.476498604985591,0.0,0.0,0.0,0.0018434125380837373,1.0011364917250267,-0.6215090520144627,0.0,1.0,0.0,-0.4933327170022895,0.0,-0.7979012095495746,0.0,0.0,0.0,-2.3414847616063565,-0.6339381927130764,-0.6959117563293656,Drug Manufacturers—Specialty & Generic,Healthcare,IXHL
2013Q4,2013,Q4,2013-06-30,2013-06-30,-3012026.0,8933.75,-3228799.5,-2.51,8933.75,1.0,19385243.0,13918953.0,2063720.0,2040490.0,3040490.0,13734.0,-23130076.0,19367548.308288004,20323295.308288004,11.596431329715841,1.0113845203848095,0.07587328154720578,0.10567044805740777,-0.19286979123355846,11.596431329715841,-0.21639745460739757,2167.9080238744095,-1.6075183537831348,1.3914515199733775,0.0,0.0,0.0,0.0004608531345209343,1.0011364917250267,-0.15537726300361568,0.0,1.0,0.0,-0.4933327170022895,0.0,-0.7979012095495746,0.0,0.0,0.0,-2.3414847616063565,-0.6339381927130764,-0.6959117563293656,Drug Manufacturers—Specialty & Generic,Healthcare,IXHL
2013Q3,2013,Q3,2013-03-31,2013-03-31,-3012026.0,8933.75,-3228799.5,-2.51,8933.75,1.0,4846310.75,3479738.25,515930.0,510122.5,760122.5,3433.5,-5782519.0,17061802.747056004,17300739.497056004,2.8991078324289603,1.0113845203848095,0.07587328154720578,0.10567044805740777,-0.7714791649342339,2.8991078324289603,-0.8655898184295903,1909.8142154253258,-1.416140062125626,4.903185676984757,0.0,0.0,0.0,0.0018434125380837373,1.0011364917250267,-0.6215090520144627,0.0,1.0,-1.728260869565217,-0.4933327170022895,0.0,-0.7979012095495746,-0.46116497534643164,-2.8483541784051956,-3.02070811943328,-2.3414847616063565,-0.6339381927130764,-0.6959117563293656,Drug Manufacturers—Specialty & Generic,Healthcare,IXHL
2013Q2,2013,Q2,2012-12-31,2012-12-31,-782679.0,16579.75,-803042.5,-0.92,16579.75,1.0,27828608.0,21076857.0,3017880.0,4766465.0,6751751.0,5903.0,-13632731.0,12041941.694976002,11627016.694976002,24.877490775778835,0.6331484653721364,0.052833616399354216,0.06975831358536996,-0.032783702705705506,24.877490775778835,-0.03713452152756931,726.304177986761,-3.8463858411226064,0.5713347912820209,0.0,0.0,0.0,0.0005957807878856176,0.6319100213680369,-0.028124978439453385,0.0,1.0,0.0,0.6994004881500533,0.0,-0.662560265049596,0.0,0.0,0.0,0.8057588450682855,0.0,-0.2792441828861606,Drug Manufacturers—Specialty & Generic,Healthcare,IXHL
2013Q1,2013,Q1,2012-09-30,2012-09-30,-782679.0,16579.75,-803042.5,-0.92,16579.75,1.0,5945561.25,5003814.75,230160.5,570496.5,570496.5,4219.0,-2770493.0,12155780.402582401,12254225.902582401,5.90611566453343,0.4034389343317619,0.03987596629334195,0.047380850779897475,-0.1410404450066096,5.90611566453343,-0.15641646206027113,733.170307307553,-3.8827477173216614,2.4293026440641916,0.0,0.0,0.0,0.0027885929187929904,0.39488848748414757,-0.13164089428899584,0.0,1.0,0.0,0.6994004881500533,0.0,-0.6908139502709496,0.0,0.0,0.0,0.8057588450682855,0.0,-0.2764476855539919,Drug Manufacturers—Specialty & Generic,Healthcare,IXHL
2012Q4,2012,Q4,2012-06-30,2012-06-30,-782679.0,16579.75,-803042.5,-0.92,16579.75,1.0,23782245.0,20015259.0,920642.0,2281986.0,2281986.0,16876.0,-11081972.0,12275670.3371712,12669452.3371712,23.62446265813372,0.4034389343317619,0.03987596629334195,0.047380850779897475,-0.0352601112516524,23.62446265813372,-0.03910411551506778,740.4014136022075,-3.9210424507273105,0.6133155877309008,0.0,0.0,0.0,0.0006971482296982476,0.39488848748414757,-0.03291022357224896,0.0,1.0,0.0,0.6994004881500533,0.0,-0.6908139502709496,0.0,0.0,0.0,0.8057588450682855,0.0,-0.2764476855539919,Drug Manufacturers—Specialty & Generic,Healthcare,IXHL
2012Q3,2012,Q3,2012-03-31,2012-03-31,-782679.0,16579.75,-803042.5,-0.92,16579.75,1.0,5945561.25,5003814.75,230160.5,570496.5,570496.5,4219.0,-2770493.0,12151115.915116802,12249561.415116802,5.90611566453343,0.4034389343317619,0.03987596629334195,0.047380850779897475,-0.1410404450066096,5.90611566453343,-0.15641646206027113,732.8889708902005,-3.881257806558245,2.428370457782595,0.0,0.0,0.0,0.0027885929187929904,0.39488848748414757,-0.13164089428899584,0.0,1.0,0.5892857142857143,0.6994004881500533,0.0,-0.6908139502709496,0.0,0.33709991854334237,0.29133986816354,0.8057588450682855,0.0,-0.2764476855539919,Drug Manufacturers—Specialty & Generic,Healthcare,IXHL
2012Q2,2012,Q2,2011-12-31,2011-12-31,-1180689.25,0.0,-1133184.25,-2.24,0.0,0.0,22853439.0,18470431.0,1363679.0,2898008.0,4383008.0,56506.0,-9547647.0,7631844.4896192,7342304.4896192,34.980154386337034,0.47055736216049093,0.039043357982140016,0.04830829340149128,-0.05972559305978894,34.980154386337034,-0.06392321056287209,0.0,-1.6159722995739987,0.41319255027774937,0.0,0.0,0.0,0.0,0.45105914131361957,-0.05166352643906241,0.0,0.0,0.0,0.2724142813106319,0.0,-0.5255271469684529,0.0,0.0,0.0,-0.3306393818560035,0.0,13.353747799010437,Drug Manufacturers—Specialty & Generic,Healthcare,IXHL
2012Q1,2012,Q1,2011-09-30,2011-09-30,-1180689.25,0.0,-1133184.25,-2.24,0.0,0.0,5020781.75,3846602.0,285525.75,594776.25,802929.75,6012.0,-1987814.0,8046381.2278080005,8067010.2278080005,7.284872335831948,0.4800557352449766,0.04145838444381694,0.05411360468278236,-0.28520809678717585,7.284872335831948,-0.306943439950377,0.0,-1.703746609831503,2.0918153809018976,0.0,0.0,0.0,0.0,0.4544419014713516,-0.2351604409014592,0.0,0.0,0.0,0.2724142813106319,0.0,-0.6186358296668657,0.0,0.0,0.0,-0.3306393818560035,0.0,-0.4921665654554509,Drug Manufacturers—Specialty & Generic,Healthcare,IXHL
2011Q4,2011,Q4,2011-06-30,2011-06-30,-1180689.25,0.0,-1133184.25,-2.24,0.0,0.0,20083127.0,15386408.0,1142103.0,2379105.0,3211719.0,24048.0,-7951256.0,7291870.9365216,7374386.9365216,29.139489343327792,0.4800557352449766,0.04145838444381694,0.05411360468278236,-0.07130202419679396,29.139489343327792,-0.07673585998759425,0.0,-1.5439860523252835,0.4739163901361253,0.0,0.0,0.0,0.0,0.4544419014713516,-0.0587901102253648,0.0,0.0,0.0,0.2724142813106319,0.0,-0.6186358296668657,0.0,0.0,0.0,-0.3306393818560035,0.0,-0.4921665654554509,Drug Manufacturers—Specialty & Generic,Healthcare,IXHL
2011Q3,2011,Q3,2011-03-31,2011-03-31,-1180689.25,0.0,-1133184.25,-2.24,0.0,0.0,5020781.75,3846602.0,285525.75,594776.25,802929.75,6012.0,-1987814.0,7564981.1908704005,7585610.1908704005,7.284872335831948,0.4800557352449766,0.04145838444381694,0.05411360468278236,-0.28520809678717585,7.284872335831948,-0.306943439950377,0.0,-1.601814616096149,1.9666659537093778,0.0,0.0,0.0,0.0,0.4544419014713516,-0.2351604409014592,0.0,0.0,-3.0550458715596327,0.2724142813106319,0.0,-0.6186358296668657,-1.0,-2.9607208749674094,-2.708486237840511,-0.3306393818560035,0.0,-0.4921665654554509,Drug Manufacturers—Specialty & Generic,Healthcare,IXHL
2011Q2,2011,Q2,2010-12-31,2010-12-31,602171.0,6545.25,663268.0,1.09,6545.25,1.0,19325685.0,15529042.0,4391902.0,1281643.0,3796643.0,0.0,-5333492.0,4715573.1813216,2519303.1813216005,48.24092126272887,3.42677485071896,0.10177626304061149,0.12665919765044104,0.03607949340426051,48.24092126272887,0.0387770861847112,720.4573058816088,1.957738408741703,0.30366156401158556,0.0,0.0,0.0,0.0003386813973217508,3.42677485071896,0.031159102510467288,0.0,1.0,0.0,1.6086878452748772,0.0,-0.3456573321089329,0.0,0.0,0.0,1.6086878452748772,0.0,-0.3456573321089329,Drug Manufacturers—Specialty & Generic,Healthcare,IXHL
2011Q1,2011,Q1,2010-09-30,2010-09-30,602171.0,6545.25,663268.0,1.09,6545.25,1.0,4009185.5,3068978.25,427708.5,311457.25,561457.25,0.0,-871455.25,4926954.172608,5010680.672608,9.533771504724982,1.3732494587941042,0.1164674844803265,0.15214827605897827,0.17852353467256618,9.533771504724982,0.19621220841170836,752.7526332237883,2.045496284530474,1.6054053731426738,0.0,0.0,0.0,0.0016325635219422998,1.3690458321326602,0.1501978394364641,0.0,1.0,0.0,1.6086878452748772,0.0,-0.500905617499761,0.0,0.0,0.0,1.6086878452748772,0.0,-0.500905617499761,Drug Manufacturers—Specialty & Generic,Healthcare,IXHL
2010Q4,2010,Q4,2010-06-30,2010-06-30,602171.0,6545.25,663268.0,1.09,6545.25,1.0,16036742.0,12275913.0,1710834.0,1245829.0,2245829.0,0.0,-3485821.0,5645927.360736,6007228.360736,38.135086018899926,1.3732494587941042,0.11811339235862246,0.15429842163267204,0.04446492229348065,38.135086018899926,0.04905305210292709,862.5991918927467,2.343988402271116,0.4599191409010475,0.0,0.0,0.0,0.00040814088048557495,1.3690458321326602,0.03754945985911602,0.0,1.0,0.0,1.6086878452748772,0.0,-0.500905617499761,0.0,0.0,0.0,1.6086878452748772,0.0,-0.500905617499761,Drug Manufacturers—Specialty & Generic,Healthcare,IXHL
2010Q3,2010,Q3,2010-03-31,2010-03-31,602171.0,6545.25,663268.0,1.09,6545.25,1.0,4009185.5,3068978.25,427708.5,311457.25,561457.25,0.0,-871455.25,5208603.895872,5292330.395872,9.533771504724982,1.3732494587941042,0.1164674844803265,0.15214827605897827,0.17852353467256618,9.533771504724982,0.19621220841170836,795.7837967796493,2.1624272407140164,1.6971784977205362,0.0,0.0,0.0,0.0016325635219422998,1.3690458321326602,0.1501978394364641,0.0,1.0,1.2289915966386555,1.6086878452748772,0.0,-0.500905617499761,0.0,1.6218781635328139,1.6890845527695098,1.6086878452748772,0.0,-0.500905617499761,Drug Manufacturers—Specialty & Generic,Healthcare,IXHL
2010Q2,2010,Q2,2009-12-31,2009-12-31,-968310.25,0.0,-962535.0,-4.76,0.0,0.0,15096496.0,7027321.0,439147.0,236037.0,8069175.0,0.0,-7334427.0,3371859.4996800004,9396735.499680001,34.51583765969047,1.860500684214763,0.42127431425146605,0.9050057625089276,-0.0714464264202216,34.51583765969047,-0.13779223263032953,0.0,-0.870552464894387,0.4798214710385366,0.0,0.0,0.0,0.0,1.860500684214763,-0.06414139082340697,0.0,0.0,0.0,-0.5475583017184106,0.0,-0.5318251661129401,0.0,0.0,0.0,-0.5475583017184106,0.0,-0.5318251661129401,Drug Manufacturers—Specialty & Generic,Healthcare,IXHL
2010Q1,2010,Q1,2009-09-30,2009-09-30,-968310.25,0.0,-962535.0,-4.76,0.0,0.0,3660502.75,1661894.25,40847.5,46926.5,1619858.5,0.0,-1706361.25,3482134.1499840003,5051441.899984,8.162665707255018,0.8704569912522775,0.42790112642313954,0.9424987480400754,-0.29628008754854024,8.162665707255018,-0.5826545521774324,0.0,-0.8990233631173481,2.095280220136751,0.0,0.0,0.0,0.0,0.6407466996260109,-0.2645293054348887,0.0,0.0,0.0,-0.5475583017184106,0.0,-0.5726832136999239,0.0,0.0,0.0,-0.5475583017184106,0.0,-0.5726832136999239,Drug Manufacturers—Specialty & Generic,Healthcare,IXHL
2009Q4,2009,Q4,2009-06-30,2009-06-30,-968310.25,0.0,-962535.0,-4.76,0.0,0.0,14642011.0,6647577.0,163390.0,187706.0,6479434.0,0.0,-6825445.0,3757820.775744,10035051.775744,32.65066282902007,0.8704569912522775,0.43228583833190676,0.9521565526807738,-0.07334074411582248,32.65066282902007,-0.1456636380443581,0.0,-0.9702006086747508,0.5652918011696594,0.0,0.0,0.0,0.0,0.6407466996260109,-0.06613232635872217,0.0,0.0,0.0,-0.5475583017184106,0.0,-0.5726832136999239,0.0,0.0,0.0,-0.5475583017184106,0.0,-0.5726832136999239,Drug Manufacturers—Specialty & Generic,Healthcare,IXHL
2009Q3,2009,Q3,2009-03-31,2009-03-31,-968310.25,0.0,-962535.0,-4.76,0.0,0.0,3660502.75,1661894.25,40847.5,46926.5,1619858.5,0.0,-1706361.25,4379176.016880001,5948483.766880001,8.162665707255018,0.8704569912522775,0.42790112642313954,0.9424987480400754,-0.29628008754854024,8.162665707255018,-0.5826545521774324,0.0,-1.1306231698156661,2.635050946761505,0.0,0.0,0.0,0.0,0.6407466996260109,-0.2645293054348887,-9.975344002004558,0.0,-1.8333333333333335,-0.5475583017184106,0.0,-0.5726832136999239,0.0,-2.4795976027935667,-2.536394606872848,-0.5475583017184106,0.0,-0.5726832136999239,Drug Manufacturers—Specialty & Generic,Healthcare,IXHL
2009Q2,2009,Q2,2008-12-31,2008-12-31,-278282.25,0.0,-272179.75,-1.68,0.0,0.0,250084.0,-468909.0,102995.0,454482.0,718993.0,0.0,-13630702.0,3492697.209024,3711895.209024,-2.8315418895907056,0.2266206362408192,1.1222789142848002,-0.5985468395786816,1.4619096040195216,-2.8315418895907056,0.593467495825416,0.0,-3.1377290583786785,-7.448560827418539,0.0,0.0,0.0,0.0,0.2266206362408192,-1.1127551142816015,0.0,0.0,0.0,0.4532059334704821,0.0,-1.038407199236296,0.0,0.0,0.0,0.4532059334704821,0.0,-1.038407199236296,Drug Manufacturers—Specialty & Generic,Healthcare,IXHL
2009Q1,2009,Q1,2008-09-30,2008-09-30,-278282.25,0.0,-272179.75,-1.68,0.0,0.0,2643725.5,2375561.25,317227.25,244614.0,260664.25,0.0,-755263.5,3109027.845792,2853138.345792,14.345003381601671,1.2968482997702502,0.0,0.0,-0.11584511803627663,14.345003381601671,-0.11714379075681589,0.0,-2.793052598388866,1.308755076633785,0.0,0.0,0.0,0.0,1.2968482997702502,-0.10526140100399985,0.0,0.0,0.0,0.4532059334704821,0.0,-0.2490368999135295,0.0,0.0,0.0,0.4532059334704821,0.0,-0.2490368999135295,Drug Manufacturers—Specialty & Generic,Healthcare,IXHL
2008Q4,2008,Q4,2008-06-30,2008-06-30,-278282.25,0.0,-272179.75,-1.68,0.0,0.0,10574902.0,9502245.0,1268909.0,978456.0,1042657.0,0.0,-3021054.0,2572087.869888,1548529.8698880002,57.380013526406685,1.2968482997702502,0.010041889749900283,0.01117546432448332,-0.028328119726307086,57.380013526406685,-0.02928594768920397,0.0,-2.3106826521346586,0.27068212510706685,0.0,0.0,0.0,0.0,1.2968482997702502,-0.02631535025099996,-1.0251446272969311,0.0,0.0,0.4532059334704821,0.0,-0.2490368999135295,0.0,0.0,0.0,0.4532059334704821,0.0,-0.2490368999135295,Drug Manufacturers—Specialty & Generic,Healthcare,IXHL
2008Q3,2008,Q3,2008-03-31,2008-03-31,-278282.25,0.0,-272179.75,-1.68,0.0,0.0,2643725.5,2375561.25,317227.25,244614.0,260664.25,0.0,-755263.5,2696527.8367680004,2440638.3367680004,14.345003381601671,1.2968482997702502,0.0,0.0,-0.11584511803627663,14.345003381601671,-0.11714379075681589,0.0,-2.422475595162825,1.135111896932988,0.0,0.0,0.0,0.0,1.2968482997702502,-0.10526140100399985,0.0,0.0,0.4527687296416938,0.4532059334704821,0.0,-0.2490368999135295,0.0,-0.04169283074593595,-0.03126808618662908,0.4532059334704821,0.0,-0.2490368999135295,Drug Manufacturers—Specialty & Generic,Healthcare,IXHL
2008Q2,2008,Q2,2007-12-31,2007-12-31,-267144.25,0.0,-263927.25,-3.07,0.0,0.0,6655572.0,6408554.0,4243381.0,161542.0,247018.0,0.0,-2267842.0,1479458.266944,-2592338.733056,73.7242482111221,26.26797365391044,0.018887182048364887,0.019615189323519782,-0.04063597821988598,73.7242482111221,-0.04168557368791774,0.0,-1.384512549815315,0.2308567996686928,0.0,0.0,0.0,0.0,26.26797365391044,-0.04013843588499982,0.0,0.0,0.0,0.0,0.0,0.0,0.0,0.0,0.0,0.0,0.0,0.0,Drug Manufacturers—Specialty & Generic,Healthcare,IXHL
2008Q1,2008,Q1,2007-09-30,2007-09-30,-267144.25,0.0,-263927.25,-3.07,0.0,0.0,1703770.5,1660472.75,1243803.25,29885.0,43297.75,0.0,-480032.5,1446216.3737280003,241788.87372800033,19.102141476658307,41.61965032625063,0.0,0.0,-0.15990988494517236,19.102141476658307,-0.1608844529366712,0.0,-1.353403988414499,0.8709666411135023,0.0,0.0,0.0,0.0,41.61965032625063,-0.15679591236026214,0.0,0.0,0.0,0.0,0.0,0.0,0.0,0.0,0.0,0.0,0.0,0.0,Drug Manufacturers—Specialty & Generic,Healthcare,IXHL
2007Q4,2007,Q4,2007-06-30,2007-06-30,-267144.25,0.0,-263927.25,-3.07,0.0,0.0,6815082.0,6641891.0,4975213.0,119540.0,173191.0,0.0,-1920130.0,1524988.01952,-3292721.98048,76.40856590663323,41.61965032625063,0.011791934418397314,0.012099415663400679,-0.03903292018455456,76.40856590663323,-0.0402211132341678,0.0,-1.4271203848856937,0.2296014823971065,0.0,0.0,0.0,0.0,41.61965032625063,-0.039198978090065534,-12.401301289094901,0.0,0.0,0.0,0.0,0.0,0.0,0.0,0.0,0.0,0.0,0.0,Drug Manufacturers—Specialty & Generic,Healthcare,IXHL
2007Q3,2007,Q3,2007-03-31,2007-03-31,-267144.25,0.0,-263927.25,-3.07,0.0,0.0,1703770.5,1660472.75,1243803.25,29885.0,43297.75,0.0,-480032.5,1598197.792128,393770.29212799994,19.102141476658307,41.61965032625063,0.0,0.0,-0.15990988494517236,19.102141476658307,-0.1608844529366712,0.0,-1.4956318469590866,0.9624956459707033,0.0,0.0,0.0,0.0,41.61965032625063,-0.15679591236026214,-93.37176362737709,0.0,0.0,0.0,0.0,0.0,0.0,0.0,0.0,0.0,0.0,0.0,Drug Manufacturers—Specialty & Generic,Healthcare,IXHL
2023Q3,,,,,,,,,,,,,,,,,,0.0,,0.0,0.0,0.0,0.0,0.0,0.0,0.0,0.0,0.0,0.0,0.0,0.0,,0.0,0.0,0.0,0.0,0.0,0.0,1.0,-1.0,1.0,0.0,0.0,0.0,1.0,-1.0,-1.0,Drug Manufacturers—Specialty & Generic,Healthcare,IXHL
