Quarters,Year,Quarter,FillingDate,Date,NetIncome,Revenue,OperatingIncome,EPSDiluted,GrossProfit,GrossProfitRatio,TotalAssets,CommonStockEquity,CurrentAssets,CurrentLiability,TotalLiability,Inventory,RetainedEarnings,MarketCap,EnterpriseValue,bookValuePerShare,currentRatio,debtToAssets,debtToEquity,roic,shareholdersEquityPerShare,roe,priceToSalesRatio,peRatio,pbRatio,payoutRatio,inventoryTurnover,dividendYield,assetTurnover,quickRatio,returnOnAssets,priceToFreeCashFlowsRatio,grossProfitMargin,epsdilutedGrowth,fiveYNetIncomeGrowthPerShare,fiveYRevenueGrowthPerShare,fiveYShareholdersEquityGrowthPerShare,grossProfitGrowth,netIncomeGrowth,operatingIncomeGrowth,threeYNetIncomeGrowthPerShare,threeYRevenueGrowthPerShare,threeYShareholdersEquityGrowthPerShare,Industry,Sector,Symbol
2023Q1,2023,Q1,2023-05-15,2023-03-31,2530189.0,3185689.0,-1464007.0,2.0,1335302.0,0.4191564211,14418722.0,8481524.0,14372989.0,2177998.0,5937198.0,3060919.0,-93191209.0,7743447.4,-1031178.5999999996,6.6923824703710135,6.599174563062041,0.0,0.0,-0.8192583391082567,6.6923824703710135,0.29831773157748537,2.430697849036739,0.7651056304489507,0.9129783043707711,0.0,0.6045200804072242,0.0,0.2209411485983293,4.922581196125984,0.17547942182393142,-4.116962948942613,0.41915642110701956,1.1007556675062973,157.30978784846081,2377.9747038689743,229.00644206704243,0.4262968889192717,1.1043465461934872,-1.2274500086225513,558.4074167973259,6702.078992904415,318.1659441620141,Drug Manufacturers—Specialty & Generic,Healthcare,GHSI
2022Q4,2022,Q4,2023-04-17,2022-12-31,-24247942.0,2726390.0,6436610.0,-19.85,936202.0,0.343385209,21686068.0,13167922.0,21637197.0,4011546.0,8518146.0,3119421.0,-93724300.0,8860891.710749999,-1790791.2892500013,10.78145148688584,5.393730247640186,0.00017555049629098277,0.00028911167608678117,1.3301400955771077,10.78145148688584,-1.8414402819214755,3.2500455586874946,-0.09135715219409134,0.6729149603673229,0.0,0.5738847048859388,0.0,0.12572080840104347,3.135908948819233,-1.1181345553283333,-6.49670263988134,0.3433852090126504,-13.703703703703702,-1650.6129348968877,1575.2059842122214,285.7014887817836,-0.13966571829764085,-13.588589130608735,4.720353712227047,-1468.978463123303,2812.3907831570245,268.0871735299078,Drug Manufacturers—Specialty & Generic,Healthcare,GHSI
2022Q3,2022,Q3,2022-11-14,2022-09-30,-1662117.0,2663550.0,-1730107.0,-1.35,1088184.0,0.4085464887,28228212.0,26494986.0,17811116.0,1733226.0,1733226.0,1952931.0,-84818634.0,8500910.4,-4435620.6,21.50539116375112,10.276280185042227,0.0003355508312039034,0.00035750160426580333,-0.06394490147928782,21.50539116375112,-0.06273326583376945,3.191571549248184,-1.278626955864118,0.32084977889778843,0.0,0.8066675166710959,0.0,0.09435772977757145,8.550382927558207,-0.058881412680335546,-6.613919486877055,0.40854648870867827,0.014598540145985413,-154.5650271187494,6298.668804795814,1257.5272722207808,-0.222472462459201,0.01786334725481993,-0.010825682498840252,-168.83888120920028,4027.372934107537,801.3471155119661,Drug Manufacturers—Specialty & Generic,Healthcare,GHSI
2022Q2,2022,Q2,2022-08-11,2022-06-30,-1692348.0,3275213.0,-1711578.0,-1.37,1399544.0,0.4273138877,29834743.0,28141549.0,19099308.0,1693194.0,1693194.0,1709557.0,-83122522.0,8900578.26,4691110.26,22.85957084208594,11.280047058990286,0.0005055515309784971,0.0005359690754762646,-0.06041196573986241,22.85957084208594,-0.06013698819492843,2.7175570749139064,-1.314826835260833,0.31627890348182325,0.0,1.0971666928917843,0.0,0.10977848879073636,9.587663906203305,-0.05672406831190066,-3.457485887381851,0.42731388767692363,0.5934718100890207,-292.5181140449497,8103.04387846967,16296.717176850585,0.2764239728507365,0.35924621656280536,0.3406333560752772,-83.69915170562031,1913.709519188567,914.8116763254394,Drug Manufacturers—Specialty & Generic,Healthcare,GHSI
2022Q1,2022,Q1,2022-05-12,2022-03-31,-2641183.0,2384619.0,-2595791.0,-3.37,1096457.0,0.4598038513,31620528.0,29794120.0,20567963.0,1826408.0,1826408.0,822328.0,-81420559.0,9067336.86,4255505.859999999,38.050412698574874,11.261428443151804,0.0006526772734471733,0.0006926870134106998,-0.0877578524559346,38.050412698574874,-0.08864779359148718,3.802425821483432,-0.8582647302364129,0.30433309861140384,0.0,1.5664819877226606,0.0,0.07541363635673635,10.418266893268099,-0.08352747936403845,-4.06811899445326,0.45980385126512874,-282.1932773109244,-920.130034202485,9944.909033407757,45198.939930088985,0.030868022094253145,0.8181048541496216,0.8212309474420745,-448.980499098241,2319.1455131282564,3722.6684515290453,Drug Manufacturers—Specialty & Generic,Healthcare,GHSI
2021Q4,2021,Q4,2022-03-31,2021-12-31,-14520360.0,2627489.0,-14520360.0,-0.0119,1063625.0,0.4048066424,23460652.0,22297800.0,12069184.0,1159045.0,1162852.0,367691.0,-78802072.0,39516767925.74999,39512700026.74999,0.01825668841023535,10.4130417714584,0.0011094320822797252,0.0011672900465516777,-0.6504422091049976,0.01825668841023535,-0.651201463821543,15039.746284665698,-680.368254054135,1772.2272119110403,0.0,4.253201737328355,0.0,0.11199556602263228,9.060146068530557,-0.6189239753439078,-24083.3135826798,0.4048066423874658,-3.82084625332854,0.058720889307222704,7.0483248050906955,10.651789529237698,-0.2337139217853268,-3.8163017822528325,-3.8152125107527133,-0.4713703900338161,0.678862966057252,0.0469728962188299,Drug Manufacturers—Specialty & Generic,Healthcare,GHSI
2021Q3,2021,Q3,2021-11-10,2021-09-30,-3014836.0,3148612.0,-3015518.0,-0.0024684462799002727,1388026.0,0.44083742296605616,38613171.0,36643049.0,14866629.0,1970121.0,1970121.0,792633.0,-64281712.0,77555702775.0,77552452830.0,0.030002095632483294,7.54604869447105,0.008129583555828658,0.008566672494966236,-0.08090817957092332,0.030002095632483294,-0.08227579533569927,24631.711616102588,-6431.170947192484,2116.5188184804165,0.0,2.2211868544458784,0.0,0.08154243535191658,6.510912273916171,-0.07807791802439638,2340.8438393173387,0.44083742296605616,0.33598132981872514,0.6047719064971072,12.985327360690643,0.0,1.4852703934281228,0.33598132981872514,0.3358700281947974,0.7900686577272116,0.6007336761240488,0.5718436900937384,Drug Manufacturers—Specialty & Generic,Healthcare,GHSI
2021Q2,2021,Q2,2021-08-16,2021-06-30,-4540288.0,1223720.0,-4540554.0,-0.0037174350522800738,558501.0,0.4563960709966332,41284825.0,39293437.0,16546887.0,1804961.0,1991388.0,956259.0,-61266876.0,107478769200.0,107473621916.0,0.032172144152168056,9.167448493346948,0.008601877324174197,0.009037819725467132,-0.11350337647593568,0.032172144152168056,-0.11554825300723884,87829.54368646423,-5918.0590085915255,2735.2855185460107,0.0,0.6956473089403603,0.0,0.029640915275770213,7.971063640710242,-0.10997474253554423,-2695.972024178942,0.4563960709966332,-0.4866384174441468,0.4971537874883104,5.229569420733441,0.0,4.569304561137592,-0.7007849711090924,-0.7008846143040428,0.6247922506206548,-0.1708880963735906,0.3739389795001149,Drug Manufacturers—Specialty & Generic,Healthcare,GHSI
2021Q1,2021,Q1,2021-05-17,2021-03-31,-2669525.0,233297.0,-2669525.0,-0.0025005643663313566,100282.0,0.4298469333081866,44702470.0,43490346.0,43995621.0,982694.0,1212124.0,288527.0,-56726875.0,128108280000.0,128065345513.0,0.0407377377949341,44.77041785133521,0.008840383987730432,0.009086775258122803,-0.06028639552383069,0.0407377377949341,-0.061382013378325384,549120.9916972786,-11997.29165300943,2945.6716669947855,0.0,0.4610140472122193,0.0,0.005218883878228653,44.158782896812234,-0.059717617393401305,-52935.77458503266,0.4298469333081866,0.45454037180596746,0.518711111360432,0.3703767554655017,0.0,1.1141109977003019,0.20881630306245536,0.2044600481461813,0.8042217731672636,-0.7931798777780152,0.40009065075944805,Drug Manufacturers—Specialty & Generic,Healthcare,GHSI
2020Q4,2020,Q4,2021-03-26,2020-12-31,-3374090.0,200024.0,-3355614.0,-0.004584325286567035,-878811.0,-4.3935277766668,9860900.0,8515266.0,9094883.0,1073731.0,1345634.0,384972.0,-54083328.0,91632722100.0,91624638116.0,0.011569563718112004,8.47035523795066,0.016514212698638054,0.019123888789851076,-0.36822845607509125,0.011569563718112004,-0.3962401174549333,458108.6374635044,-6789.439678550365,10760.993502727924,0.0,2.80237264008811,0.0,0.02028455820462635,7.944243018037106,-0.3421685647354704,-42163.97036323989,-4.3935277766668,-1573.1075085817827,0.6370419148064924,0.01672961023770066,7.116497770193488,-7.318971777817724,-1573.1075085817827,-0.5595393345633857,0.61862797820785,-0.8081040207067822,-0.6923409481021077,Drug Manufacturers—Specialty & Generic,Healthcare,GHSI
2020Q3,2020,Q3,2020-11-12,2020-09-30,-2143.494,253188.0,-2151670.0,-2.912333027810379e-06,139075.0,0.5492953852473261,12159112.0,10688027.0,11334084.0,1157176.0,1471085.0,1284173.0,-50709238.0,44248668696.0,44239347126.0,0.014521661378211965,9.794606870519264,0.013155730451368489,0.014966466682765679,-0.19004562854513304,0.014521661378211965,-0.00020055095294950137,174766.05801222808,-5160810.888204025,4140.022166485919,0.0,0.08886108024386122,0.0,0.02082290219877899,8.484698956770622,-0.00017628705122545133,-24313.109911200907,0.5492953852473261,0.9970290426588553,0.9995337002714625,0.8661879633472171,0.0,-0.7454377390954186,0.9969688698455795,-2.038112128049521,0.9996641790692344,0.0023862330799105935,-0.15017091559625673,Drug Manufacturers—Specialty & Generic,Healthcare,GHSI
2020Q2,2020,Q2,2020-08-12,2020-06-30,-707160.0,1190909.0,-708226.0,-0.0009802675344669058,546330.0,0.4587504166985051,14034003.0,12695640.0,13171331.0,983236.0,1338363.0,1235052.0,-48565744.0,94899499095.00002,94888407882.00002,0.01759873822229683,13.395899865342603,0.011195594015477978,0.01237582351106364,-0.052991076322081436,0.01759873822229683,-0.05570101231603921,79686.60837645867,-33549.514641311725,7474.9677129313695,0.0,0.5219043408698582,0.0,0.08485882467033817,11.836058687843,-0.05038904438028124,-41525.67586566614,0.4587504166985051,0.7263108747008453,0.8674021711145907,9.264114633792452,0.0,2.999048420744428,0.6986850386017718,0.696849871287917,0.790699733613914,4.028606705893216,13.545470023085098,Drug Manufacturers—Specialty & Generic,Healthcare,GHSI
2020Q1,2020,Q1,2020-05-14,2020-03-31,-2346913.0,245723.0,-2336222.0,-0.003581682441329844,136615.0,0.5559715614736919,15283234.0,13739601.0,14303267.0,1148447.0,1543633.0,759085.0,-47858584.0,89442218775.0,89429878148.0,0.020968347634777243,12.454442390462948,0.010097797364091918,0.011232276686928536,-0.16174968277988605,0.020968347634777243,-0.17081376671709753,363996.1207335089,-9527.64533399832,6509.811949779328,0.0,0.1437362087249781,0.0,0.01607794528304677,11.25103988255444,-0.15356128159786075,-50357.55498008888,0.5559715614736919,0.73480631537589,0.3106260391222953,1.3515958209725276,0.0,-0.13807570977917982,0.4213375807956842,0.4283810701519711,0.02190572085212359,0.22470804326368193,25.90711794212369,Drug Manufacturers—Specialty & Generic,Healthcare,GHSI
2019Q4,2019,Q4,2020-03-30,2019-12-31,-4055755.0,238268.0,-4087027.0,-0.013505911524275478,158500.0,0.6652173183138315,12876821.0,12031840.0,11867718.0,410234.0,844981.0,310941.0,-45511671.0,19847384216.4,19836855029.4,0.04006676106279563,28.92914287942979,0.011770607046568404,0.01259724198460086,-0.3200560419360702,0.04006676106279563,-0.33708518397851034,83298.57226484464,-1223.408725157215,1649.5718208021383,0.0,0.25653741385021595,0.0,0.018503635330490344,27.28647308609233,-0.3149655493386139,-10734.553438565654,0.6652173183138315,-0.7002617202942433,-0.06931325314283494,1.9684005822947297,22.182151779484435,0.7579273094284795,-0.7002617202942435,-0.6941128826340276,-0.06931325314283494,1.9684005822947297,22.182151779484435,Drug Manufacturers—Specialty & Generic,Healthcare,GHSI
2019Q3,2019,Q3,2019-11-13,2019-09-30,-2385371.0,161162.0,-2412488.0,-0.007943430921880766,90163.0,0.5594557029572728,8955046.0,8048832.0,6131626.0,458922.0,906214.0,320355.0,-41455916.0,68665408968.0,68660430325.0,0.02680310148560681,13.360932794679705,0.014408077859119874,0.016030276194111147,-0.2755814540583726,0.02680310148560681,-0.2963623790383499,426064.5125277671,-7196.512509794074,8531.102272727272,0.0,0.2216260086466576,0.0,0.017996780809389476,12.152145680529589,-0.2663717193635856,-38157.51877189814,0.5594557029572728,0.5105848181011601,-0.27183932852437787,1.9114433150579075,0.0,-0.4499371621704064,0.21748730787954657,0.14213315297593268,-0.27183932852437787,1.9114433150579075,0.0,Drug Manufacturers—Specialty & Generic,Healthcare,GHSI
2019Q2,2019,Q2,2019-08-12,2019-06-30,-3048348.0,260970.0,-2812194.0,-0.01623045466440524,163914.0,0.6280951833544085,5698141.0,4688088.0,2855557.0,528916.0,1010053.0,318686.0,-39070540.0,70994655900.0,70992893629.0,0.024960995183864253,5.398885645357675,0.021978571607827888,0.026713875678101604,-0.5188837977902463,0.024960995183864253,-0.6502326748132714,272041.44499367743,-5822.387724433037,15143.626975432202,0.0,0.3045505607400388,0.0,0.0457991474763436,4.546213387380983,-0.5349723708135689,-36189.82015873744,0.6280951833544085,-1.1651953054535509,-1.195444584925051,7.639183743440717,0.0,0.09975443822712451,-1.2008159705551733,-1.380203691431096,-1.195444584925051,7.639183743440717,0.0,Drug Manufacturers—Specialty & Generic,Healthcare,GHSI
2019Q1,2019,Q1,2019-05-10,2019-03-31,-1385099.0,242538.0,-1181493.0,-0.0074960695802014,149046.0,0.6145263834945451,3970923.0,1888146.0,544364.0,1569192.0,2082777.0,303819.0,-36018462.0,203993476800.0,203994055205.0,0.010218528634833288,0.346907198099404,0.06021723412919364,0.12664168978458235,-0.42770603045545624,0.010218528634833288,-0.7335762170933815,841078.4157534078,-36819.29537166657,108039.03765916407,0.0,0.3077226901543353,0.0,0.061078494848678756,0.1206888640778184,-0.3488103395608527,-345225.0411237096,0.6145263834945451,0.07227715838621529,-0.44278429541610465,7.231128258156126,0.0,0.16090288812038508,0.06170682635704076,0.12868669482319572,-0.44278429541610465,7.231128258156126,0.0,Drug Manufacturers—Specialty & Generic,Healthcare,GHSI
2018Q4,2018,Q4,2019-02-14,2018-12-31,-1476190.0,234106.0,-1355991.0,-0.008080074397178687,128388.0,0.5484182378922369,3681100.0,3185763.0,1104921.0,495337.0,495337.0,357997.0,-34633363.0,201695390400.0,201694719452.0,0.01743759411171947,2.2306449952254725,0.0,0.0,-0.4256408904240523,0.01743759411171947,-0.4633709412784316,861555.8353908058,-34158.10132841978,63311.486259335674,0.0,0.29530415059344073,0.0,0.06359675097117709,1.4114653256267955,-0.40101871723126237,-219754.1251417757,0.5484182378922369,0.3128224512415784,0.36027045462621815,3.793914076258344,10.218757776916087,-0.23951570866701416,0.31282245124157837,-0.18879630944678524,0.36027045462621815,3.793914076258344,10.218757776916087,Drug Manufacturers—Specialty & Generic,Healthcare,GHSI
2018Q3,2018,Q3,2018-11-14,2018-09-30,-2148193.0,294230.0,-1140642.0,-0.011758350388160383,168824.0,0.5737824151174251,3885710.0,3487138.0,1538805.0,398572.0,398572.0,381268.0,-33157173.0,201695390400.0,201694288610.0,0.019087200477735856,3.8607955400780787,0.0,0.0,-0.32709975917213485,0.019087200477735856,-0.6160332628074943,685502.4654182103,-23472.680341105293,57839.80742947368,0.0,0.32891824123713503,0.0,0.07572103939820522,2.8070235741597505,-0.552844396519555,-211172.8268699221,0.5737824151174251,-0.1867925393476432,-0.8826540583412574,7.736823351248626,0.0,0.2693342957248763,-0.18679253934764317,0.1325797615480668,-0.8826540583412574,7.736823351248626,0.0,Drug Manufacturers—Specialty & Generic,Healthcare,GHSI
2018Q2,2018,Q2,2018-08-10,2018-06-30,-1810083.0,220778.0,-1314982.0,-0.00990767130590804,133002.0,0.6024241545806195,4864516.0,4277987.0,2534395.0,586529.0,586529.0,412357.0,-31008981.0,201695390400.0,201693324035.0,0.023415991999785436,4.321005440481204,0.0,0.0,-0.30738335576989834,0.023415991999785436,-0.4231155915153552,913566.5256502007,-27857.20190731585,47147.265851906515,0.0,0.21286409591688754,0.0,0.045385399081840826,3.5739204711105503,-0.37209930032093635,-181300.8569964674,0.6024241545806195,0.22429258513427053,-0.3401807754330214,6.5135447862782465,0.0,0.16912501538299257,0.2242925851342705,0.4362653935950298,-0.3401807754330214,6.5135447862782465,0.0,Drug Manufacturers—Specialty & Generic,Healthcare,GHSI
2018Q1,2018,Q1,2018-05-11,2018-03-31,-2333461.0,193040.0,-2332626.0,-0.012772433415017699,113762.0,0.5893182760049731,5915789.0,5315788.0,3553372.0,600001.0,600001.0,182919.0,-29199417.0,201695390400.0,201692192051.0,0.029096500125071773,5.92227679620534,0.0,0.0,-0.43881095333372966,0.029096500125071773,-0.4389680325851972,1044837.2896808952,-21609.038076916648,37942.707722730855,0.0,0.4334049497318485,0.0,0.03263131933880671,5.426282622862296,-0.3944462860321759,-134585.52808844813,0.5893182760049731,-0.06254431136552083,-1.4583371523267414,5.6259353332875675,0.0,-0.3134004067862079,-0.0625443113655209,-0.06357340448669226,-1.4583371523267414,5.6259353332875675,0.0,Drug Manufacturers—Specialty & Generic,Healthcare,GHSI
2017Q4,2017,Q4,2018-02-27,2017-12-31,-2196107.0,258739.0,-2193197.0,-0.012020612484954441,165689.0,0.6403711848619651,7370223.0,6870276.0,5079895.0,499947.0,499947.0,154730.0,-26865956.0,201695390400.0,201690685705.0,0.037605146498181946,10.160867051907502,0.004143022538124016,0.004444508488450828,-0.3178172826353308,0.037605146498181946,-0.31965338801527043,779532.2328678707,-22960.56048270872,29357.6837961095,0.0,0.601370128611129,0.0,0.03510599340074242,9.617021404268852,-0.29797022423880526,-134371.50432903317,0.6403711848619651,-0.386096038647221,0.04828339664800594,4.2983372240652,20.88076649284958,4.081861121334805,-0.38609603864722103,-0.3864137336820233,0.04828339664800594,4.2983372240652,20.88076649284958,Drug Manufacturers—Specialty & Generic,Healthcare,GHSI
2017Q3,2017,Q3,2017-11-13,2017-09-30,-1584383.0,62698.0,-1581921.0,-0.008672279661578226,32604.0,0.5200165874509554,3878345.0,3121847.0,1539402.0,756498.0,756498.0,178033.0,-24254404.0,201695390400.0,201694215212.0,0.017087743458910502,2.0349055780715877,0.02438333876950091,0.03029200341977041,-0.4918275445884765,0.017087743458910502,-0.5075146219529657,3216934.9963316214,-31825.54193020248,64607.71152461988,0.0,0.1690360775811226,0.0,0.016166173973692386,1.7493304674962789,-0.4085203869176156,-221369.12900177474,0.5200165874509554,-0.8516480241591006,-0.3885368237010812,0.8617454048757311,0.0,0.0765725606736008,-0.8516480241591003,-0.8529371457486322,-0.3885368237010812,0.8617454048757311,0.0,Drug Manufacturers—Specialty & Generic,Healthcare,GHSI
2017Q2,2017,Q2,2017-08-10,2017-06-30,-855661.0,59977.0,-853737.0,-0.004683546520952122,30285.0,0.5049435616986512,512735.0,-256284.0,414077.0,769019.0,769019.0,108303.0,-22341586.0,201695390400.0,201695263989.0,-0.0014027962435774139,0.5384483348265777,0.3337494027129024,-0.6677162834979944,10.025211662889419,-0.0014027962435774139,3.33872188665699,3362878.943595045,-58929.70183285203,-786999.5411340544,0.0,0.27415676389389027,0.0,0.11697465552380859,0.3890645094594542,-1.6688172252723141,-345815.892806625,0.5049435616986512,-0.27899391788774774,0.3664708068702957,1.0411448407296486,0.0,-0.09075897682238501,-0.27899391788774774,-0.30824879708235003,0.3664708068702957,1.0411448407296486,0.0,Drug Manufacturers—Specialty & Generic,Healthcare,GHSI
2017Q1,2017,Q1,2017-05-11,2017-03-31,-669011.0,55941.0,-652580.0,-0.0036618989781335132,33308.0,0.5954130244364598,643464.0,-153804.0,534520.0,797268.0,797268.0,50024.0,-21387136.0,201695390400.0,201695116046.0,-0.0008418616591249574,0.6704395510668935,0.2649658722166275,-1.1085277365998283,-39.09537502995447,-0.0008418616591249574,4.349763335153832,3605502.053949697,-75370.73022715621,-1311379.355543419,0.0,0.45244282744282743,0.0,0.08693726455559285,0.5603686589703839,-1.0397022988077034,-452662.15056466236,0.5954130244364598,0.7100738367824878,0.29518659338413383,0.9201276858653118,0.0,0.43204780945010535,0.7100738367824879,0.5230954291468803,0.29518659338413383,0.9201276858653118,0.0,Drug Manufacturers—Specialty & Generic,Healthcare,GHSI
2016Q4,2016,Q4,2017-03-30,2016-12-31,-2307522.0,48834.0,-1368366.0,-0.01263045369032886,23259.0,0.47628701314657823,262045.0,-345574.0,137555.0,607619.0,607619.0,43999.0,-20650207.0,201695390400.0,201695399259.0,-0.0018915340367639854,0.22638363843131962,0.27239214638707093,-0.2065519975461117,4.9904848739036085,-0.0018915340367639854,6.677359986573064,4130224.6467625014,-21851.946633661562,-583653.2563213668,0.0,0.581263210527512,0.0,0.18635730504302697,0.10564679511338519,-8.80582342727394,-441039.6931675552,0.47628701314657823,-1.02228834095062,0.0,0.0,0.0,1.177808988764045,-1.0222883409506198,-0.5886718981292819,0.0,0.0,0.0,Drug Manufacturers—Specialty & Generic,Healthcare,GHSI
2016Q3,2016,Q3,2016-09-30,2016-09-30,-1141045.0,33677.0,-861327.0,-0.006245624540559653,10680.0,0.31713038572319385,,,,,,,,201695390400.0,,,0.0,0.0,0.0,0.0,,0.0,5989113.9472043235,-44190.936904328926,0.0,0.0,0.0,0.0,0.0,0.0,0.0,-409946.647588231,0.31713038572319385,0.15517323078335535,0.0,0.0,0.0,-0.35276649900006063,0.15517323078335526,0.13275841237237962,0.0,0.0,0.0,Drug Manufacturers—Specialty & Generic,Healthcare,GHSI
2016Q2,2016,Q2,2016-06-30,2016-06-30,-1350626.0,29384.0,-993180.0,-0.007392787217610106,16501.0,0.5615641165260006,,,,,,,,201695390400.0,,,0.0,0.0,0.0,0.0,,0.0,6864123.005717398,-37333.6864535408,0.0,0.0,0.0,0.0,0.0,0.0,0.0,-588766.1619567217,0.5615641165260006,-0.4229053216224559,0.0,0.0,0.0,0.10841673943709276,-0.42290532162245587,-0.3740369304071974,0.0,0.0,0.0,Drug Manufacturers—Specialty & Generic,Healthcare,GHSI
2016Q1,2016,Q1,2016-03-31,2016-03-31,-949203.0,29134.0,-722819.0,-0.005195558063680964,14887.0,0.5109837303494199,,,,,,,,201695390400.0,,,0.0,0.0,0.0,0.0,,0.0,6923024.315233061,-53122.3011305274,0.0,0.0,0.0,0.0,0.0,0.0,0.0,-552540.154999685,0.5109837303494199,0.0,0.0,0.0,0.0,0.0,0.0,0.0,0.0,0.0,0.0,Drug Manufacturers—Specialty & Generic,Healthcare,GHSI
