Quarters,Year,Quarter,FillingDate,Date,NetIncome,Revenue,OperatingIncome,EPSDiluted,GrossProfit,GrossProfitRatio,TotalAssets,CommonStockEquity,CurrentAssets,CurrentLiability,TotalLiability,Inventory,RetainedEarnings,MarketCap,EnterpriseValue,bookValuePerShare,currentRatio,debtToAssets,debtToEquity,roic,shareholdersEquityPerShare,roe,priceToSalesRatio,peRatio,pbRatio,payoutRatio,inventoryTurnover,dividendYield,assetTurnover,quickRatio,returnOnAssets,priceToFreeCashFlowsRatio,grossProfitMargin,epsdilutedGrowth,fiveYNetIncomeGrowthPerShare,fiveYRevenueGrowthPerShare,fiveYShareholdersEquityGrowthPerShare,grossProfitGrowth,netIncomeGrowth,operatingIncomeGrowth,threeYNetIncomeGrowthPerShare,threeYRevenueGrowthPerShare,threeYShareholdersEquityGrowthPerShare,Industry,Sector,Symbol
2023Q1,2023,Q1,2023-05-15,2023-03-31,1684000.0,6845000.0,3418000.0,0.29,6845000.0,1.0,730064000.0,83697000.0,38739000.0,2030000.0,646367000.0,0.0,75820000.0,58591590.73,21882590.729999997,14.413377747185804,19.083251231527093,0.05654298801200991,0.4932076418509624,0.023582063626076885,14.413377747185804,0.02012019546698209,8.559764898466034,8.69827653355107,0.7000440963236436,0.0,0.0,0.0,0.009375890332902322,339.764039408867,0.002306647088474435,46.76104607342378,1.0,0.44999999999999984,0.9333331840855221,0.49441875729084106,0.15022415232104433,-0.04024116657319125,0.412751677852349,0.5846082522021326,1.4166666123458345,0.34193207441655105,0.047363118429532045,Banks—Regional,Financial Services,LSBK
2022Q4,2022,Q4,2022-12-31,2022-12-31,1192000.0,7132000.0,2157000.0,0.2,7132000.0,1.0,699914000.0,81184000.0,85468000.0,12596000.0,618730000.0,0.0,74859000.0,68862065.75,96775065.75,14.2297630680648,6.785328675770086,0.05364373337295725,0.46248029168309024,0.015059378421628905,14.2297630680648,0.014682696097753252,9.655365360347728,14.442547346895974,0.8482221342875443,0.3875838926174497,0.0,0.006709063908673114,0.010189823321150884,6.785328675770086,0.0017030663767262835,41.06265101371497,1.0,-0.33333333333333326,1.321458580693046,0.6822059898438301,0.1700530937851585,0.016968487095394266,-0.3269339356295878,-0.20581737849779086,0.04465643335714184,0.31186989014154703,0.006595987190484398,Banks—Regional,Financial Services,LSBK
2022Q3,2022,Q3,2022-11-14,2022-09-30,1771000.0,7013000.0,2716000.0,0.3,7013000.0,1.0,695728000.0,78162000.0,93536000.0,0.0,617566000.0,0.0,74129000.0,77625125.7,82899125.7,13.271156094243851,0.0,0.035861716072948045,0.31920882270156853,0.02176792062105214,13.271156094243851,0.022658069138456027,11.068747426208471,10.957809952004515,0.9931312619943194,0.19932241671372106,0.0,0.004547496661895905,0.010080088770324035,0.0,0.002545535036681002,36.239554481792716,1.0,0.03448275862068969,1.004658588834899,0.5284659745822061,0.06403341753108116,0.04702896386981188,0.05166270783847981,0.17524881003894419,0.5034938616530962,0.2835084009469405,-0.024688561210811002,Banks—Regional,Financial Services,LSBK
2022Q2,2022,Q2,2022-08-15,2022-06-30,1684000.0,6698000.0,2311000.0,0.29,6698000.0,1.0,694495000.0,80614000.0,559212000.0,0.0,613881000.0,547200000.0,72711000.0,80471284.57362744,78265284.57362744,13.656334829057801,0.0,0.03592538463199879,0.309499590641824,0.018241472008575937,13.656334829057801,0.020889671769171607,12.014225824668175,11.946449610099087,0.9982296446476723,0.18586698337292162,0.0,0.0038895862251784948,0.009644417886377871,0.0,0.0024247834757629644,30.527801431573383,1.0,0.611111111111111,0.5014544061088108,0.373882323397991,0.06037819805133156,0.08032258064516129,0.5871819038642789,0.33275663206459055,1.1944335871088165,0.3437012969870842,0.03551419735321879,Banks—Regional,Financial Services,LSBK
2022Q1,2022,Q1,2022-05-13,2022-03-31,1061000.0,6200000.0,1734000.0,0.18,6200000.0,1.0,707452000.0,82663000.0,117757000.0,0.0,624789000.0,0.0,71340000.0,84056933.36093588,75240933.36093588,14.173626626110007,0.0,0.031026839983490047,0.2655359713535681,0.013869460463880075,14.173626626110007,0.01283524672465311,13.557569896925143,19.806063468646535,1.0168628450568682,0.294062205466541,0.0,0.003711769957872351,0.008763845462306984,0.0,0.001499748392823824,65.92700655759677,1.0,-0.41935483870967744,0.5160167074372874,0.3220049210843048,0.1040235801142533,-0.036369288156667706,-0.41542699724517906,-0.36506774075430243,0.21281336572347714,0.24131870379303144,0.04676399290486441,Banks—Regional,Financial Services,LSBK
2021Q4,2021,Q4,2022-03-31,2021-12-31,1815000.0,6434000.0,2731000.0,0.31,6434000.0,1.0,714085000.0,87976000.0,554739000.0,0.0,626109000.0,0.0,70591000.0,87237101.10000001,41222101.10000001,15.02620311164833,0.0,0.03073863755715356,0.2494998635991634,0.02032079067456064,15.02620311164833,0.02063062653450941,13.558766101958348,12.016129628099176,0.9916011309902701,1.0534435261707988,0.0,0.021917280330169063,0.00901013184704902,0.0,0.0025417142216962968,41.07208149717515,1.0,0.06896551724137938,14.499999231404994,0.7337030403215095,0.3834462946407774,-0.016809290953545233,0.07332939089296274,0.0,0.8235293395770574,0.2294096018281772,0.10758146148581389,Banks—Regional,Financial Services,LSBK
2021Q3,2021,Q3,2021-11-15,2021-09-30,1691000.0,6544000.0,0.0,0.29,6544000.0,1.0,709308000.0,86491000.0,0.0,0.0,622817000.0,0.0,69032000.0,87751338.44,48721338.44,14.7057098266637,0.0,0.030945654074111668,0.25378363066677456,0.0,14.7057098266637,0.019551167173463134,13.409434358190708,12.973290721466588,1.0145719027413256,0.16558249556475457,0.0,0.0031908345214751352,0.009225893405967507,0.0,0.0023840137147755278,32.71861985085757,1.0,0.7058823529411762,1.2116445771046933,0.44299410335838607,0.10742157437756227,0.07033038927052666,0.702920443101712,0.0,0.6912574835464114,0.340938464115936,0.1614244942554854,Banks—Regional,Financial Services,LSBK
2021Q2,2021,Q2,2021-08-16,2021-06-30,993000.0,6114000.0,0.0,0.17,6114000.0,1.0,710881000.0,86444000.0,0.0,0.0,624437000.0,0.0,67621000.0,88196139.60000001,69345139.60000001,14.603990671718698,0.0,0.03791070516725022,0.31176252834204804,0.0,14.603990671718698,0.011487205589745962,14.425276349362122,22.204466163141994,1.0202690713062792,0.28197381671701915,0.0,0.003174742128962751,0.008600595598982108,0.0,0.0013968582646040617,44.54350484848485,1.0,-0.4137931034482758,0.5250823034793761,0.42351955172647116,0.14420148675577346,0.003940886699507389,-0.41172985781990523,0.0,-0.013182108181294148,0.20702838871369847,0.10050123631428058,Banks—Regional,Financial Services,LSBK
2021Q1,2021,Q1,2021-05-12,2021-03-31,1688000.0,6090000.0,0.0,0.29,6090000.0,1.0,705745000.0,85960000.0,0.0,0.0,619785000.0,0.0,66908000.0,88637533.89,64927533.89,14.537186939328553,0.0,0.04002862223607677,0.328641228478362,0.0,14.537186939328553,0.01963704048394602,14.554603266009853,13.127596843898104,1.0311486027221963,0.15876777251184834,0.0,0.0030235498240800615,0.008629179094432124,0.0,0.0023917987375043394,68.71126658139535,1.0,0.38095238095238093,-0.13494750725292945,0.01859751779934286,0.13517125272189026,-0.02528809218950064,0.3580048270313757,0.0,0.9031155230019078,0.30570251718712327,0.16010444031320162,Banks—Regional,Financial Services,LSBK
2020Q4,2020,Q4,2021-03-29,2020-12-31,1243000.0,6248000.0,0.0,0.21,6248000.0,1.0,686200000.0,85924000.0,0.0,0.0,600276000.0,0.0,65488000.0,76947624.0,63722624.0,14.51652360311996,0.0,0.04335470708248324,0.34623620874260974,0.0,14.51652360311996,0.014466272519901308,12.315560819462227,15.47619147224457,0.8955312136306504,0.20595333869670152,0.0,0.0033269383340543434,0.009105217137860682,0.0,0.0018114252404546778,73.70462068965517,1.0,0.6153846153846153,0.49999993943059945,0.44291237619665597,0.17056969742082484,0.10019369607325233,0.00974817221770918,0.0,1.3333330222395035,0.42046251059596756,0.1936321969376053,Banks—Regional,Financial Services,LSBK
2020Q3,2020,Q3,2020-11-12,2020-09-30,1231000.0,5679000.0,0.0,0.13,5679000.0,1.0,682663000.0,84887000.0,0.0,0.0,597776000.0,0.0,64501000.0,71525229.78753096,31736229.78753096,14.48112857509632,0.0,0.045923098219765826,0.36931450045354414,0.0,14.48112857509632,0.014501631580807426,12.594687407559599,14.525838705834884,0.8425934452570001,0.20389926888708368,0.0,0.003509251221500542,0.008318892337800643,0.0,0.0018032323415799597,52.786147444672295,1.0,-0.43478260869565216,-8.91610699626771e-08,0.18966536701602218,0.16206668743942287,0.005844845908607864,-0.090169992609017,0.0,0.4000000176037465,0.24357486460706235,0.1610446458504003,Banks—Regional,Financial Services,LSBK
2020Q2,2020,Q2,2020-08-12,2020-06-30,1353000.0,5646000.0,0.0,0.23,5646000.0,1.0,677804000.0,84508000.0,0.0,0.0,593296000.0,0.0,63521000.0,72061960.25,25547960.25,14.365734659570268,0.0,0.04772766168390862,0.38280399488805794,0.0,14.365734659570268,0.016010318549723103,12.763365258590152,13.315218080192166,0.8527235320916363,0.1877309682187731,0.0,0.0035247445270544108,0.008329841665142135,0.0,0.0019961522800101502,43.099258522727276,1.0,0.9166666666666669,0.9166665675043165,0.3188742949928802,0.16471904339833546,0.055129882264997196,0.8508891928864569,0.0,0.21052618956029234,0.16212166613154452,0.11546121435056132,Banks—Regional,Financial Services,LSBK
2020Q1,2020,Q1,2020-05-13,2020-03-31,731000.0,5351000.0,0.0,0.12,5351000.0,1.0,628326000.0,83831000.0,0.0,0.0,544495000.0,0.0,62422000.0,63962503.5,53073503.5,13.761586114277094,0.0,0.055146532214169076,0.41333158378165596,0.0,13.761586114277094,0.00871992461022772,11.953373855354139,21.875001196990425,0.7629934451455905,0.3543091655266758,0.0,0.0040492473844461075,0.008516279765599386,0.0,0.001163408803710176,56.45410723742277,1.0,-0.4000000000000001,0.19999993433652885,0.20524968689088516,0.07967493954135356,-0.041726361031518625,-0.37627986348122866,0.0,1.1463594603403489e-09,0.09237148070475827,0.0719285875604152,Banks—Regional,Financial Services,LSBK
2019Q4,2019,Q4,2020-03-27,2019-12-31,1172000.0,5584000.0,0.0,0.2,5584000.0,1.0,610869000.0,82840000.0,0.0,0.0,528029000.0,0.0,61950000.0,79423549.888434,83784549.888434,14.136518771331058,0.0,0.056722472412252055,0.4182761950748431,0.0,14.136518771331058,0.014147754707870594,14.223415094633594,16.941883508624997,0.958758448677378,0.22184300341296928,0.0,0.0032735882539274706,0.00914107607359352,0.0,0.0019185782876525081,65.20816903812315,1.0,0.0,0.42857135678391967,0.31121071930062216,0.12210250857768813,-0.006759160441124155,-0.033003300330033,0.0,9.0,0.5033372024420768,0.30153401814175196,Banks—Regional,Financial Services,LSBK
2019Q3,2019,Q3,2019-11-13,2019-09-30,1212000.0,5622000.0,0.0,0.2,5622000.0,1.0,596815000.0,82459000.0,0.0,0.0,514356000.0,0.0,61038000.0,88173000.0,102265000.0,13.607095709570958,0.0,0.058058192237125404,0.4202088310554336,0.0,13.607095709570958,0.014698213657696552,15.683564567769476,18.1875,1.0692950435974242,0.39603960396039606,0.0,0.005443843353407506,0.00942000452401498,0.0,0.002030780057471746,41.86752136752137,1.0,0.5384615384615385,0.6666665697674419,0.3052622294842982,0.11884938210222136,0.07515777395295467,0.5055900621118012,0.0,0.5384615587846764,0.20316283688725234,0.024689833473881043,Banks—Regional,Financial Services,LSBK
2019Q2,2019,Q2,2019-08-13,2019-06-30,805000.0,5229000.0,0.0,0.13,5229000.0,1.0,578052000.0,81664000.0,0.0,8000000.0,496388000.0,0.0,60306000.0,80697178.31461287,101692178.31461287,13.187974499976422,0.0,0.051292963262820644,0.3630730799373041,0.0,13.187974499976422,0.00985746473354232,15.432621593920992,25.061235501432563,0.9881609805374812,0.32919254658385094,0.0,0.0032838818597454365,0.009045898984866414,11.146625,0.0013926082774560074,54.341534218594525,1.0,-0.13333333333333328,-0.18750004037266874,0.0864821843422769,0.07338314050674336,0.01989467524868344,-0.10356347438752785,0.0,0.18181819428816284,0.1637706549781279,0.033258673561888136,Banks—Regional,Financial Services,LSBK
2019Q1,2019,Q1,2019-05-13,2019-03-31,898000.0,5127000.0,0.0,0.15,5127000.0,1.0,554497000.0,81062000.0,0.0,0.0,473435000.0,0.0,59766000.0,94768938.61,106167938.61,13.54042240866245,0.0,0.04445470399298824,0.30408822876316893,0.0,13.54042240866245,0.011077940341960475,18.484286836356542,26.38333480233853,1.1690920358491033,0.2973273942093541,0.0,0.0028173788154236667,0.00924621774328806,0.0,0.0016194857681826953,436.72321940092166,1.0,-0.11764705882352951,0.0714284564726594,0.1309166188486811,0.11194045235938944,-0.02491441612780525,-0.102,0.0,-0.5454545800682328,-0.1530074933973882,0.05733649379175231,Banks—Regional,Financial Services,LSBK
2018Q4,2018,Q4,2019-03-27,2018-12-31,1000000.0,5258000.0,0.0,0.17,5258000.0,1.0,545708000.0,79804000.0,0.0,0.0,465904000.0,0.0,59145000.0,76023168.98258463,88549168.98258463,13.566679864333201,0.0,0.045170677358587374,0.30888176031276626,0.0,13.566679864333201,0.012530700215528044,14.458571506767711,19.005792245646155,0.952623539955198,0.194,0.0,0.0025518536335211372,0.009635189515271904,0.0,0.0018324818401049645,37.156974087284766,1.0,0.0,-0.05555554702769867,0.1954075284811058,0.21362224918228032,0.01820294345468629,-0.054820415879017016,0.0,0.2142857312624185,0.22185676657445666,0.09397709658148092,Banks—Regional,Financial Services,LSBK
2018Q3,2018,Q3,2018-11-13,2018-09-30,1058000.0,5164000.0,0.0,0.17,5164000.0,1.0,546153000.0,78801000.0,0.0,0.0,467352000.0,0.0,58339000.0,103436919.0387,117835919.0387,12.661787227150384,0.0,0.04513387274261974,0.31281328917145723,0.0,12.661787227150384,0.013426225555513255,20.030387110515104,24.44161602993856,1.3126345990368142,0.21550094517958412,0.0,0.002204241987473504,0.009455225916547195,0.0,0.0019371860998657886,73.67301925833333,1.0,0.06250000000000006,6.616257525509225e-08,0.12417075159997178,0.12342612693088928,0.019747235387045814,0.05168986083499006,0.0,-0.19047617621328533,0.018922709862949576,0.016070057234442707,Banks—Regional,Financial Services,LSBK
2018Q2,2018,Q2,2018-08-10,2018-06-30,1006000.0,5064000.0,0.0,0.16,5064000.0,1.0,543319000.0,78529000.0,0.0,0.0,464790000.0,0.0,57509000.0,86022747.15589839,102598747.15589839,13.270308283005052,0.0,0.04536929501821214,0.31389677698684565,0.0,13.270308283005052,0.012810554062830291,16.987114367278515,21.37742225544195,1.0954264941091623,0.22664015904572565,0.0,0.0026504617387630883,0.009320491276763742,0.0,0.0018515825877615177,56.66847638728484,1.0,0.06666666666666674,0.21428578707043522,0.15356799532593232,0.17031154930565331,0.028850060950832996,0.07478632478632478,0.0,0.41666668074884045,0.17591831643945652,0.07590604554887434,Banks—Regional,Financial Services,LSBK
2018Q1,2018,Q1,2018-05-11,2018-03-31,936000.0,4922000.0,0.0,0.15,4922000.0,1.0,530084000.0,78193000.0,0.0,0.0,451891000.0,0.0,56731000.0,88231160.94624,104568160.94624,12.530929487179487,0.0,0.050840998785098214,0.3446600079290985,0.0,12.530929487179487,0.011970380980394664,17.925875852547744,23.56601521,1.1283767210139015,0.24572649572649571,0.0,0.002606788775454751,0.009285320817078047,0.0,0.0017657578798831884,268.9974419092683,1.0,0.6666666666666666,-0.06250000000000006,0.04748554535286472,0.05916122910085899,0.027771977448319066,0.6137931034482759,0.0,0.4999999999999999,0.08226907928499444,-0.01687709366354663,Banks—Regional,Financial Services,LSBK
2017Q4,2017,Q4,2018-03-28,2017-12-31,580000.0,4789000.0,0.0,0.09,4789000.0,1.0,518977000.0,78375000.0,0.0,0.0,440602000.0,0.0,56181000.0,110522214.6,123193214.6,12.16163876976819,0.0,0.051929083562470016,0.34385964912280703,0.0,12.16163876976819,0.007400318979266348,23.078349258717893,47.63888560344827,1.4101717971291865,0.31724137931034485,0.0,0.0016648236797093643,0.009227769246035952,0.0,0.0011175832455002823,69.37992128060263,1.0,-0.4,-0.39999995862068677,0.00863396850177429,0.042140875397020466,-0.01904956984842278,-0.3829787234042553,0.0,-0.35714284511225997,0.022548886798945133,-0.034655873011115716,Banks—Regional,Financial Services,LSBK
2017Q3,2017,Q3,2017-11-14,2017-09-30,940000.0,4882000.0,0.0,0.15,4882000.0,1.0,512761000.0,78161000.0,0.0,0.0,434600000.0,0.0,55785000.0,83551048.7434045,90761048.7434045,12.472499336569184,0.0,0.05255859942546332,0.34480111564591037,0.0,12.472499336569184,0.012026458208057728,17.114102569316774,22.22102360196928,1.0689608467573917,0.19787234042553192,0.0,0.00222618390549745,0.00952100491262011,0.0,0.0018332127443389805,75.81764858748139,1.0,-0.21052631578947373,-1.1112891111112114e-07,0.07278386579027185,0.07012708818840364,-0.016518936341659952,-0.17688266199649738,0.0,0.24999986083622697,0.09607610822986365,0.02555670025714875,Banks—Regional,Financial Services,LSBK
2017Q2,2017,Q2,2017-08-10,2017-06-30,1142000.0,4964000.0,0.0,0.19,4964000.0,1.0,504922000.0,77408000.0,0.0,0.0,427514000.0,0.0,55031000.0,94665784.5,109542784.5,12.878739730932034,0.0,0.05337458062829507,0.3481552294336503,0.0,12.878739730932034,0.01475299710624225,19.070464242546333,20.723683121716288,1.222945748501447,0.1637478108581436,0.0,0.001975370520486206,0.009831221455987261,0.0,0.002261735475974507,184.8941103515625,1.0,0.5833333333333334,0.1875000623905462,0.065941665822287,0.09632253914719102,0.03459774906210921,0.5949720670391061,0.0,0.1875000623905462,0.06261467622883647,0.0482141968185875,Banks—Regional,Financial Services,LSBK
2017Q1,2017,Q1,2017-05-12,2017-03-31,716000.0,4798000.0,0.0,0.12,4798000.0,1.0,493867000.0,76601000.0,0.0,0.0,417266000.0,0.0,54076000.0,76676212.42787038,77890212.42787038,12.838155707365603,0.0,0.038370654447452454,0.24738580436286733,0.0,12.838155707365603,0.009347136460359525,15.980869618147224,26.772420540457535,1.0009818726631556,0.25977653631284914,0.0,0.0024257849222139257,0.009715166228964478,0.0,0.0014497830387533487,67.2598354630442,1.0,4.999999999999999,-0.3205848244506932,0.057359475294395286,0.13767594177659617,0.0813612801442416,4.114285714285714,0.0,-0.14285723498184486,0.06189313596187434,0.05427026084325282,Banks—Regional,Financial Services,LSBK
2016Q4,2016,Q4,2017-03-31,2016-12-31,140000.0,4437000.0,0.0,0.02,4437000.0,1.0,489174000.0,76030000.0,0.0,0.0,413144000.0,0.0,53546000.0,93453727.8381,97425727.8381,10.861428571428572,0.0,0.038738771888939316,0.24924371958437458,0.0,10.861428571428572,0.0018413784032618704,21.062368230358352,166.88165685375,1.2291691153242141,1.15,0.0,0.0017227777181763975,0.009070392130407586,0.0,0.00028619673163332473,179.37375784664107,1.0,-0.8461538461538461,-0.8057435775127768,-0.17472263197729412,-0.03161006373581684,-0.011804008908685968,-0.8150594451783355,0.0,-0.8888888867745005,-0.1523084060925331,-0.028378976727796382,Banks—Regional,Financial Services,LSBK
2016Q3,2016,Q3,2016-11-08,2016-09-30,757000.0,4490000.0,0.0,0.13,4490000.0,1.0,478431000.0,77326000.0,0.0,0.0,401105000.0,0.0,53567000.0,78784484.88690001,78329484.88690001,13.27923364228225,0.0,0.03960863740016847,0.2450663424979955,0.0,13.27923364228225,0.009789721439101983,17.546655876815148,26.018654189861294,1.0188615069562632,0.5468956406869221,0.0,0.005254841744466852,0.00938484337344361,0.0,0.0015822553304447246,55.48203161049296,1.0,0.18181818181818185,-0.35981635793782013,0.007685472202880399,0.1991374843000045,0.02511415525114155,0.14006024096385541,0.0,-0.23529412774885375,0.044663867680497765,0.17820950168635544,Banks—Regional,Financial Services,LSBK
2016Q2,2016,Q2,2016-08-12,2016-06-30,664000.0,4380000.0,0.0,0.11,4380000.0,1.0,479980000.0,77045000.0,0.0,0.0,402935000.0,0.0,53224000.0,78653822.92,70850822.92,12.763478146778425,0.0,0.03948081170048752,0.24596015315724576,0.0,12.763478146778425,0.008618339931209034,17.957493817351597,29.613638147590358,1.0208816006230124,0.23493975903614459,0.0,0.0019833746690058533,0.009125380224176007,0.0,0.0013833909746239427,71.76443697080292,1.0,-0.6666666666666667,-0.3529412547849136,-0.032216467839126475,0.2535014975349598,-0.2684148989477201,-0.6601842374616171,0.0,-0.21428572233218537,-0.021868497007128913,0.1256140826520858,Banks—Regional,Financial Services,LSBK
2016Q1,2016,Q1,2016-05-12,2016-03-31,1954000.0,5987000.0,0.0,0.33,5987000.0,1.0,474289000.0,75828000.0,0.0,0.0,398461000.0,0.0,52716000.0,78692907.47999999,65553907.47999999,12.806161981702395,0.0,0.039954542483591225,0.24990768581526612,0.0,12.806161981702395,0.025768845281426388,13.143963166861532,10.068181612077789,1.0377816569077385,0.08034800409416581,0.0,0.00199509720796505,0.012623105321860723,0.0,0.004119850976936003,99.7375253231939,1.0,1.357142857142857,0.9766329983580532,0.3676086321392964,0.2853160449354442,0.3737953189536485,1.3429256594724222,0.0,1.0625000422210857,0.34273301219038604,0.0824249133699016,Banks—Regional,Financial Services,LSBK
2015Q4,2015,Q4,2016-03-25,2015-12-31,834000.0,4358000.0,0.0,0.14,4358000.0,1.0,473385000.0,73876000.0,0.0,0.0,399509000.0,0.0,50919000.0,79825716.2,80965716.2,12.401246705006074,0.0,0.04467822174340125,0.2862905409063837,0.0,12.401246705006074,0.011289187286804916,18.317052822395596,23.928572002398084,1.080536523363474,0.18225419664268586,0.0,0.0019041482774695103,0.009206037369160409,0.0,0.0017617795240660351,118.9652998509687,1.0,-0.33333333333333326,-0.10989613307726012,0.002358245428927545,0.2781543367908531,-0.09075735447527644,-0.32524271844660196,0.0,-0.0666666890487605,-0.007059082169008538,0.06267307735664499,Banks—Regional,Financial Services,LSBK
2015Q3,2015,Q3,2015-11-12,2015-09-30,1236000.0,4793000.0,0.0,0.21,4793000.0,1.0,472297000.0,73345000.0,0.0,0.0,398952000.0,0.0,50237000.0,63569609.84280503,56641609.84280503,12.46152973114222,0.0,0.04012305816043718,0.25836798691117324,0.0,12.46152973114222,0.016851864476106072,13.26301060772064,12.85793079344762,0.8667204286973214,0.12297734627831715,0.0,0.0023910796428649743,0.010148275343692633,0.0,0.0026169973554775916,43.96238578340596,1.0,0.75,0.5592743687520565,-0.05423047834899144,0.24357830357556107,0.13069120075489501,0.7682403433476395,0.0,0.39999998684876575,0.12139689667439989,0.06918590778844039,Banks—Regional,Financial Services,LSBK
2015Q2,2015,Q2,2015-08-12,2015-06-30,699000.0,4239000.0,0.0,0.12,4239000.0,1.0,481592000.0,71846000.0,0.0,0.0,409746000.0,0.0,49153000.0,78229750.0,81643750.0,12.334077253218885,0.0,0.039348660276748784,0.2637585947721515,0.0,12.334077253218885,0.009729142888956935,18.45476527482897,27.979166666666668,1.0888532416557637,0.21888412017167383,0.0,0.001955777693268865,0.008802056512566653,0.0,0.0014514360703666174,56.239935298346516,1.0,0.1999999999999999,0.07304684129429893,0.05687624985500519,0.24209624246797068,0.022184711839884255,0.22847100175746923,0.0,-0.25000000000000006,-0.0607490726088361,0.0499573075313591,Banks—Regional,Financial Services,LSBK
2015Q1,2015,Q1,2015-05-12,2015-03-31,569000.0,4147000.0,0.0,0.1,4147000.0,1.0,482947000.0,72525000.0,0.0,0.0,410422000.0,0.0,48607000.0,61951218.43176,57863218.43176,12.746045694200351,0.0,0.039238260098934254,0.2612892106170286,0.0,12.746045694200351,0.007845570492933471,14.938803576503496,27.21934026,0.8542050111238884,0.27065026362038663,0.0,0.002485826815006598,0.00858686356888023,0.0,0.0011781831132608755,62.20001850578313,1.0,-0.28571428571428575,-0.1560718446601941,0.12526827533892929,0.39391694042858705,0.0036302032913843175,-0.2851758793969849,0.0,-0.4338206554121151,-0.041668006034410114,0.1295134495648285,Banks—Regional,Financial Services,LSBK
2014Q4,2014,Q4,2015-03-27,2014-12-31,796000.0,4132000.0,0.0,0.14,4132000.0,1.0,487471000.0,71630000.0,0.0,0.0,415841000.0,0.0,48192000.0,60734227.00406864,52649227.00406864,12.59824183910763,0.0,0.03887410738279816,0.2645539578388943,0.0,12.59824183910763,0.011112662292335613,14.698506051323486,19.074820038966283,0.8478881335204334,0.18592964824120603,0.0,0.002436846689266093,0.00847640167312517,0.0,0.001632917650485875,98.2754482266483,1.0,0.16666666666666682,0.06482640350886461,0.15305673066732056,0.3825487732160778,0.013987730061349693,0.1569767441860465,0.0,0.35979502574197053,-0.05379802695346514,0.12324180298960166,Banks—Regional,Financial Services,LSBK
2014Q3,2014,Q3,2014-11-12,2014-09-30,688000.0,4075000.0,0.0,0.12,4075000.0,1.0,486587000.0,69727000.0,0.0,0.0,416860000.0,0.0,47544000.0,72239995.8,55646995.8,12.161686753586439,0.0,0.03894473136355883,0.2717742051142312,0.0,12.161686753586439,0.009867052935017998,17.727606331288342,26.24999847383721,1.0360404979419737,0.21511627906976744,0.0,0.0020487265864431296,0.00837465859137215,0.0,0.0014139300885555924,89.7391252173913,1.0,-0.25000000000000006,0.17356757653632088,0.17049003918526418,0.28084789374080144,-0.06686512479963362,-0.2347052280311457,0.0,-0.4090612113178342,-0.07113706040149165,0.09822109102027336,Banks—Regional,Financial Services,LSBK
2014Q2,2014,Q2,2014-08-13,2014-06-30,899000.0,4367000.0,0.0,0.16,4367000.0,1.0,490612000.0,69034000.0,0.0,0.0,421578000.0,0.0,47004000.0,69953437.5,53079437.5,12.286362625139043,0.0,0.038625227267168355,0.27450241909783585,0.0,12.286362625139043,0.013022568589390736,16.018648385619418,19.453125,1.0133186183619665,0.1635150166852058,0.0,0.0021013978047897935,0.008901127571278322,0.0,0.001832405240801285,46.11301087673039,1.0,0.14285714285714277,1.668559548022599,0.33513176453454413,0.3421090615170108,0.04174618320610687,0.16,0.0,-0.05882358662613984,0.03662820369366682,0.20664397061365633,Banks—Regional,Financial Services,LSBK
2014Q1,2014,Q1,2014-05-13,2014-03-31,775000.0,4192000.0,0.0,0.14,4192000.0,1.0,487991000.0,67410000.0,0.0,11900000.0,420581000.0,0.0,46252000.0,68587496.46000001,71682496.46000001,12.177290951085984,0.0,0.03883268338965268,0.28111556148939326,0.0,12.177290951085984,0.011496810562231122,16.36152110209924,22.124998858064515,1.0174676822429907,0.1896774193548387,0.0,0.0021432477869451016,0.008590322362502588,14.548235294117648,0.001588144043640149,87.93268776923078,1.0,-0.22222222222222213,1.048366723006104,0.3467200122568419,0.3257054002032985,-0.03985341273476867,-0.2626070409134158,0.0,-0.16142839882414817,0.024261421294067997,0.22219814692655845,Banks—Regional,Financial Services,LSBK
2013Q4,2013,Q4,2014-03-26,2013-12-31,1051000.0,4366000.0,0.0,0.18,4366000.0,1.0,482167000.0,65271000.0,0.0,11650000.0,416896000.0,0.0,45624000.0,71234445.8,80665445.8,11.178667722575305,0.0,0.04044241932774329,0.29875442386358414,0.0,11.178667722575305,0.016102097409262918,16.315722812643152,16.944444766888676,1.091364400729267,0.13891531874405327,0.0,0.002049570237549318,0.009054953988970627,14.576824034334765,0.0021797427032542666,72.68821,1.0,0.058823529411764594,0.22458523502052646,0.1718756000299879,0.2215215603426154,0.01985517402476057,0.06592292089249494,0.0,0.14441926313847972,0.024536131427243944,0.15214727753023585,Banks—Regional,Financial Services,LSBK
2013Q3,2013,Q3,2013-11-12,2013-09-30,986000.0,4281000.0,0.0,0.17,4281000.0,1.0,485434000.0,65370000.0,0.0,11700000.0,420064000.0,0.0,44719000.0,66236000.0,79627000.0,11.270689655172413,0.0,0.042951255989485695,0.3189536484625975,0.0,11.270689655172413,0.015083371577176074,15.472085961224012,16.794117647058822,1.0132476671255928,0.14908722109533468,0.0,0.0022193369164804637,0.008818912560718862,14.66931623931624,0.0020311721057857503,34.80609563846558,1.0,0.21428571428571425,0.18400705882352944,0.25407721828731106,0.30575656949445873,0.009907997169143666,0.2325,0.0,0.2622696658097688,-0.14277609292458718,0.12474033476636698,Banks—Regional,Financial Services,LSBK
2013Q2,2013,Q2,2013-08-13,2013-06-30,800000.0,4239000.0,0.0,0.14,4239000.0,1.0,488962000.0,64795000.0,0.0,13150000.0,424167000.0,0.0,43880000.0,50897400.60144133,61126400.60144133,11.339124433043779,0.0,0.04642487555270144,0.3503356740489235,0.0,11.339124433043779,0.012346631684543561,12.006935739901234,15.905437687950418,0.7855143236583275,0.16875,0.0,0.0026523947864672878,0.008669385351008871,12.789505703422053,0.0016361189622097422,25.30949806138306,1.0,-0.12499999999999993,1.917820904432929,2.4116811038477635,0.3097544165270442,-0.005863039399624765,-0.11699779249448124,0.0,0.2518879189156195,0.07735317332828733,0.14190008397140458,Banks—Regional,Financial Services,LSBK
2013Q1,2013,Q1,2013-05-15,2013-03-31,906000.0,4264000.0,0.0,0.16,4264000.0,1.0,488207000.0,66993000.0,0.0,13650000.0,421214000.0,0.0,43215000.0,62338462.5,73384462.5,11.830993377483443,0.0,0.048954644239021565,0.35675369068410134,0.0,11.830993377483443,0.013523800994133715,14.619714469981238,17.2015625,0.9305220321526131,0.17549668874172186,0.0,0.002550592260757153,0.008734000126995312,12.817362637362637,0.00185577019583906,-368.8666420118343,1.0,0.06666666666666674,0.4545454103343466,0.34381092119890216,0.30378676043756103,0.00827618822416647,0.05226480836236934,0.0,0.35028504854368936,0.16263471672959826,0.29384614543445814,Banks—Regional,Financial Services,LSBK
2012Q4,2012,Q4,2013-03-29,2012-12-31,861000.0,4229000.0,0.0,0.15,4229000.0,1.0,482387000.0,66985000.0,0.0,11200000.0,415402000.0,0.0,42468000.0,59064599.99999999,72898600.0,11.6698606271777,0.0,0.05306942351265685,0.3821751138314548,0.0,11.6698606271777,0.012853623945659476,13.966564199574366,17.15,0.88175860267224,0.26713124274099886,0.0,0.003894041439373161,0.008766820001368195,15.440714285714286,0.0017848739704842793,78.85794392523364,1.0,0.0,0.3312651335311573,0.437899422046143,0.3056575770530787,0.012206797510770704,-0.002317497103128621,0.0,0.14088537500000006,0.16896407733647098,0.2806669136659442,Banks—Regional,Financial Services,LSBK
2012Q3,2012,Q3,2012-11-14,2012-09-30,863000.0,4178000.0,0.0,0.15,4178000.0,1.0,498733000.0,67056000.0,0.0,14150000.0,431677000.0,0.0,41837000.0,58683996.599999994,63314996.599999994,11.655157106324282,0.0,0.05874886963565675,0.43694822238129327,0.0,11.655157106324282,0.012869840133619661,14.045954188606988,16.99999901506373,0.8751490783822476,0.46581691772885286,0.0,0.006850249187016006,0.008377227895487165,1.885583038869258,0.001730384795070709,35.84850128283445,1.0,-0.06250000000000006,0.666666701728433,0.45242906025269064,0.31720576386665467,-0.03599446239040148,-0.035754189944134075,0.0,0.46695947037391783,0.1959036743406986,0.22750106406508394,Banks—Regional,Financial Services,LSBK
2012Q2,2012,Q2,2012-08-14,2012-06-30,895000.0,4334000.0,0.0,0.16,4334000.0,1.0,492119000.0,65711000.0,0.0,14320000.0,426408000.0,0.0,41376000.0,57447812.5,68533812.5,11.747217877094972,0.0,0.06394794754927162,0.4789152501103316,0.0,11.747217877094972,0.013620246229702789,13.255148246423627,16.046875,0.8742495548690478,0.1664804469273743,0.0,0.0025936583747205345,0.008806812986289901,1.549231843575419,0.0018186658105051826,39.72877766251729,1.0,-0.11111111111111106,2.1999999999999997,0.7527159207415314,0.3636453716492471,-0.00046125461254612545,-0.1112214498510427,0.0,1.668559548022599,0.33096458575833493,0.2832152233733507,Banks—Regional,Financial Services,LSBK
2012Q1,2012,Q1,2012-05-15,2012-03-31,1007000.0,4336000.0,0.0,0.18,4336000.0,1.0,494139000.0,64338000.0,0.0,13070000.0,429801000.0,0.0,40630000.0,57014260.0,75209260.0,11.284545304981595,0.0,0.0656495439542315,0.5042121296900743,0.0,11.284545304981595,0.0156517143834126,13.14904520295203,14.15448361469712,0.8861677391277317,0.14597815292949354,0.0,0.002578302340502183,0.008774858895978661,1.242081101759755,0.0020378881245965205,51.878307552320294,1.0,0.7483078023850085,2.5324496012050313,0.6506367439235821,0.2423505618754675,-0.009819593514501028,0.7155025553662692,0.0,1.5841970858379966,0.352494369693773,0.2285148404308046,Banks—Regional,Financial Services,LSBK
2011Q4,2011,Q4,2012-03-30,2011-12-31,587000.0,4379000.0,0.0,0.10295669890304636,4379000.0,1.0,488597000.0,63947000.0,0.0,6910000.0,424650000.0,0.0,39770000.0,54448618.300000004,76155618.30000001,11.215965970618578,0.0,0.06987353585879569,0.5338796190595336,0.0,11.215965970618578,0.00917947675418706,12.434030212377255,23.18936043441227,0.8514647802086104,0.2282793867120954,0.0,0.0024610358202606583,0.008962396412585423,2.0769898697539797,0.0012013991080583794,47.5533784279476,1.0,-0.48521650548476825,0.6276443646211043,0.6413046457143832,0.24373745855371873,0.005280073461891644,-0.4922145328719723,0.0,-0.2995596904313933,0.20370330478196086,0.22559723512592209,Banks—Regional,Financial Services,LSBK
2011Q3,2011,Q3,2011-11-14,2011-09-30,1156000.0,4356000.0,0.0,0.2,4356000.0,1.0,493836000.0,63041000.0,0.0,4650000.0,430795000.0,0.0,39317000.0,39377256.15136878,51361256.15136878,11.073987608713601,0.0,0.07135972266096437,0.5590012848780952,0.0,11.073987608713601,0.018337272568645802,9.039774139432687,8.515842593289095,0.6246293071393026,0.12629757785467127,0.0,0.003707724058750217,0.008820742108716254,5.453548387096774,0.0023408580986400344,27.478894732288055,1.0,0.1764705882352941,1.2562968355353934,0.6339359543556027,0.3045075219085074,0.0006891798759476223,0.171225937183384,0.0,0.414308475225332,0.3000972955996511,0.28296781412501915,Banks—Regional,Financial Services,LSBK
2011Q2,2011,Q2,2011-08-15,2011-06-30,987000.0,4353000.0,0.0,0.17,4353000.0,1.0,483443000.0,59117000.0,0.0,5950000.0,424326000.0,0.0,38307000.0,43071389.27062125,58686389.27062125,10.18225999081621,0.0,0.07556216555002347,0.6179271613918162,0.0,10.18225999081621,0.016695705127120795,9.894644904806167,10.909673067533243,0.7285787382753057,0.22188449848024316,0.0,0.005084581753887811,0.009004163882815554,3.837983193277311,0.0020416057322166213,23.86226552388989,1.0,0.0,0.8888891075000783,0.5227738028523875,0.16490119694699037,0.03470406465414785,0.03894736842105263,0.0,2.114496936001114,2.4481603116225297,0.1761278458444678,Banks—Regional,Financial Services,LSBK
2011Q1,2011,Q1,2011-05-16,2011-03-31,950000.0,4207000.0,0.0,0.17,4207000.0,1.0,483914000.0,56695000.0,0.0,8800000.0,427219000.0,0.0,37539000.0,58098034.470000006,72587034.47,9.963434310310499,0.0,0.08073748641287501,0.6891260252226827,0.0,9.963434310310499,0.016756327718493693,13.809848935108155,15.288956439473687,1.0247470582943823,0.15578947368421053,0.0,0.0025474183653566205,0.008693693507524065,3.0336363636363637,0.0019631587430824484,37.410196052801034,1.0,0.08084043575419002,2.3390114101049377,0.7053099641684312,1.2646612062996712,0.013002648687695642,0.061452513966480445,0.0,0.5177324130069225,0.3193681610602442,0.09797996903581221,Banks—Regional,Financial Services,LSBK
2010Q4,2010,Q4,2011-03-31,2010-12-31,895000.0,4153000.0,0.0,0.1572850111602063,4153000.0,1.0,479047000.0,55210000.0,0.0,5000000.0,423837000.0,0.0,36737000.0,37466658.431445226,53818658.431445226,9.702464207994401,0.0,0.08174563247447536,0.7092917949646803,0.0,9.702464207994401,0.016210831371128418,9.02158883492541,10.465547047889729,0.6786208735998048,0.08715083798882682,0.0,0.00208185099140135,0.008669295497101537,4.9218,0.0018682926727440106,31.405413605570182,1.0,0.20988470123235609,1.0709193136093829,-0.5367041354561761,1.1903759169324741,-0.1650583031765179,0.15038560411311053,0.0,0.3959203425642774,0.4243901104082695,0.08553960616733661,Banks—Regional,Financial Services,LSBK
2010Q3,2010,Q3,2010-11-15,2010-09-30,778000.0,4974000.0,0.0,0.13,4974000.0,1.0,476120000.0,57887000.0,0.0,2350000.0,418233000.0,0.0,35920000.0,46387222.199999996,68352222.19999999,10.020703718706399,0.0,0.09283373939343023,0.7635565843799126,0.0,10.020703718706399,0.013439977887954117,9.325939324487333,14.905919730077121,0.8013409262874219,0.18766066838046272,0.0,0.0031474184716324747,0.010446946148029908,10.236595744680852,0.0016340418381920524,50.58584754634678,1.0,0.18181818181818185,0.7091670483037964,9.58709765470431,0.0,0.24474474474474475,0.1987673343605547,0.0,0.49642257146093716,0.7221420266999206,0.13248826900136026,Banks—Regional,Financial Services,LSBK
2010Q2,2010,Q2,2010-08-16,2010-06-30,649000.0,3996000.0,0.0,0.11,3996000.0,1.0,460441000.0,57628000.0,0.0,2750000.0,402813000.0,0.0,35288000.0,32232690.517713837,57974690.51771384,9.930049565814492,0.0,0.09881830679717922,0.7895467481085583,0.0,9.930049565814492,0.011261886582911084,8.066238868296756,12.416290646268813,0.5593234281549566,0.22496147919876733,0.0,0.004529562926798309,0.008678636350802817,7.804,0.001409518266183941,39.452497573701145,1.0,-0.07167512004928561,0.27346396624982694,8.1422580151414,0.0,0.01395584876934788,-0.09986130374479889,0.0,1.2366218394577655,0.5576469376008703,0.1527040932026355,Banks—Regional,Financial Services,LSBK
2010Q1,2010,Q1,2010-05-17,2010-03-31,721000.0,3941000.0,0.0,0.118493,3941000.0,1.0,432020000.0,55639000.0,0.0,4750000.0,376381000.0,0.0,34785000.0,34817443.079709366,68162443.07970937,9.14404963776488,0.0,0.10948567195963149,0.8501231150811481,0.0,9.14404963776488,0.012958536278509679,8.834672184650943,12.072622427083694,0.6257740627924544,0.22191400832177532,0.0,0.004595397761797262,0.00912226285820101,3.299578947368421,0.0016689042173973427,98.35435898222985,1.0,-0.0987537950674999,0.43738754980638617,8.519503912211754,0.0,0.027640156453715776,-0.09875,0.0,1.3698699792693896,0.40576077437240615,0.006696760770627403,Banks—Regional,Financial Services,LSBK
2009Q4,2009,Q4,2010-03-31,2009-12-31,800000.0,3835000.0,0.0,0.1314768365752782,3835000.0,1.0,425656000.0,55446000.0,0.0,6850000.0,370210000.0,0.0,34224000.0,47825914.92,76014914.92,9.112330850941095,0.0,0.1010205424098333,0.775529343866104,0.0,9.112330850941095,0.014428452909136818,12.47090349934811,14.945598412500003,0.8625674515745049,0.1575,0.0,0.00263455493137485,0.009009622793993272,2.4134306569343065,0.001879451951810852,-87.91528477941176,1.0,0.31476836575278194,0.7311116815744962,-0.5999108096320895,1.0571505975334068,0.07272727272727272,0.3289036544850498,0.0,1.0785197506330453,0.34685974492044813,0.010465549176864285,Banks—Regional,Financial Services,LSBK
2009Q3,2009,Q3,2009-11-16,2009-09-30,602000.0,3575000.0,0.0,0.1,3575000.0,1.0,421886000.0,55901000.0,0.0,3960000.0,365985000.0,0.0,33550000.0,48570436.5103,78202436.51030001,9.495028108347373,0.0,0.10870235087203652,0.8203788840986744,0.0,9.495028108347373,0.010769038120963846,13.586136086797204,20.170447055772424,0.8688652530419849,0.19269102990033224,0.0,0.002388284074313408,0.008473853126199969,4.539393939393939,0.0014269257571950717,52.05834567020365,1.0,0.6666666666666669,0.29765996032367426,6.466321439437456,0.0,0.04015129473377946,0.7005649717514124,0.0,0.1361368067392444,0.2966385897097058,0.11850726456706782,Banks—Regional,Financial Services,LSBK
2009Q2,2009,Q2,2009-08-14,2009-06-30,354000.0,3437000.0,0.0,0.06,3437000.0,1.0,418441000.0,54050000.0,0.0,3450000.0,364391000.0,0.0,33064000.0,28231983.727915984,61748983.72791599,9.154518792423277,0.0,0.11344490621138942,0.8782608695652174,0.0,9.154518792423277,0.006549491211840888,8.214135504194351,19.937841615759876,0.5223308737819793,0.3305084745762712,0.0,0.004144235882521765,0.008213822259291036,4.517101449275362,0.0008459974046520298,5.853614706182041,1.0,-0.14285714285714296,-0.31724139964121484,6.729109853388616,0.0,0.031512605042016806,-0.1259259259259259,0.0,-0.333806181400296,0.18231796577243542,0.047322491115526624,Banks—Regional,Financial Services,LSBK
2009Q1,2009,Q1,2009-05-15,2009-03-31,405000.0,3332000.0,0.0,0.07,3332000.0,1.0,414051000.0,54430000.0,0.0,6650000.0,359621000.0,0.0,32819000.0,27695320.640402384,60049320.640402384,9.185518101697845,0.0,0.1231490806688065,0.9367995590666912,0.0,9.185518101697845,0.007440749586625023,8.311920960504917,17.09587693851999,0.5088245570531394,0.2617283950617284,0.0,0.00382736135740438,0.008047317842488003,3.046315789473684,0.0009781403740118971,-9.337599676467425,1.0,-0.5237723995407577,-0.17091377175686023,7.264544805143265,0.0,-0.11875165300185136,-0.5350172215843858,0.0,0.366942800362898,0.29699060810642497,1.0878429923657753,Banks—Regional,Financial Services,LSBK
2008Q4,2008,Q4,2009-03-31,2008-12-31,871000.0,3781000.0,0.0,0.14698854063161532,3781000.0,1.0,407833000.0,54228000.0,0.0,5500000.0,353605000.0,0.0,32520000.0,41479424.0,81984424.0,9.15142891087398,0.0,0.12740508982843468,0.9581765877406506,0.0,9.15142891087398,0.01606181308549089,10.970490346469187,11.905690011481058,0.7649078704728184,0.1251435132032147,0.0,0.0026278089107505446,0.009270951590479436,2.3972727272727274,0.002135678083921605,545.7818947368421,1.0,0.049918147368680735,0.9353491183162683,-0.5949541463668812,1.0659771643766227,0.0638716938660664,0.00461361014994233,0.0,0.9353491183162683,-0.5949541463668812,1.0659771643766227,Banks—Regional,Financial Services,LSBK
2008Q3,2008,Q3,2008-11-14,2008-09-30,867000.0,3554000.0,0.0,0.14,3554000.0,1.0,388343000.0,52121000.0,0.0,2650000.0,336222000.0,0.0,31758000.0,57365142.0,99546142.0,8.63153969007869,0.0,0.13835707093986502,1.0308704744728612,0.0,8.63153969007869,0.016634370023598934,16.14100787844682,16.54127508650519,1.1006147618042632,0.15570934256055363,0.0,0.002353345521222627,0.009151703519826545,4.982264150943396,0.0022325624512351196,54.42613092979127,1.0,1.9333333333333336,0.8221426154496065,6.236805743548205,0.0,1.6924242424242424,1.9362850971922245,0.0,0.8221426154496065,6.236805743548205,0.0,Banks—Regional,Financial Services,LSBK
2008Q2,2008,Q2,2008-08-14,2008-06-30,-926000.0,1320000.0,0.0,-0.15,1320000.0,1.0,387545000.0,52557000.0,0.0,4055000.0,334988000.0,0.0,31026000.0,52026156.1,98109156.1,8.657443174049908,0.0,0.14231895650827645,1.0494320452080599,0.0,8.657443174049908,-0.017618966074928175,39.41375462121212,-14.045938471922248,0.9898996537093062,-0.1490280777537797,0.0,0.0026525119352417423,0.0034060560709078948,2.6187422934648583,-0.002389399940652053,48.66805996258185,1.0,-2.3636363636363638,-2.736977385046069,1.886975770651646,0.0,-0.6062052505966588,-2.407294832826748,0.0,-2.736977385046069,1.886975770651646,0.0,Banks—Regional,Financial Services,LSBK
2008Q1,2008,Q1,2008-05-15,2008-03-31,658000.0,3352000.0,0.0,0.11,3352000.0,1.0,368090000.0,54281000.0,0.0,10805000.0,313809000.0,0.0,32090000.0,55630907.400000006,102084907.4,9.074331582806431,0.0,0.15329131462414083,1.039498166946077,0.0,9.074331582806431,0.012122105340726958,16.596332756563246,21.136362993920976,1.0248688749286123,0.15501519756838905,0.0,0.001833513145248463,0.009106468526719008,1.0621934289680703,0.0017876062919394713,137.021939408867,1.0,-0.023738902077151288,0.33435704631612234,7.236058778646021,0.0,0.0936378466557912,-0.02373887240356083,0.0,0.33435704631612234,7.236058778646021,0.0,Banks—Regional,Financial Services,LSBK
2007Q4,2007,Q4,2008-03-31,2007-12-31,674000.0,3065000.0,0.0,0.11267477546123937,3065000.0,1.0,357801000.0,53465000.0,0.0,18505000.0,304336000.0,0.0,31534000.0,51503452.98,97898452.97999999,8.937918204799946,0.0,0.15775528855425222,1.0557373982979519,0.0,8.937918204799946,0.01260637800430188,16.803736698205544,19.103654666172105,0.963311567941644,0.0,0.0,0.0,0.00856621418050816,0.6238313969197514,0.0018837286648164763,178.83143395833332,1.0,0.2519419495693264,0.4835512102396517,-0.6747408865321098,1.0177761405370835,0.017934241115908335,0.24354243542435425,0.0,0.4835512102396517,-0.6747408865321098,1.0177761405370835,Banks—Regional,Financial Services,LSBK
2007Q3,2007,Q3,2007-11-14,2007-09-30,542000.0,3011000.0,0.0,0.09,3011000.0,1.0,356371000.0,53287000.0,0.0,27502000.0,303084000.0,0.0,30964000.0,62631108.800000004,111478108.80000001,8.848395160457386,0.0,0.15955843769554762,1.067089534032691,0.0,8.848395160457386,0.010171336348452718,20.80076678844238,28.888887822878228,1.1753543791168577,0.0,0.0,0.0,0.008449060108706937,0.3463020871209367,0.0015208869408565792,140.11433736017898,1.0,0.7999999999999998,0.14216871684524227,5.147633290729214,0.0,0.12771535580524346,0.7947019867549668,0.0,0.14216871684524227,5.147633290729214,0.0,Banks—Regional,Financial Services,LSBK
2007Q2,2007,Q2,2007-08-14,2007-06-30,302000.0,2670000.0,0.0,0.05,2670000.0,1.0,349160000.0,52032000.0,0.0,11225000.0,297128000.0,0.0,30499000.0,72480000.0,103920000.0,8.614569536423842,0.0,0.12233646465803644,0.8209371156211562,0.0,8.614569536423842,0.005804120541205412,27.146067415730336,60.0,1.3929889298892988,0.271523178807947,0.0,0.001131346578366446,0.007646924046282507,1.1323830734966593,0.0008649329820139764,151.63179916317992,1.0,0.0,-0.43063063063063056,4.8692748622627855,0.0,-0.027676620538965767,0.013422818791946308,0.0,-0.43063063063063056,4.8692748622627855,0.0,Banks—Regional,Financial Services,LSBK
2007Q1,2007,Q1,2007-05-15,2007-03-31,298000.0,2746000.0,0.0,0.05,2746000.0,1.0,351959000.0,54136000.0,0.0,11005000.0,297823000.0,0.0,30279000.0,49527933.419088,81975933.419088,9.083221476510067,0.0,0.12110785631280917,0.787368848825181,0.0,9.083221476510067,0.0055046549431062505,18.036392359463946,41.550279714,0.91487981046047,0.2751677852348993,0.0,0.0016556313647521847,0.007802045124574169,1.0507042253521126,0.0008466895291781145,-798.837635791742,1.0,-0.2095490716180371,-0.39347408829174657,5.771780864679256,0.0,-0.01541771244173539,-0.20954907161803712,0.0,-0.39347408829174657,5.771780864679256,0.0,Banks—Regional,Financial Services,LSBK
