Quarters,Year,Quarter,FillingDate,Date,NetIncome,Revenue,OperatingIncome,EPSDiluted,GrossProfit,GrossProfitRatio,TotalAssets,CommonStockEquity,CurrentAssets,CurrentLiability,TotalLiability,Inventory,RetainedEarnings,MarketCap,EnterpriseValue,bookValuePerShare,currentRatio,debtToAssets,debtToEquity,roic,shareholdersEquityPerShare,roe,priceToSalesRatio,peRatio,pbRatio,payoutRatio,inventoryTurnover,dividendYield,assetTurnover,quickRatio,returnOnAssets,priceToFreeCashFlowsRatio,grossProfitMargin,epsdilutedGrowth,fiveYNetIncomeGrowthPerShare,fiveYRevenueGrowthPerShare,fiveYShareholdersEquityGrowthPerShare,grossProfitGrowth,netIncomeGrowth,operatingIncomeGrowth,threeYNetIncomeGrowthPerShare,threeYRevenueGrowthPerShare,threeYShareholdersEquityGrowthPerShare,Industry,Sector,Symbol
2023Q1,2023,Q1,2023-05-10,2023-03-31,2334043.0,0.0,-433939.0,0.0785,0.0,0.0,295613222.0,290443091.0,295613222.0,5170131.0,5170131.0,0.0,-4304479.0,303197972.5,302790158.5,9.771003902439025,57.177124138634014,0.0,0.0,-0.003670532806248451,9.771003902439025,0.008036145710899351,0.0,32.47561982577014,1.0439152518866424,0.0,0.0,0.0,0.0,57.08855075432324,0.00789559744387888,107.04222988955371,0.0,-0.8085365853658536,-0.9676966882864662,0.0,0.25289922795544073,0.0,-0.8063410440647321,-0.048047917496890434,-0.9676966882864662,0.0,0.25289922795544073,Shell Companies,Financial Services,MEKA
2022Q4,2022,Q4,2023-03-06,2022-12-31,12052337.0,0.0,-414045.0,0.41,0.0,0.0,293002456.0,289493039.0,293002456.0,3509417.0,3509417.0,0.0,-2159948.0,296655500.0,295985611.0,9.73904252312868,83.49035067647988,0.0,0.0,-0.0037448052597130674,9.73904252312868,0.04163256236361525,0.0,6.15348500460948,1.0247413928319016,0.0,0.0,0.0,0.0,83.29667805222348,0.04113391117786398,-2037.035383949846,0.0,-0.7853403141361257,1.0888479739850145,0.0,4.934299080342361,0.0,-0.7872968182844511,-0.318513871551219,1.0888479739850145,0.0,4.934299080342361,Shell Companies,Financial Services,MEKA
2022Q3,2022,Q3,2022-11-21,2022-09-30,56662702.0,0.0,-314024.0,1.91,0.0,0.0,290898314.0,277343053.0,290898314.0,13555261.0,13555261.0,0.0,-11877864.0,293385750.0,292570230.0,9.33029614802355,21.46017800763851,0.0,0.0,-0.0023308142269625153,9.33029614802355,0.20430546713567763,0.0,1.2944394621350743,1.0578442359614466,0.0,0.0,0.0,0.0,21.39658830619344,0.19478525406647768,-2741.179960571434,0.0,0.7850467289719625,2.262849373304071,0.0,7.180006898503905,0.0,0.7888175255096387,0.011184724286470011,2.262849373304071,0.0,7.180006898503905,Shell Companies,Financial Services,MEKA
2022Q2,2022,Q2,2022-08-01,2022-06-30,31676066.0,0.0,-317576.0,1.07,0.0,0.0,289924653.0,247301931.0,1786924.0,12180.0,42622722.0,0.0,-40621302.0,294277500.0,293354951.0,8.31966126156434,146.7096880131363,0.0,0.0,-0.0026268577191445423,8.31966126156434,0.1280866100475374,0.0,2.3225540381182435,1.1899522935791391,0.0,0.0,0.0,0.0,75.74293924466338,0.10925620043770476,-2751.748611396832,0.0,-0.5596707818930041,0.0,0.0,0.0,0.0,-0.561601121377596,0.24791716990872964,0.0,0.0,0.0,Shell Companies,Financial Services,MEKA
2022Q1,2022,Q1,2022-05-11,2022-03-31,72253985.0,0.0,-422262.0,2.43,0.0,0.0,289860359.0,231816801.0,1896266.0,18540.0,58043558.0,0.0,-55718202.0,306167500.0,305138009.0,7.798714920100925,102.2797195253506,0.0,0.0,-0.003665959657260443,7.798714920100925,0.3116857134095298,0.0,1.0593446852792963,1.3207304159114854,0.0,0.0,0.0,0.0,55.528101402373245,0.24927170189560138,-1331.4640701375963,0.0,1.5328947368421055,0.0,0.0,0.0,0.0,1.427915685537754,-0.05972700100134768,0.0,0.0,0.0,Shell Companies,Financial Services,MEKA
2021Q4,2021,Q4,2022-02-17,2021-12-31,-168850985.0,0.0,-398463.0,-4.56,0.0,0.0,290267549.0,-91590539.0,2117814.0,32419.0,94352134.0,0.0,-91590637.0,427720000.0,426460561.0,-2.475419972972973,65.32632098460779,0.0,0.0,0.00868047956035155,-2.475419972972973,1.843541776733075,0.0,-0.6332802855725125,-4.669914651337515,0.0,0.0,0.0,0.0,38.84879237484191,-0.5817081019966169,-228.94765014452415,0.0,-2.019867549668874,0.0,0.0,0.0,0.0,-2.0232774894176955,0.9928655185620276,0.0,0.0,0.0,Shell Companies,Financial Services,MEKA
2021Q3,2021,Q3,2021-11-09,2021-09-30,-55850310.0,0.0,-55850310.0,-1.51,0.0,0.0,10653141.0,-55860934.0,4903141.0,10638765.0,66514075.0,0.0,-55860934.0,408850000.0,405144220.0,-1.509754972972973,0.4608750169780045,0.028160708658601253,-0.005370479483926997,1.0052082637775672,-1.509754972972973,0.9998098134198758,0.0,-1.8301151775164721,-7.319068456678509,,0.0,,0.0,0.37652678670879564,-5.2426143613418805,0.0,0.0,0.0,0.0,0.0,0.0,0.0,0.0,0.0,0.0,0.0,0.0,Shell Companies,Financial Services,MEKA
2021Q2,2021,Q2,2021-06-30,2021-06-30,,,,,,,333391.0,14376.0,0.0,319015.0,319015.0,0.0,-10624.0,0.0,11500.0,0.0,0.0,0.0344940325323719,0.7999443516972732,,0.0,,0.0,0.0,0.0,0.0,0.0,,,0.0,,0.0,0.0,0.0,0.0,0.0,0.0,0.0,0.0,0.0,0.0,0.0,0.0,Shell Companies,Financial Services,MEKA
