Quarters,Year,Quarter,FillingDate,Date,NetIncome,Revenue,OperatingIncome,EPSDiluted,GrossProfit,GrossProfitRatio,TotalAssets,CommonStockEquity,CurrentAssets,CurrentLiability,TotalLiability,Inventory,RetainedEarnings,MarketCap,EnterpriseValue,bookValuePerShare,currentRatio,debtToAssets,debtToEquity,roic,shareholdersEquityPerShare,roe,priceToSalesRatio,peRatio,pbRatio,payoutRatio,inventoryTurnover,dividendYield,assetTurnover,quickRatio,returnOnAssets,priceToFreeCashFlowsRatio,grossProfitMargin,epsdilutedGrowth,fiveYNetIncomeGrowthPerShare,fiveYRevenueGrowthPerShare,fiveYShareholdersEquityGrowthPerShare,grossProfitGrowth,netIncomeGrowth,operatingIncomeGrowth,threeYNetIncomeGrowthPerShare,threeYRevenueGrowthPerShare,threeYShareholdersEquityGrowthPerShare,Industry,Sector,Symbol
2023Q1,2023,Q1,2023-05-09,2023-03-31,-713500000.0,1868400000.0,-140900000.0,-1.57,1297700000.0,0.6945514879,43805800000.0,22222400000.0,5659900000.0,3705000000.0,21436300000.0,474500000.0,18896300000.0,8860701408.0,24102701408.0,48.9054737369613,1.527638326585695,0.38095868583612214,0.7509629922960617,-0.003536586730528419,48.9054737369613,-0.03210724314205486,4.7424006679511885,-3.1046606194814297,0.3987283735330117,0.0,1.2027397260273973,0.0,0.04265188627989901,1.205047233468286,-0.016287797506266292,-127.67581279538905,0.694551487904089,0.8092345078979344,-0.06915227587247386,-0.2007232134645818,5.549373536625017,0.03164003497893314,0.8476826847127639,-3.0959302325581395,-2.042304602175761,-0.09854506131699059,1.3280985077278764,Telecom Services,Communication Services,LBTYA
2022Q4,2022,Q4,2023-02-22,2022-12-31,-4684300000.0,1841900000.0,-34400000.0,-8.23,1257900000.0,0.6829360986,42895000000.0,22436400000.0,6297400000.0,3921000000.0,20321600000.0,382700000.0,19617700000.0,10519310590.32,24202210590.32,40.375369502905784,1.6060698801326192,0.35922834829234174,0.6867902158991639,-0.0008918863458160124,40.375369502905784,-0.20878126615678094,5.711119273749932,-0.5614131561983647,0.46885019835267694,-0.042909292743846465,1.5259994773974392,0.01910771606886127,0.04293973656603334,1.3206834991073706,-0.10920386991490849,20.654448439662282,0.6829360985938433,-2.6899383983572895,-3.905720682550339,-0.32848808093404924,3.7933065052876414,-0.003248811410459588,-2.9950170357751276,-1.0539184952978056,-2.833138367248295,-0.2992567043500208,0.8708802611967457,Telecom Services,Communication Services,LBTYA
2022Q3,2022,Q3,2022-11-01,2022-09-30,2348000000.0,1746300000.0,638000000.0,4.87,1262000000.0,0.7226707897,42618400000.0,23376700000.0,5470500000.0,3385000000.0,19129300000.0,30000000.0,24317400000.0,7439189164.97,20615289164.97,48.98958003596749,1.6161004431314623,0.3465686182493946,0.631834262321029,0.01565450096727521,48.98958003596749,0.1004418929960174,4.259972035142874,0.7920772109209966,0.3182309378556426,0.022146507666098807,16.143333333333334,0.006990009105408963,0.040975259512323316,1.320384047267356,0.05509357460627334,30.31454427453138,0.7226707896695871,-0.10968921389396703,9.811300148435995,-0.22208476687012543,4.509685672510265,-0.009108040201005025,-0.15739610995478362,2.3490813648293964,-0.7264559439713272,-0.07992285136259113,1.5378462934874286,Telecom Services,Communication Services,LBTYA
2022Q2,2022,Q2,2022-07-28,2022-06-30,2786600000.0,1754200000.0,190500000.0,5.47,1273600000.0,0.7260289591,44159600000.0,24776000000.0,5604500000.0,3586300000.0,19354000000.0,27000000.0,21969400000.0,10554610277.2,23056310277.2,49.4129850655515,1.5627526977665003,0.33724943160717036,0.6010978366160801,0.004486099105310337,49.4129850655515,0.11247174685179205,6.0167656351613275,0.9469075465800618,0.4260013834840168,0.05347017871240939,17.8,0.014117053693765352,0.0397240917037292,1.3065555028859828,0.06310292665694435,21.27945620403226,0.7260289590696614,1.7079207920792079,8.452097337764592,-0.18486465937181681,4.550229976629469,-0.032586403342195217,1.5904992098168635,-0.3866709594333548,76.118293410884,-0.09732389882365117,7.791680511389917,Telecom Services,Communication Services,LBTYA
2022Q1,2022,Q1,2022-05-10,2022-03-31,1075700000.0,1853300000.0,310600000.0,2.02,1316500000.0,0.7103545028,45547500000.0,25267800000.0,5644100000.0,3953200000.0,20540400000.0,906500000.0,19182800000.0,13273367077.52,28147767077.52,48.56202455906416,1.4277294343822726,0.34508589933585815,0.6220486152336175,0.00685874349716238,48.56202455906416,0.04257196906735054,7.1620175241569095,3.08482083236962,0.5253075882158321,0.0,0.5921676778819636,0.0,0.04068939019704704,0.9302843266214712,0.023617103024315276,46.753670579499826,0.710354502778827,0.7876106194690268,7.153938367146603,-0.1175140406278989,3.994255217674365,-0.024019571502705908,0.685257715807614,-0.6113613613613613,218.16925092138817,-0.0783774902605467,7.265278187330451,Telecom Services,Communication Services,LBTYA
2021Q4,2021,Q4,2022-02-17,2021-12-31,638300000.0,1920800000.0,799200000.0,1.13,1348900000.0,0.7022594752,46917000000.0,25934900000.0,5940500000.0,4084800000.0,21319000000.0,0.0,18144500000.0,15311742615.32,30452342615.32,46.98577713030377,1.4542939678809244,0.34211906132105635,0.618903485265029,0.01768836697560953,46.98577713030377,0.024611623719389703,7.9715444686172425,5.997079200736331,0.5903914268156036,0.0,0.0,0.0,0.04094038408252872,1.0006609870740306,0.013604876697146023,21.946026394324207,0.702259475218659,1.3061224489795917,-0.54893172375006,-0.28046227104995136,3.3082139302159836,-0.02182741116751269,1.3035005413208227,6.912871287128713,33.189291467724715,-0.09713104020083208,6.4481395430796695,Telecom Services,Communication Services,LBTYA
2021Q3,2021,Q3,2021-11-03,2021-09-30,277100000.0,1901400000.0,101000000.0,0.49,1379000000.0,0.7252550752077417,46844800000.0,25908000000.0,5961500000.0,4058700000.0,21252100000.0,0.0,17508400000.0,16448807856.4,31906707856.4,46.93704289941006,1.4688200655382264,0.34633726688981487,0.6262197004786166,0.0023178935793856286,46.93704289941006,0.010695538057742782,8.650892950667929,14.840137005052329,0.6348930004786166,0.0,0.0,0.0,0.04058935036546212,1.039914258260034,0.0059152776829018375,44.8074308264778,0.7252550752077417,-0.9749360613810742,3.7231325451988146,-0.27347714726862377,4.545016470686247,-0.38230683090705486,-0.9750992972807822,-0.8213969938107869,-0.5910349012849497,-0.07591078344463664,5.888724480901259,Telecom Services,Communication Services,LBTYA
2021Q2,2021,Q2,2021-07-29,2021-06-30,11128200000.0,3105500000.0,565500000.0,19.55,2232500000.0,0.718885847689583,48554600000.0,26882100000.0,5500900000.0,4192100000.0,22004600000.0,0.0,17205700000.0,15129530147.2,30687730147.2,48.257799739744186,1.312206292788817,0.33843343370144124,0.6112803687211936,0.012396871908333301,48.257799739744186,0.41396319483968885,4.8718499910481405,0.3398916749159792,0.5628105745905267,0.0,0.0,0.0,0.06395892459210868,1.1134037833066959,0.22918940738879529,20.702695877394635,0.718885847689583,7.248945147679325,78.6339295842173,0.1128451950500748,2.440851829026226,-0.10867568970335768,7.032481593763534,-0.09563409563409564,16.2672809178826,0.44414057725441597,6.437473587417472,Telecom Services,Communication Services,LBTYA
2021Q1,2021,Q1,2021-05-05,2021-03-31,1385400000.0,3615300000.0,625300000.0,2.37,2504700000.0,0.6928055763007219,57447400000.0,13796000000.0,4116500000.0,4147800000.0,43959300000.0,0.0,6077500000.0,14757439353.0,28133139353.0,23.988264598765586,0.9924538309465258,0.24899995474120673,1.0368512612351406,0.01989698472090093,23.988264598765586,0.10042041171354016,4.081940462202307,2.663028611411866,1.0696897182516671,0.0,0.0,0.0,0.06293235202985688,0.8101644245142003,0.024115973917009297,42.725649545454544,0.6928055763007219,2.3591799290538575,7.912937020394341,0.3921146626889734,1.2974218340044783,0.052262319875645925,2.344395924308588,-0.03532860228324591,2.6402117015799944,0.2219426340023479,2.2124850931354225,Telecom Services,Communication Services,LBTYA
2020Q4,2020,Q4,2021-03-30,2020-12-31,-1030500000.0,3426900000.0,648200000.0,-1.7436984974092338,2380300000.0,0.6945927806472322,59092700000.0,13662600000.0,4849100000.0,4467000000.0,45794300000.0,0.0,4692100000.0,14313661471.34,27984161471.34,23.11834555138612,1.0855383926572644,0.25379953869090427,1.0977193213590386,0.0222238168068932,23.11834555138612,-0.07542488252601993,4.176854145536782,-3.4725039959582724,1.0476528238651501,0.0,0.0,0.0,0.05799193470597891,0.8995074994403403,-0.01743870224240896,12.967622278800507,0.6945927806472322,-0.007918206594932826,-5.117997953350363,0.28239637402616335,1.099671487155173,0.11531252928497798,-0.007232919558205454,-0.020993807581936263,-0.014766621175244129,0.1747600542422869,1.7445771391633096,Telecom Services,Communication Services,LBTYA
2020Q3,2020,Q3,2020-11-04,2020-09-30,-1023100000.0,2954500000.0,662100000.0,-1.73,2134200000.0,0.72235572854967,51163400000.0,13095700000.0,7755500000.0,4239400000.0,38398400000.0,0.0,5722600000.0,12416598988.970001,20638098988.97,22.159099866591074,1.8293862339010238,0.23451725256726488,0.9162320456332995,0.02263643388451706,22.159099866591074,-0.07812488068602672,4.202605851741412,-3.03406289438227,0.9481432064700628,0.0,0.0,0.0,0.05774635774792137,1.6148039816955229,-0.019996716402741022,15.72716781376821,0.72235572854967,-1.0116279069767442,-17.420726598276538,0.137779523112443,0.8128106857070296,0.06290153892126102,-0.9517359786341091,0.25683371298405466,-2.100008406733475,0.06267460045372727,1.4921559842122423,Telecom Services,Communication Services,LBTYA
2020Q2,2020,Q2,2020-08-03,2020-06-30,-524200000.0,2722900000.0,526800000.0,-0.86,2007900000.0,0.7374123177494583,47340200000.0,12934000000.0,8639800000.0,4349700000.0,34789700000.0,0.0,6745700000.0,13393220825.279999,21276220825.28,21.110473999377895,1.9862979056026853,0.2586300860579381,0.9466213081799907,0.015928058315791707,21.110473999377895,-0.040528838719653626,4.918734006125821,-6.387457471041587,1.0355049346899645,0.0,0.0,0.0,0.05751771221921327,1.7265098742442007,-0.011073041516512394,15.938618142663334,0.7374123177494583,-1.5733333333333333,-0.8404221171499653,0.03077946324498555,0.6248152449681482,-0.006334438560894739,-1.5519056643503895,0.8774055595153243,-0.1472448917010911,0.03547004013273072,1.371198288400682,Telecom Services,Communication Services,LBTYA
2020Q1,2020,Q1,2020-05-06,2020-03-31,949800000.0,2875800000.0,280600000.0,1.5,2020700000.0,0.7026566520620349,47256000000.0,13244100000.0,9762900000.0,8160000000.0,34343800000.0,0.0,7269900000.0,10409105416.19,32367105416.190002,21.00661702012383,1.1964338235294119,0.5797888098865752,2.068732492204076,0.006400335380198726,21.00661702012383,0.07171495231839083,3.6195512261596776,2.7398150705911775,0.7859428285946196,0.0,0.0,0.0,0.06085576434738446,1.0209436274509804,0.020099035043169122,102.05005309990197,0.7026566520620349,1.6820837746123332,3.797073178644055,0.007786034340718125,0.6182610290596441,-0.05220450281425891,1.6850342589253515,-0.006725663716814159,5.484339161671217,0.13012132739456309,1.1603795890107413,Telecom Services,Communication Services,LBTYA
2019Q4,2019,Q4,2020-02-13,2019-12-31,-1386500000.0,2982200000.0,282500000.0,-2.1991433542786365,2132000000.0,0.7149084568439407,49046300000.0,13606200000.0,10573300000.0,8651700000.0,35847700000.0,0.0,6350400000.0,14336950767.06,34377050767.06,21.580947931472043,1.22210663800178,0.5746101133011052,2.0712983786803076,0.008444463597726687,21.580947931472043,-0.10190207405447517,4.807508137301321,-2.585097505780743,1.0537071898884331,0.0,0.0,0.0,0.060803771130544,1.1035056694060128,-0.028269206851485228,12.45716462512816,0.7149084568439407,-3.4434926158651513,-2.989561727194188,-0.026837706499848065,0.3926127738368298,0.045559315384238144,-1.1079164688392655,0.3529693486590038,-1.8578061261864842,-0.021952336710337295,0.9787975464955895,Telecom Services,Communication Services,LBTYA
2019Q3,2019,Q3,2019-11-06,2019-09-30,12847900000.0,2840900000.0,208800000.0,0.9,2039100000.0,0.7177654968495899,48178600000.0,13787300000.0,9792700000.0,7747800000.0,34817000000.0,0.0,7736900000.0,17677303875.0,37772003875.0,19.303604068411705,1.2639329874286895,0.5703092244274429,1.99289926236464,0.005753855922034882,19.303604068411705,0.9318648321281179,6.2224308757788025,0.34397263122767147,1.2821439930225642,0.0,0.0,0.0,0.05896601395640388,1.1103926275846046,0.26667234000157747,48.2195959492635,0.7177654968495899,2.8,99.41776434146344,-0.22434547511349895,0.547590976428366,-0.012111816287970544,241.4132075471698,0.4041694687289845,98.57571484787087,-0.16110216053621318,1.2804760566689704,Telecom Services,Communication Services,LBTYA
2019Q2,2019,Q2,2019-08-08,2019-06-30,53000000.0,2850400000.0,148700000.0,-0.5,2064100000.0,0.7241439797923098,53987000000.0,4133500000.0,4071400000.0,10333200000.0,50316300000.0,0.0,-5111000000.0,20173188954.49,48820288954.490005,5.620425469457782,0.39401153563271785,0.554135254783559,7.237474295391315,0.004741326809416947,5.620425469457782,0.012822063626466675,7.077318605981617,95.15655167212263,4.880413440060481,0.0,0.0,0.0,0.052797895789727156,0.24846127046800603,0.000981717820956897,14.50578050944848,0.7241439797923098,-0.16279069767441862,1.2546145364082593,-0.2564436232832542,-0.5662316042728823,-0.0016927839040433352,6.571428571428571,0.409478672985782,-0.7127261990142222,-0.22632964280554493,-0.5992554289506463,Telecom Services,Communication Services,LBTYA
2019Q1,2019,Q1,2019-05-06,2019-03-31,7000000.0,2868000000.0,105500000.0,-0.43,2067600000.0,0.7209205020920502,53437600000.0,4360100000.0,3677200000.0,10175200000.0,49588000000.0,0.0,-5164000000.0,18478064904.0,47578364904.0,5.875425298268018,0.36138847393663026,0.562145380780574,6.889681429325015,0.0033723573951352976,5.875425298268018,0.0016054677645008142,6.442839924686193,659.9308894285713,4.23799107910369,0.0,0.0,0.0,0.053670075003368414,0.2160448934664675,0.00013099390691198706,42.56637849343469,0.7209205020920502,-13.713112063745022,1.1060619885376328,-0.24470899800152557,-0.5531495543632239,-0.010859685212648903,-0.7211155378486056,-0.5714865962632006,1.027069651896167,-0.14413152962311526,-0.43729441916370093,Telecom Services,Communication Services,LBTYA
2018Q4,2018,Q4,2019-02-27,2018-12-31,25100000.0,2860200000.0,246200000.0,0.0338233469384939,2090300000.0,0.7308230193692749,53153600000.0,4681400000.0,4141400000.0,10306100000.0,49005300000.0,0.0,-5172200000.0,15836221086.4,44160921086.4,6.308391089954795,0.40183968717555624,0.5607371843111285,6.366727901909685,-0.006381625039819287,6.308391089954795,0.005361643952663733,5.536753054471715,157.73128572111554,3.382795976929978,0.0,0.0,0.0,0.05381009000331116,0.27387663616693025,0.00047221636916408295,10.901983399697095,0.7308230193692749,1.0603988338187391,1.247262948949568,-0.18173432522682398,-0.5352175544075726,-0.0319548001667207,-0.9742326249871677,0.18024928092042186,1.1186737085870182,-0.1476132035165764,-0.42705463624287526,Telecom Services,Communication Services,LBTYA
2018Q3,2018,Q3,2018-11-07,2018-09-30,974100000.0,2958100000.0,208600000.0,-0.56,2159300000.0,0.7299617998039282,53720200000.0,5406900000.0,3575100000.0,10033000000.0,48904800000.0,0.0,-5197300000.0,22409703994.16,51191903994.16,6.813604322475275,0.35633409747832157,0.553449168096917,5.49878858495626,0.020407506775245925,6.813604322475275,0.18015868612328692,7.575708729982083,5.751386919761831,4.144649243403799,0.0,0.0,0.0,0.05506494763608475,0.2242001395395196,0.018132843883678765,37.96967806533379,0.7299617998039282,-1.7,1.6621120297493193,-0.6181695820692773,-0.7435934756482482,-0.030443177225988955,0.06738987508218278,-0.20954907161803712,10.643485429761228,-0.15161663240259599,-0.44258680188605676,Telecom Services,Communication Services,LBTYA
2018Q2,2018,Q2,2018-08-08,2018-06-30,912600000.0,3045100000.0,263900000.0,0.8,2227100000.0,0.7313717119306427,55710900000.0,5118200000.0,3571500000.0,9984900000.0,50959000000.0,0.0,-6171400000.0,21723965678.34,52680065678.34,6.488466704794153,0.3576901120692245,0.5711359895460314,6.216736352623969,0.008295938862056977,6.488466704794153,0.17830487280684615,7.134072995415586,5.951119241272189,4.24445423749365,0.0,0.0,0.0,0.0546589626087534,0.2189305851836273,0.016380995460493368,11.845128505092694,0.7313717119306427,1.5442176870748299,33.814244518419926,-0.5983078326472249,-0.8227499197903716,-0.2937688282860314,1.7691529709228824,-0.46481443926181304,3.4886314852365654,-0.10464487378360399,-0.5006005256571471,Telecom Services,Communication Services,LBTYA
2018Q1,2018,Q1,2018-05-08,2018-03-31,-1186500000.0,4156100000.0,493100000.0,-1.47,3153500000.0,0.7587642260773321,58311600000.0,6032600000.0,3457800000.0,10388800000.0,52676900000.0,0.0,-7084000000.0,25294720670.92,67306520670.92,7.467198727248494,0.33283921145849377,0.7299868293787171,7.056111792593575,0.02898995041018486,7.467198727248494,-0.19668136458575075,6.086167481754529,-5.329692513889591,4.1930047858170605,0.0,0.0,0.0,0.07127398322117726,0.20969698136454643,-0.020347580927294055,39.94113480328438,0.7587642260773321,0.1445155596888057,-423.3783948460549,-0.4629032825950636,0.3506697898295369,0.03247880037979242,0.1452960668491572,-0.005445744251714401,-1.7268353746373406,0.1366196455299509,-0.42475855655511063,Telecom Services,Communication Services,LBTYA
2017Q4,2017,Q4,2018-02-14,2017-12-31,-1388200000.0,3987700000.0,495800000.0,-1.7183246482721148,3054300000.0,0.7659302354740828,57596800000.0,6805000000.0,4331600000.0,9965800000.0,51203800000.0,0.0,-6217600000.0,28954416762.88,69496916762.88,8.423281394245599,0.4346464909992173,0.7329382882382355,6.203512123438648,0.01055097214211277,8.423281394245599,-0.20399706098457016,7.260931555252402,-5.214381350468233,4.2548738813930935,0.0,0.0,0.0,0.0692347491527307,0.3223825483152381,-0.024102033446302573,19.39604552711683,0.7659302354740828,-2.0769920086241833,-0.5494277748755526,-0.45990675117615115,0.13861418101885295,0.023421793325291516,-2.015204170286707,-0.07723804206216267,-2.1172875739560606,0.015524718754268588,-0.4564479139425647,Telecom Services,Communication Services,LBTYA
2017Q3,2017,Q3,2017-11-01,2017-09-30,-460400000.0,3878500000.0,537300000.0,-0.558443,2984400000.0,0.7694727343044991,56767100000.0,7330500000.0,3879800000.0,9600400000.0,49876600000.0,0.0,0.0,27956609127.489998,68035109127.49,8.891538092707087,0.40412899462522395,0.733833505674942,5.682777436736921,0.013655859419039186,8.891538092707087,-0.06280608416888343,7.208098266724249,-15.180608779045393,3.8137383708464636,0.0,0.0,0.0,0.06832302513251513,0.3102370734552727,-0.008110331512442946,35.13460993777805,0.7694727343044991,0.2511880306581636,-6.447630894723336,-0.4421091532075208,-0.06877630405493065,0.04576354334571449,0.27678290920515236,0.11196192052980132,-4.117438072992103,-0.08259669795394195,-0.2871557005585238,Telecom Services,Communication Services,LBTYA
2017Q2,2017,Q2,2017-08-07,2017-06-30,-636600000.0,3663700000.0,483200000.0,-0.745772,2853800000.0,0.7789393236345771,56367200000.0,7599600000.0,4003200000.0,9168700000.0,49231700000.0,0.0,0.0,27418024410.039997,66815124410.03999,8.90287164200697,0.4366158779325313,0.7182865212393023,5.327622506447708,0.011923334470567313,8.90287164200697,-0.08376756671403758,7.483698012948658,-10.767367424615143,3.607824676304016,0.0,0.0,0.0,0.0649970195432805,0.264388626522844,-0.011293802069288523,25.75671621422264,0.7789393236345771,-1.2199295120615339,-1.321611855712782,-0.48560169900685896,-0.12865422943604954,0.05422977465829331,-1.1734380334585182,0.12059369202226346,-1.634887553857207,-0.1765900241520233,-0.312901777542765,Telecom Services,Communication Services,LBTYA
2017Q1,2017,Q1,2017-05-08,2017-03-31,-292900000.0,3519000000.0,431200000.0,-0.335944,2707000000.0,0.769252628587667,53546400000.0,8477700000.0,4268500000.0,7959000000.0,45538600000.0,0.0,0.0,31273995444.789997,67408495444.78999,9.72357687833135,0.5363110943585878,0.7142235519101191,4.511140993429822,0.015349885971881184,9.72357687833135,-0.03454946506717624,8.887182564589372,-26.693406832357457,3.6889717075138297,0.0,0.0,0.0,0.06571870377840527,0.42497801231310467,-0.0054700222610670375,77.71867655265903,0.769252628587667,-1.1310395798868325,-3.1093971429357565,-0.5115374593209004,0.17918273832376683,0.009020426420158044,-1.131039727988547,-0.36866764275256225,-2.7773414669091214,-0.2112132986900565,-0.2604816773780362,Telecom Services,Communication Services,LBTYA
2016Q4,2016,Q4,2017-02-16,2016-12-31,2235200000.0,4216600000.0,683000000.0,2.563683432823317,2682800000.0,0.6362472133946782,54517900000.0,9508700000.0,5564000000.0,8397300000.0,45519300000.0,0.0,0.0,26670519115.03,63104719115.03,10.906091919151338,0.6625939290009885,0.688045577690997,3.944892572065582,0.03835635392575156,10.906091919151338,0.23506893686834163,6.325124298019731,2.9830126068170633,2.80485440859739,0.0,0.0,0.0,0.07734340464324561,0.5713860407511938,0.04099937818588023,24.204119352963062,0.6362472133946782,14.906383041357161,2.871501771526386,-0.17075180895411782,0.2344953649836626,-0.025074496693073624,14.32856290995826,-0.10590391412488545,19.741608479071218,0.026751828149249618,-0.19647339523534643,Telecom Services,Communication Services,LBTYA
2016Q3,2016,Q3,2016-11-03,2016-09-30,-167700000.0,4313100000.0,763900000.0,-0.184353,2751800000.0,0.6380097841459739,61867100000.0,7700100000.0,2568300000.0,7408000000.0,54680100000.0,0.0,0.0,31092492572.4,68530992572.4,8.464725604972129,0.3466927645788337,0.6133243678788888,4.927806132387891,0.02291747478373746,8.464725604972129,-0.021778937935870962,7.208850379634138,-46.35136042397137,4.037933607667433,0.0,0.0,0.0,0.06971556772501054,0.23305885529157666,-0.002710649117220623,41.723688368760065,0.6380097841459739,-1.8015347826086954,0.8242521375110565,-0.4226619050029156,-0.2025182180161113,-0.010855499640546369,-1.748995087092452,0.5016709258895223,0.9005627867493012,-0.5143368574903325,-0.6814592146475411,Telecom Services,Communication Services,LBTYA
2016Q2,2016,Q2,2016-08-04,2016-06-30,223900000.0,4471200000.0,508700000.0,0.23,2782000000.0,0.6222043299337985,68261900000.0,12517700000.0,6934300000.0,8558200000.0,56286800000.0,0.0,0.0,25936932000.059998,70815832000.06,14.024957230838192,0.8102521558271599,0.6689617487939832,3.648002428561157,0.007265986407644009,14.024957230838192,0.017886672471779958,5.800888352133655,28.960397498950424,2.072020578865127,0.0,0.0,0.0,0.06550066728292063,0.7093547708630319,0.0032800141806776546,25.074373549941992,0.6222043299337985,1.6633250465769542,1.2065373878754526,-0.45345113799042536,-0.04134160484939923,0.032933575910592955,1.677253478523896,-0.03399164451196354,8.115218113259395,-0.47872358076424876,-0.6168702241677692,Telecom Services,Communication Services,LBTYA
2016Q1,2016,Q1,2016-05-09,2016-03-31,-330600000.0,4284100000.0,526600000.0,-0.346738,2693300000.0,0.6286734670059055,66608200000.0,9906100000.0,3124600000.0,9722400000.0,57244700000.0,0.0,0.0,32612743006.25,78707343006.25,10.441384443950064,0.3213815518801942,0.7023084244882762,4.722292324931103,0.00836511379380163,10.441384443950064,-0.03337337600064607,7.6125074125837395,-24.661783882524198,3.2921879454326124,0.0,0.0,0.0,0.06431790680426734,0.21462807537233605,-0.004963352860458623,75.50993981535078,0.6286734670059055,-0.2165763619689202,-1.2768994368504096,-0.49487898283649284,-0.07081235659012027,-0.0031091534959469965,-0.22263313609467456,-0.056272401433691756,-99.69098084804018,-0.5285579592185979,0.8886416509817513,Telecom Services,Communication Services,LBTYA
2015Q4,2015,Q4,2016-02-16,2015-12-31,-270400000.0,4289900000.0,558000000.0,-0.28501129139056713,2701700000.0,0.6297815799902096,64610300000.0,10446000000.0,2927400000.0,8767300000.0,54705700000.0,0.0,0.0,35882461042.5188,79898461042.5188,11.010458394474352,0.33389983233150455,0.6922054223552592,4.281409151828451,-0.04251072134628104,11.010458394474352,-0.025885506413938348,8.364405007696869,-33.17535229522818,3.4350431784911732,0.0,0.0,0.0,0.06639653429871088,0.23767864678977565,-0.004185091231583818,42.16505410401739,0.6297815799902096,-3.7034250696276736,-2.990286190723584,-0.25147782328860824,0.45209980001838457,-0.011452616172703989,-3.62779397473275,0.1659005432511492,0.7430029235291739,-0.5052387957927484,0.4883349469995202,Telecom Services,Communication Services,LBTYA
2015Q3,2015,Q3,2015-11-05,2015-09-30,102900000.0,4288600000.0,478600000.0,0.105426,2733000000.0,0.6372709042577998,66307800000.0,11930700000.0,3072400000.0,7908400000.0,54944500000.0,0.0,0.0,37420573782.1887,81278073782.18869,12.223614987104192,0.3884983055991098,0.6745827790998947,3.7491597307785796,0.010405425093626061,12.223614987104192,0.008624808267746234,8.725591983908197,90.9149022890882,3.1364944036970757,0.0,0.0,0.0,0.06467715713686775,0.2605078144757473,0.0015518536280799543,42.771258180579146,0.6372709042577998,1.2267791535092625,-0.8479994285850341,-0.2147532070065697,0.7460017537738987,0.002089979100208998,1.2242807323452485,-0.1438282647584973,2.4060107660713084,-0.47893557524202396,0.2801969476391347,Telecom Services,Communication Services,LBTYA
2015Q2,2015,Q2,2015-08-04,2015-06-30,-458800000.0,4255100000.0,559000000.0,-0.464884,2727300000.0,0.6409485088482056,66757900000.0,12822500000.0,2763200000.0,7603300000.0,54509100000.0,0.0,0.0,47644983800.8144,90784783800.81439,12.992538114566823,0.3634211460813068,0.6549996330022364,3.4101306297523886,0.014594901019464718,12.992538114566823,-0.035780853967635015,11.19714784630547,-25.961739211428945,3.715732797879852,0.0,0.0,0.0,0.06373927280516613,0.24052713953151922,-0.00687259485394238,69.2111908785799,0.6409485088482056,0.14280867509689596,0.803964961015043,-0.4263754105034998,0.3911531853035098,-0.03663016601907453,0.1464186046511628,0.0026905829596412557,-1.20047985466963,-0.48326092208243515,0.27161140699840974,Telecom Services,Communication Services,LBTYA
2015Q1,2015,Q1,2015-05-07,2015-03-31,-537500000.0,4516900000.0,557500000.0,-0.542334,2831000000.0,0.6267572892913281,67680800000.0,12954600000.0,2961500000.0,7842900000.0,55304500000.0,0.0,-4545100000.0,45862002772.587,89314902772.587,12.980981833524455,0.37760267248084256,0.6513412962021725,3.4029070754789803,0.008504338865090909,12.980981833524455,-0.04149105337100335,10.153424422189333,-21.33116408027302,3.5402098692809503,0.0,0.0,0.0,0.06673827732532712,0.24712797562126254,-0.007941690996560325,64.34966012710397,0.6267572892913281,0.016127744800661915,-1.0920583726621471,-0.738471082423592,-0.5438264466097034,-0.017866435385949696,-0.026939243408482996,1.039882912550311,-5.588290460051527,-0.45224292057598203,0.5742097682898397,Telecom Services,Communication Services,LBTYA
2014Q4,2014,Q4,2015-02-13,2014-12-31,-523400000.0,4615200000.0,273300000.0,-0.551224,2882500000.0,0.62456664933264,72841900000.0,14714500000.0,3920500000.0,9190300000.0,58725900000.0,0.0,-4007600000.0,42563211077.1847,87563711077.1847,15.496732714876453,0.4265910797253626,0.6336874793216541,3.136973733392232,0.003726043979350859,15.496732714876453,-0.03557035577151789,9.222397962641857,-20.330154316576564,2.8926032877219545,0.0,0.0,0.0,0.06335913807849602,0.2892179798265563,-0.007185424872223267,47.05196891132512,0.62456664933264,-4.100003374312484,-1.6926165966391877,-0.7991083747629034,-0.37592588212341715,0.015859030837004406,-4.331635900700191,-0.6116242717066932,0.5976034976871406,-0.16658890201906673,0.7541246535169795,Telecom Services,Communication Services,LBTYA
2014Q3,2014,Q3,2014-11-05,2014-09-30,157100000.0,4497200000.0,703700000.0,0.177814,2837500000.0,0.6309481455127635,62240000000.0,10939000000.0,3626400000.0,8449500000.0,51932800000.0,0.0,-3484200000.0,33309980827.219204,73487880827.21921,12.473324258430257,0.42918515888514114,0.6608740359897173,3.7601974586342446,0.007390026512830478,12.473324258430257,0.014361458999908584,7.406826653744375,53.007607936376836,3.0450663522460193,0.0,0.0,0.0,0.07225578406169665,0.272229125983786,0.0025241002570694088,65.42915110433943,0.6309481455127635,1.6249986819119657,1.1871025430680875,-0.7718524097532279,-0.4329459858341304,-0.015782171349288936,1.6286514605842337,0.05108289768483943,1.1707738011078495,-0.3755884030921335,0.17514132425425272,Telecom Services,Communication Services,LBTYA
2014Q2,2014,Q2,2014-08-05,2014-06-30,-249900000.0,4602200000.0,669500000.0,-0.284503,2883000000.0,0.6264395289209509,65529400000.0,11440200000.0,3957000000.0,9259600000.0,54741800000.0,0.0,-3641300000.0,34859614025.0043,76309614025.0043,12.957203717058203,0.4273402738779213,0.6494825223487473,3.7202321637733604,0.012366347726779177,12.957203717058203,-0.02184402370587927,7.574554349007932,-34.87356345038446,3.0471157868747314,0.0,0.0,0.0,0.07023107185477052,0.28317637910924875,-0.0038135554422900255,37.511690546652645,0.6264395289209509,-2.2000067486249675,0.0706133577400182,-0.39936852179797283,0.4000702216858241,0.01696708878620057,-2.1713197969543145,0.15093690905965274,0.7669701765749989,-0.43131594787431604,-0.11432655967592911,Telecom Services,Communication Services,LBTYA
2014Q1,2014,Q1,2014-05-06,2014-03-31,-78800000.0,4533700000.0,581700000.0,-0.088907,2834900000.0,0.6252950129033681,67260300000.0,11649900000.0,5899700000.0,10672700000.0,56302700000.0,0.0,-3391400000.0,32909470372.421997,74288970372.422,13.148527333111081,0.5527842064332362,0.6611864651213272,3.8173374878754323,0.00810671300401359,13.148527333111081,-0.006764006557996206,7.258854880654211,-104.40821818661802,2.824871490091932,0.0,0.0,0.0,0.06740528959876778,0.43300195826735505,-0.001171567774749741,57.15434243213268,0.6252950129033681,0.35005228659851484,0.9074875832368291,-0.38324512463155064,0.47056205145463903,0.06707569541160086,0.34983498349834985,0.1195150115473441,-1.0706716088311479,-0.4276151163312545,0.17009858151932128,Telecom Services,Communication Services,LBTYA
2013Q4,2013,Q4,2014-02-13,2013-12-31,-121200000.0,4173400000.0,519600000.0,-0.1367910035942852,2656700000.0,0.6365792878708008,67714300000.0,12025800000.0,5482600000.0,7683000000.0,56172800000.0,0.0,-3312600000.0,70407211782.474,112409611782.474,13.5727825992092,0.7136014577638943,0.6601899451076065,3.7173659964409853,0.004612526061970655,13.5727825992092,-0.010078331587087761,16.87046815126132,-145.22939724107673,5.854680086353839,0.0,0.0,0.0,0.061632476448844634,0.5584537290121047,-0.001789873040111173,89.80511706948214,0.6365792878708008,0.9263835852613876,0.9373607377913326,-0.36848941920937145,0.3786002253337651,-0.0043473372559307425,0.8539934947596675,-0.004406974516190841,-1.9552367000640754,-0.22026495797873358,0.7900285521169361,Telecom Services,Communication Services,LBTYA
2013Q3,2013,Q3,2013-11-05,2013-09-30,-830100000.0,4371200000.0,521900000.0,-1.858159,2668300000.0,0.6104273426061494,65996000000.0,11898100000.0,4731500000.0,7059400000.0,54599300000.0,0.0,-3191400000.0,31721856602.496403,73517056602.4964,26.5734436348742,0.6702410969770802,0.6667328322928663,3.698212319614056,0.012939851085680059,26.5734436348742,-0.06976744186046512,7.257013314992771,-9.553625045927118,2.666127919793614,0.0,0.0,0.0,0.06623431723134736,0.5239397115902201,-0.012578035032426207,100.9607148392629,0.6104273426061494,-51.24978207687766,-1.0684071994550033,0.2697771486854021,1.2582819444678135,0.34031545107494476,-70.5603448275862,0.17228212039532795,-3.6729863815578203,0.7447282546140629,2.79570849043028,Telecom Services,Communication Services,LBTYA
2013Q2,2013,Q2,2013-06-30,2013-06-30,-11600000.0,3161900000.0,445200000.0,-0.035563,1990800000.0,0.6296214301527563,63705600000.0,12044000000.0,5014400000.0,7151300000.0,52158200000.0,0.0,-2361300000.0,21858904298.5,61638104298.5,36.606283602921,0.7011871967334611,0.6577789079766928,3.4792593822650284,0.00035090682893694855,36.606283602921,-0.0009631351710395218,6.913218096239603,-471.09707539870686,1.8149206491614083,0.0,0.0,0.0,0.049632999296765117,0.5116272565827192,-0.00018208760297367893,73.30283131623072,0.6296214301527563,-9.275353943946836,-1.0298089507975519,0.27449095008428537,1.573200243078035,0.14367783075774113,-10.6,-0.1526456033498287,0.9851327075363966,0.27858534089467124,2.9195534842596884,Telecom Services,Communication Services,LBTYA
2013Q1,2013,Q1,2013-03-31,2013-03-31,-1000000.0,2767700000.0,525400000.0,-0.003461,1740700000.0,0.628933771723814,40972300000.0,1597500000.0,4529400000.0,5919700000.0,39403600000.0,0.0,-2349700000.0,19004056737.6143,46763156737.6143,5.528515395454948,0.7651401253441897,0.7484544436119036,19.19618153364632,0.008411204541485822,5.528515395454948,-0.0006259780907668231,6.8663716217849835,-4751.014184403575,11.89612315343618,0.0,0.0,0.0,0.06755051583630892,0.6419582073415883,-2.4406733329590967e-05,355.8812123148745,0.628933771723814,0.9968791872163176,0.9914000790001081,0.4184570701945511,-0.6364842086072623,-0.009107986565719815,0.9969815876848778,0.04933093668863591,-1.0005915193378252,-0.44654492206212004,-0.8057186624817185,Telecom Services,Communication Services,LBTYA
2012Q4,2012,Q4,2012-12-31,2012-12-31,-331300000.0,2730200000.0,500700000.0,-1.109005967322438,1756700000.0,0.6434327155519742,38307700000.0,2210000000.0,3725800000.0,4620300000.0,36222600000.0,0.0,-2348700000.0,16793234787.5142,42278834787.5142,7.3978363651753325,0.8063978529532715,0.7185108998974097,12.454524886877827,0.0159960824082292,7.3978363651753325,-0.14990950226244343,6.150917437372427,-12.672226673343042,7.59874877263086,0.0,0.0,0.0,0.07127026681319944,0.6644373741964807,-0.008648391837672322,27.960763881975026,0.6434327155519742,-14.592131812873465,-1.3231592986047964,0.5338282456466455,-0.4763585534530878,0.05818926570688513,-13.790178571428571,-0.016499705362404242,-2.3934725743460294,-0.6222681700553373,-0.7020792518825534,Telecom Services,Communication Services,LBTYA
2012Q3,2012,Q3,2012-09-30,2012-09-30,-22400000.0,2519100000.0,509100000.0,-0.071126,1660100000.0,0.6590052002699377,36617400000.0,2852400000.0,4747000000.0,3866900000.0,33969500000.0,0.0,-2017400000.0,16307788797.2642,39451988797.2642,9.548230066980144,1.227598334583258,0.7226482491930066,9.27692469499369,-0.0018215133447329198,9.548230066980144,-0.007853036039826112,6.47365678109809,-182.00657139803795,5.7172166586959055,0.0,0.0,0.0,0.06879516295531632,1.0607721947813493,-0.0006117310349724448,-644.5766323029328,0.6590052002699377,-1.0307693505670998,-1.7667099833644384,0.5445627365731285,-0.3991675320012437,0.013987295382360126,-1.031927023945268,0.062839248434238,0.921682398126449,-0.6248309972289343,-0.5659246825078748,Telecom Services,Communication Services,LBTYA
2012Q2,2012,Q2,2012-06-30,2012-06-30,701600000.0,2524500000.0,479000000.0,2.311586,1637200000.0,0.6485244602891662,34435700000.0,3091400000.0,3184000000.0,4179100000.0,31567800000.0,0.0,-1995000000.0,13407316778.0625,35408716778.0625,10.217380909813647,0.7618865305927114,0.6943433703975815,7.734424532574238,0.01859848500508144,10.217380909813647,0.22695218994630265,5.310880086378491,4.777407631863776,4.336972497270654,0.0,0.0,0.0,0.07331054690335902,0.6380560407743294,0.020374204677122868,76.04830844051332,0.6485244602891662,29.88904719056189,8.671113053835699,0.641754238828529,-0.3397590715334074,-0.0012810345879338742,28.95219123505976,-0.030952862634027918,8.614238259297606,-0.038554462553599685,0.10402298735325524,Telecom Services,Communication Services,LBTYA
2012Q1,2012,Q1,2012-03-31,2012-03-31,-25100000.0,2537000000.0,494300000.0,-0.080016,1639300000.0,0.6461568782026015,36793600000.0,2531800000.0,3405200000.0,4432800000.0,34078700000.0,0.0,-2696600000.0,13728746713.0368,37247646713.036804,8.246030544980348,0.7681826385129038,0.6843934814750391,9.94600679358559,-0.13354380493386958,8.246030544980348,-0.009913895252389605,5.411409819880489,-136.74050510992828,5.422524177674697,0.0,0.0,0.0,0.06895220907983997,0.5549314203212417,-0.0006821838580622717,48.25570022157048,0.6461568782026015,0.9415879184484414,0.7372851880014719,0.7160544481386925,-0.49129691151311944,0.301238291792348,0.9422988505747126,1.6278575225943648,0.9149629554193305,-0.004042269070725475,-0.07774465631241881,Telecom Services,Communication Services,LBTYA
2011Q4,2011,Q4,2011-12-31,2011-12-31,-435000000.0,1852000000.0,188100000.0,-1.3698535966291878,1259800000.0,0.6802375809935205,36409200000.0,2805400000.0,3775100000.0,4169800000.0,33477800000.0,0.0,-2671500000.0,11633174916.8037,34739874916.803696,8.834453517203501,0.9053431819271908,0.6799902222515188,8.82508733157482,0.009602642482651835,8.834453517203501,-0.15505810223141084,6.281411942118628,-6.6857327108067235,4.146708104656627,0.0,0.0,0.0,0.050866264570493175,0.6143460117991271,-0.011947529745229227,26.206746827672223,0.6802375809935205,-0.3057367016322383,-3.4509277714903206,0.5831960996573109,-0.40761840039393077,-0.2466662680141123,-0.30591413989792854,-0.6395861276106534,0.3727173836574824,-0.21808132918013673,-0.10267629202084,Telecom Services,Communication Services,LBTYA
2011Q3,2011,Q3,2011-09-30,2011-09-30,-333100000.0,2607900000.0,521900000.0,-1.049104,1672300000.0,0.641243912726715,32990500000.0,3370600000.0,4225100000.0,3717200000.0,29504900000.0,0.0,-2236500000.0,10258078698.7588,31245478698.7588,10.61431846620308,1.1366351016894436,0.67789212045892,6.635020471132736,0.02034514699623,10.61431846620308,-0.09882513499080282,3.933463207469152,-7.698948287870611,3.043398415344093,0.0,0.0,0.0,0.07905002955396251,0.5635155493382116,-0.010096846061745048,697.8284829087619,0.641243912726715,0.13868646697777068,-2.1454750740003536,1.459823907506441,-0.2699376960075694,0.0018571770908219507,0.04005763688760807,-0.016767143933685003,-0.1702938793604227,0.06815047484547497,-0.09796697505926434,Telecom Services,Communication Services,LBTYA
2011Q2,2011,Q2,2011-06-30,2011-06-30,-347000000.0,2618600000.0,530800000.0,-1.218028,1669200000.0,0.6374398533567556,36260500000.0,4179600000.0,6281800000.0,4361000000.0,31946700000.0,0.0,-1903400000.0,11488876691.1618,31827176691.1618,14.629775634140184,1.4404494382022472,0.654563505743164,5.678725236864771,0.019126208097411723,14.629775634140184,-0.08302229878457269,4.387411857924769,-8.277288682393227,2.74879813646325,0.0,0.0,0.0,0.07221632354766205,0.9637009860123825,-0.009569641896829883,91.03705777465768,0.6374398533567556,-2.122951099277474,-28.32283464566929,2.1459386093855723,0.030640849609101385,0.09090909090909091,-2.0134345794392523,-0.08102493074792244,-2.026919091181206,0.21555843399902322,0.02838470646997662,Telecom Services,Communication Services,LBTYA
2011Q1,2011,Q1,2011-03-31,2011-03-31,342400000.0,2432300000.0,577600000.0,1.084667,1530100000.0,0.6290753607696419,34877900000.0,3057400000.0,5864000000.0,4651500000.0,31354300000.0,0.0,-1556400000.0,10059690994.518,31133390994.517998,11.237110736463162,1.2606686015263893,0.6841237574509933,7.80427814482894,0.018578768427619224,11.237110736463162,0.11199058023156931,4.135875917657361,7.344984663053446,3.290276376829332,0.0,0.0,0.0,0.06973757020921557,0.76289369020746,0.009817104814223333,44.80931400676169,0.6290753607696419,6.574428862452522,1.483273981066615,1.909865828035611,-0.26300243161681264,0.01492438312549748,4.954782608695652,0.38247965533748207,4.127252588681075,0.3238813535982082,-0.2611276427499055,Telecom Services,Communication Services,LBTYA
2010Q4,2010,Q4,2010-12-31,2010-12-31,57500000.0,2425600000.0,417800000.0,0.14320116007384298,1507600000.0,0.6215369393139841,33328800000.0,3044600000.0,5432700000.0,4289900000.0,29871100000.0,0.0,-1898800000.0,12684148292.258001,35049548292.258,7.582439164536041,1.2663931560176227,0.7864939631789923,8.60963673388951,-0.008783539228470721,7.582439164536041,0.018885896341062865,5.229282772203991,55.148470835904355,4.166113214300073,0.0,0.0,0.0,0.0727778977941,1.111867409496725,0.0017252346319099397,59.605960020009405,0.6215369393139841,-0.8373048724366432,-0.5468310238548878,1.4140886343956307,-0.47897440971237504,0.04353845088945802,-0.7935368043087971,-0.06469666442802775,1.2999795460070933,0.013835973701326797,-0.46329180364649625,Telecom Services,Communication Services,LBTYA
2010Q3,2010,Q3,2010-09-30,2010-09-30,278500000.0,2246800000.0,446700000.0,0.880181,1444700000.0,0.6430033825885704,32377600000.0,2811100000.0,4523000000.0,4049100000.0,29220900000.0,0.0,0.0,11045732794.234001,29895632794.234,7.000917931888348,1.1170383542021685,0.6812765615734335,7.846785955675714,0.018971479599354947,7.000917931888348,0.09907153783216534,4.916206513367457,9.915379528037702,3.92932759212906,0.0,0.0,0.0,0.06939365487250444,0.9842681089624855,0.008601625815378534,-285.4194520473902,0.6430033825885704,1.3721805719408184,3.4379076552593224,1.319349829217708,-0.5226102271070865,0.052988338192419826,1.4062727935813275,0.3681470137825421,6.092094990365373,0.024921974869900426,-0.5594598402252793,Telecom Services,Communication Services,LBTYA
2010Q2,2010,Q2,2010-06-30,2010-06-30,-685500000.0,2172700000.0,326500000.0,-2.36493,1372000000.0,0.6314723615777604,30166300000.0,2699700000.0,4875200000.0,4096300000.0,27118200000.0,0.0,-2235900000.0,6707883640.0182,23552883640.0182,9.339401477725994,1.1901472060151845,0.6746733938202564,7.538763566322184,0.014750158806785292,9.339401477725994,-0.25391710190021116,3.087349215270493,-2.4463470605463895,2.4846774234241584,0.0,0.0,0.0,0.07202407985069431,1.065205185167102,-0.022724033109794706,-80.52681440598079,0.6314723615777604,-23.166577622810223,-6.962134844895946,1.4389938451535806,-0.5118103943686233,0.015468877211161277,-1.9306272060819984,0.07542819499341238,-6.845044631563519,0.478943872130997,-0.3964935674411944,Telecom Services,Communication Services,LBTYA
2010Q1,2010,Q1,2010-03-31,2010-03-31,736600000.0,2178900000.0,303600000.0,0.106689,1351100000.0,0.6200835283858828,33083500000.0,3582700000.0,5524900000.0,4107000000.0,29017500000.0,11600000.0,-1550400000.0,3277949539.2913,20801549539.291298,28.456234994443182,1.3452398344290237,0.6561518581770369,6.059061601585396,0.012329637814883625,28.456234994443182,0.20559912914840764,1.5044056814407727,1.1125269954151844,0.9149383256458258,0.0,71.36206896551724,0.0,0.06586062538727765,1.217336255174093,0.022264875239923224,8.229850713761737,0.6200835283858828,-0.86594463883423,86.74063716572053,4.533097676287067,1.1315575069639259,-0.2773320496362858,6.366,-0.3532168726033234,19.8015651325523,2.5941760527128754,0.755483993106673,Telecom Services,Communication Services,LBTYA
2009Q4,2009,Q4,2009-12-31,2009-12-31,100000000.0,3040100000.0,469400000.0,0.7958577640775639,1869600000.0,0.6149797704022893,39899900000.0,3120100000.0,5278200000.0,4535900000.0,33402800000.0,0.0,-2287000000.0,2455790579.9477997,25038790579.9478,24.83155809698407,1.1636499922837804,0.6479364609936366,8.28582417230217,-0.04261624680519764,24.83155809698407,0.032050254799525654,0.8077992763224235,6.139476449869499,0.7870871382160186,0.0,0.0,0.0,0.07619317341647473,0.9449723318415308,0.002506271945543723,5.526081413023852,0.6149797704022893,1.7786486374073087,15.318716653417242,10.815866670325835,0.806245714324337,0.059263456090651555,1.831255195344971,0.01207416990081932,0.42394041300014035,5.567985092346601,0.6650444849313961,Telecom Services,Communication Services,LBTYA
2009Q3,2009,Q3,2009-09-30,2009-09-30,-120300000.0,2824200000.0,463800000.0,0.286419,1765000000.0,0.624955739678493,34606900000.0,2763900000.0,3485100000.0,4146200000.0,28597600000.0,8053887.831308,-2387000000.0,2532085620.0174003,22302285620.0174,21.99671274133979,0.8405527953306642,0.6281695268862568,7.865335214732805,0.0394507116343479,21.99671274133979,-0.04352545316400738,0.8965673890012748,-5.262023316744389,0.9161277976834907,0.0,131.51412363635805,0.0,0.08160800302829782,0.6881964208190633,-0.003476185384995478,15.411354960544129,0.624955739678493,1.9475162430032684,-5.8948765379543575,11.056247305793836,0.6133901301162954,0.06511375294188643,-0.2921589688506982,0.5362702881748923,-2.04550760910903,5.732232291109966,0.5129535481091272,Telecom Services,Communication Services,LBTYA
2009Q2,2009,Q2,2009-06-30,2009-06-30,-93100000.0,2653000000.0,301900000.0,-0.302284,1657100000.0,0.6246136449302676,33381600000.0,2829200000.0,3319200000.0,4224500000.0,27515800000.0,0.0,-2266700000.0,4337186083.875,23309686083.875,9.254681312667616,0.7857024499940821,0.6208629903899154,7.325533719779443,-0.0011356861467141201,9.254681312667616,-0.03290682878552241,1.6348232506125142,-11.64657917259667,1.5330079470786795,0.0,0.0,0.0,0.07947492031538332,0.6340158598650728,-0.002788961583626908,12.678123600920783,0.6246136449302676,0.6851854359053402,-67.50792816935855,2.4965567405199285,-0.5147811662511754,0.03854349461017799,0.6883160361566789,-0.25383094414236285,-7.850792816935854,1.97860698456811,-0.3480246827100569,Telecom Services,Communication Services,LBTYA
2009Q1,2009,Q1,2009-03-31,2009-03-31,-298700000.0,2577800000.0,404600000.0,-0.960197,1595600000.0,0.6189774226084258,31281400000.0,2778100000.0,2539100000.0,3835000000.0,25579300000.0,0.0,-2173600000.0,4039219626.0,22225919626.0,8.94115778392685,0.6620860495436767,0.615579865351295,6.931427954357295,0.03661937633865926,8.94115778392685,-0.10751952773478277,1.5669251400418962,-3.3806659072648144,1.4539504071127751,0.0,0.0,0.0,0.08240679764972156,0.5152281616688397,-0.009548805360373896,24.15801211722488,0.6189774226084258,0.5603071103026203,-0.4978036334231299,1.0361410879931627,-0.6454353304057034,0.020726714431934492,0.6031092213659315,0.7722295225580377,-2.897009866900076,1.7005270326834683,-0.41358488851569764,Telecom Services,Communication Services,LBTYA
2008Q4,2008,Q4,2008-12-31,2008-12-31,-752600000.0,2570500000.0,228300000.0,-2.183790146483513,1563200000.0,0.608130713868897,33986100000.0,3393000000.0,3233700000.0,4242100000.0,27491400000.0,0.0,-733900000.0,4898676824.4312,26384276824.4312,9.845336124127769,0.7622875462624643,0.6726161577821521,6.737282640730917,0.01036513734059307,9.845336124127769,-0.22180960801650457,1.9057291672558647,-1.6272511375336167,1.443759747842971,0.0,0.0,0.0,0.07563386207890874,0.5724994696023196,-0.022144347247845444,22.47099460748257,0.608130713868897,-1.4319404902251016,0.2238839259143774,0.11243093567943133,-0.18529457758973425,-0.0447323392813493,-1.4363871803172548,-0.44694767441860467,-7.910739719478589,1.980709365830268,-0.3234799575253003,Telecom Services,Communication Services,LBTYA
2008Q3,2008,Q3,2008-09-30,2008-09-30,-308900000.0,2649700000.0,412800000.0,-0.897962,1636400000.0,0.6175793486055026,31870300000.0,4055300000.0,3305300000.0,3633300000.0,25075000000.0,0.0,-1122300000.0,9323487145.8624,27004287145.8624,11.767106272966503,0.9097239424214901,0.6043934321296003,4.7498828693314925,0.01945072168634875,11.767106272966503,-0.07617192316228145,3.5186953790475903,-7.545716369263839,2.2990869099357383,0.0,0.0,0.0,0.08314010222683815,0.6460242754520684,-0.009692409547446997,93.51541771175928,0.6175793486055026,-1.9099100285853545,-34.605215089811615,92.34363120370949,0.0,-0.01823854091672666,-1.7213918729565623,0.1325102880658436,-2.1504889190681276,2.186886126876602,-0.19760576457106718,Telecom Services,Communication Services,LBTYA
2008Q2,2008,Q2,2008-06-30,2008-06-30,428200000.0,2729900000.0,364500000.0,0.986869,1666800000.0,0.6105718158174293,33891100000.0,5150300000.0,3014000000.0,3715300000.0,26042600000.0,0.0,-813400000.0,10159605138.9375,28734505138.9375,14.22597549545268,0.8112400075364036,0.5838051877926653,3.8416791254878357,0.0108257528534972,14.22597549545268,0.08314078791526708,3.7216034063289865,5.93157703114053,1.9726239517964974,0.0,0.0,0.0,0.08054917072623786,0.5594702984954109,0.012634585481144017,31.98868116793923,0.6105718158174293,3.4666668332991737,37.00944133508687,92.96259281164691,0.0,0.05340327371547747,3.7519280205655527,0.01872554499720514,4.97113565578552,1.446829282498604,-0.2563791819625608,Telecom Services,Communication Services,LBTYA
2008Q1,2008,Q1,2008-03-31,2008-03-31,-155600000.0,2611000000.0,357800000.0,-0.400082,1582300000.0,0.6060130218307161,34757900000.0,5880600000.0,3147900000.0,3889800000.0,26118800000.0,0.0,-1241600000.0,11765716214.8962,29921316214.896202,15.208460062418617,0.8092703995064013,0.561722658733698,3.3201203958779715,0.06937826403261493,15.208460062418617,-0.02645988504574363,4.50621072956576,-18.903785692313946,2.000767985392001,0.0,0.0,0.0,0.07511961309515247,0.58792225821379,-0.004476680121641411,92.13560074311825,0.6060130218307161,0.16190332072922922,0.373029701500403,0.6572317223825703,-0.3969033152772256,0.11815419404989047,0.21095334685598377,0.9031914893617021,-7.034972134893649,1.1589098958400925,0.1392128024575232,Telecom Services,Communication Services,LBTYA
2007Q4,2007,Q4,2007-12-31,2007-12-31,-197200000.0,2461400000.0,188000000.0,-0.47736974730422743,1415100000.0,0.5749167140651662,32618600000.0,5836100000.0,3924600000.0,3857500000.0,24336500000.0,0.0,-1319100000.0,14454717666.895802,30772617666.8958,14.127675366339766,1.017394685677252,0.5626666993678453,3.144805606483782,0.015940005755834936,14.127675366339766,-0.033789688319254295,5.872559383641749,-18.324946332271555,2.4767769001380717,0.0,0.0,0.0,0.07546001361186562,0.8126766040181465,-0.006045630407190989,68.70112959551237,0.5749167140651662,-6.3693156591070155,0.8303434353517907,-0.11133323228339095,0.16907067284395477,0.053764241566758506,-5.881188118811881,1.1658986175115207,-7.588622815642287,1.9098622694111862,0.027646069737203315,Telecom Services,Communication Services,LBTYA
2007Q3,2007,Q3,2007-09-30,2007-09-30,40400000.0,2255300000.0,86800000.0,0.088907,1342900000.0,0.5954418480911631,31064700000.0,6564800000.0,3233900000.0,3931700000.0,22121400000.0,0.0,-1121900000.0,15413680991.625,30174580991.625,15.891667936626735,0.8225195208179668,0.5240256625687678,2.4796947355593466,0.0012918930002253346,15.891667936626735,0.0061540336339263955,6.834426014998004,95.38168930461015,2.3479284961651534,0.0,0.0,0.0,0.07260008949064373,0.5992827530076048,0.0013005115130678873,80.112687066658,0.5954418480911631,1.2941174524619232,2.666666665038933,65.2816940490745,0.0,0.053668105139270304,1.3114880493446415,-0.5870599429115129,-0.4999999996902665,1.9284212105953973,0.1656041746571222,Telecom Services,Communication Services,LBTYA
2007Q2,2007,Q2,2007-06-30,2007-06-30,-129700000.0,2180600000.0,210200000.0,-0.302284,1274500000.0,0.5844721636246905,29658200000.0,6639900000.0,4215700000.0,3537900000.0,20272800000.0,0.0,-1162300000.0,15722233231.126799,28964033231.1268,15.475231039589564,1.191582577235083,0.5312662265410578,2.3729875449931477,-0.003969092691837742,15.475231039589564,-0.019533426708233558,7.210049175055856,-30.30499851797764,2.3678418697761714,0.0,0.0,0.0,0.07352435414151905,1.041154357104497,-0.004373158182222792,500.70806468556685,0.5844721636246905,0.02857234675022088,-10.714285723021096,62.330123514393385,0.0,0.03592619686255385,0.0470242468772961,0.1562156215621562,-67.00000000932258,1.0476565828755142,-0.18864050491449472,Telecom Services,Communication Services,LBTYA
2007Q1,2007,Q1,2007-03-31,2007-03-31,-136100000.0,2106000000.0,181800000.0,-0.311175,1230300000.0,0.5841880341880342,28482800000.0,7089800000.0,3278500000.0,4125700000.0,18709900000.0,0.0,-1032000000.0,12859596398.028,25600396398.028,16.2099085529594,0.7946530285769687,0.5024365582035474,2.0185054585460804,0.009220279440535405,16.2099085529594,-0.019196592287511638,6.106171129168091,-23.621595147002203,1.8138165248706595,0.0,0.0,0.0,0.0739393598943924,0.5730906270451075,-0.004778322355948151,158.56469048123304,0.5841880341880342,-1.5567510653475698,0.5151822869081127,0.1817285052051203,-0.3571905329122158,0.2137924230465667,-1.5011045655375552,2.4108818011257034,0.5151822869081127,0.1817285052051203,-0.3571905329122158,Telecom Services,Communication Services,LBTYA
