Quarters,Year,Quarter,FillingDate,Date,NetIncome,Revenue,OperatingIncome,EPSDiluted,GrossProfit,GrossProfitRatio,TotalAssets,CommonStockEquity,CurrentAssets,CurrentLiability,TotalLiability,Inventory,RetainedEarnings,MarketCap,EnterpriseValue,bookValuePerShare,currentRatio,debtToAssets,debtToEquity,roic,shareholdersEquityPerShare,roe,priceToSalesRatio,peRatio,pbRatio,payoutRatio,inventoryTurnover,dividendYield,assetTurnover,quickRatio,returnOnAssets,priceToFreeCashFlowsRatio,grossProfitMargin,epsdilutedGrowth,fiveYNetIncomeGrowthPerShare,fiveYRevenueGrowthPerShare,fiveYShareholdersEquityGrowthPerShare,grossProfitGrowth,netIncomeGrowth,operatingIncomeGrowth,threeYNetIncomeGrowthPerShare,threeYRevenueGrowthPerShare,threeYShareholdersEquityGrowthPerShare,Industry,Sector,Symbol
2023Q1,2023,Q1,2023-05-22,2023-03-31,976817.0,0.0,-612985.0,0.04,-612985.0,0.0,33519263.0,30776122.0,422964.0,2153308.0,2743141.0,0.0,-1543463.0,236447006.72,236219823.72,1.3328461783117302,0.1964252211016724,0.004084845182902738,0.004448936094027701,-0.012922821074858967,1.3328461783117302,0.03173944397543004,0.0,60.51466311499493,7.682807038521617,0.0,0.0,0.0,0.0,15.539069654689436,0.029141959356325943,-440.4192589612344,0.0,-0.7647058823529411,4.90721124020948,0.0,-0.9676971950305405,0.4386938920526084,-0.6151375796168306,-1.0162852735208887,4.90721124020948,0.0,-0.9676971950305405,Shell Companies,Financial Services,TWLV
2022Q4,2022,Q4,2023-03-31,2022-12-31,2538094.0,0.0,-304017.0,0.17,-1092069.0,0.0,349853466.0,348235166.0,387305.0,1431278.0,1618300.0,0.0,-456367.0,445114489.95000005,444799105.95000005,7.862613995543328,0.270600819687021,0.00010553275467621063,0.00010602318089839324,-0.0007028386589013812,7.862613995543328,0.007288448289567631,0.0,43.84338109128346,1.278200863694507,0.0,0.0,0.0,0.0,0.24614714961034823,0.007254734472174702,-1184.7478066509807,0.0,4.466237942122187,-0.8516449015719278,0.0,-0.8051260238260747,-5.595894134132199,0.8423679576314617,-0.8362062717433321,-0.8516449015719278,0.0,-0.8051260238260747,Shell Companies,Financial Services,TWLV
2022Q3,2022,Q3,2022-11-14,2022-09-30,1377626.0,0.0,-165568.0,0.0311,-165568.0,0.0,347266702.0,345697072.0,170509.0,901232.0,1569630.0,0.0,-683776.0,84913125.0,84827037.0,40.08081994202899,0.18919545688568537,0.00010631886036686581,0.00010680159882869936,-0.00039490076497672823,40.08081994202899,0.003985067018444402,0.0,15.409320998587425,0.24562870755237406,0.0,0.0,0.0,0.0,0.1364898272586859,0.00396705469331177,-651.9942642587303,0.0,-0.3889980353634578,-0.3733322093516875,0.0,0.16027945817281417,0.45887859019779587,-0.3885557876833777,0.45887859019779587,-0.3733322093516875,0.0,0.16027945817281417,Shell Companies,Financial Services,TWLV
2022Q2,2022,Q2,2022-08-15,2022-06-30,2253069.0,0.0,-305972.0,0.0509,-305972.0,0.0,345846582.0,344319446.0,310453.0,582614.0,1527136.0,0.0,-1217662.0,84266250.0,84049926.0,39.9210951884058,0.5328622381199216,0.00010675542833614009,0.00010722891323425282,-0.000860525724520069,39.9210951884058,0.006543542707721481,0.0,9.350163044274275,0.24473276481747125,0.0,0.0,0.0,0.0,0.4346702962853622,0.006514648740984232,-413.08605239421155,0.0,-0.5758333333333333,2.3321695790848813,0.0,0.16424591585121287,0.0,-0.58068254527764,0.03330047517945607,2.3321695790848813,0.0,0.16424591585121287,Shell Companies,Financial Services,TWLV
2022Q1,2022,Q1,2022-05-16,2022-03-31,5373182.0,0.0,-316512.0,0.12,0.0,0.0,345603852.0,342066377.0,557743.0,450602.0,3537475.0,0.0,-2934602.0,432713300.0,432292984.0,7.723332061413411,1.2377730236439253,0.00010683040650831635,0.00010793519177127426,-0.001966209788019146,7.723332061413411,0.01570800979366645,0.0,20.133009639353368,1.2649980503637748,0.0,0.0,0.0,0.0,1.0147247460064537,0.015547228333554569,-1475.457422069464,0.0,0.40679953106682293,12.205040153131256,0.0,-0.8128176429104333,0.0,0.6529383806797644,0.42268988952180836,12.205040153131256,0.0,-0.8128176429104333,Shell Companies,Financial Services,TWLV
2021Q4,2021,Q4,2022-04-01,2021-12-31,3250685.0,0.0,-548253.0,0.0853,0.0,0.0,345805631.0,339538042.0,787680.0,364027.0,6267589.0,0.0,-5462937.0,81629486.69999999,80915896.69999999,40.34717282376345,2.163795542638321,0.00010844242151742173,0.00011044417815191382,-0.003884138632478984,40.34717282376345,0.00957384622015344,0.0,6.277868103184406,0.24041337524117545,0.0,0.0,0.0,0.0,2.063281020363874,0.009400324079742934,-301.16136455032114,0.0,0.42166666666666675,0.0,0.0,0.0,0.0,0.30273878177511854,-1.0201963255289515,0.0,0.0,0.0,Shell Companies,Financial Services,TWLV
2021Q3,2021,Q3,2021-11-15,2021-09-30,2495270.0,0.0,-271386.0,0.06,0.0,0.0,346131471.0,338186826.0,1120062.0,148155.0,7944645.0,0.0,-6814153.0,95109850.0,94115212.0,34.544108886619,7.560068846815835,0.00010834033638045007,0.00011088545477522534,-0.0008023846280057336,34.544108886619,0.007378377299652707,0.0,9.529013894287994,0.28123463922275904,0.0,0.0,0.0,0.0,6.966609294320138,0.007209023764267884,-586.1679311216157,0.0,2.5,0.0,0.0,0.0,0.0,2.2998073159513117,-0.6016643059490085,0.0,0.0,0.0,Shell Companies,Financial Services,TWLV
2021Q2,2021,Q2,2021-08-16,2021-06-30,-1919723.0,0.0,-169440.0,-0.04,0.0,0.0,346347557.0,335691555.0,1341449.0,98157.0,10656002.0,0.0,-2009265.0,94473500.0,93316605.0,34.28922931562819,13.666361033853928,0.00010827274291991036,0.00011170969135640008,-0.0005046926903600882,34.28922931562819,-0.005718711035194198,0.0,-12.303011944952475,0.281429480702903,0.0,0.0,0.0,0.0,12.168210112370998,-0.005542764662838376,-720.0724085365854,0.0,0.0,0.0,0.0,0.0,0.0,-20.669503674188125,-1.042479326888305,0.0,0.0,0.0,Shell Companies,Financial Services,TWLV
2021Q1,2021,Q1,2021-07-22,2021-03-31,-88591.0,0.0,-82958.0,0.0,0.0,0.0,346566896.0,337611278.0,1566032.0,153300.0,8955618.0,0.0,-89542.0,79777746.75,78445101.75,41.261004410355824,10.215472928897587,0.00010820421809704525,0.0001110744884535522,-0.00024569317410649713,41.261004410355824,-0.00026240533350903046,0.0,-225.12937756092606,0.23630059760622096,0.0,0.0,0.0,0.0,8.937671232876712,-0.00025562453027827564,-366.6340988993313,0.0,0.0,0.0,0.0,0.0,0.0,0.0,0.0,0.0,0.0,0.0,Shell Companies,Financial Services,TWLV
