Quarters,Year,Quarter,FillingDate,Date,NetIncome,Revenue,OperatingIncome,EPSDiluted,GrossProfit,GrossProfitRatio,TotalAssets,CommonStockEquity,CurrentAssets,CurrentLiability,TotalLiability,Inventory,RetainedEarnings,MarketCap,EnterpriseValue,bookValuePerShare,currentRatio,debtToAssets,debtToEquity,roic,shareholdersEquityPerShare,roe,priceToSalesRatio,peRatio,pbRatio,payoutRatio,inventoryTurnover,dividendYield,assetTurnover,quickRatio,returnOnAssets,priceToFreeCashFlowsRatio,grossProfitMargin,epsdilutedGrowth,fiveYNetIncomeGrowthPerShare,fiveYRevenueGrowthPerShare,fiveYShareholdersEquityGrowthPerShare,grossProfitGrowth,netIncomeGrowth,operatingIncomeGrowth,threeYNetIncomeGrowthPerShare,threeYRevenueGrowthPerShare,threeYShareholdersEquityGrowthPerShare,Industry,Sector,Symbol
2023Q1,2023,Q1,2023-05-09,2023-03-31,-10094000.0,557540000.0,34449000.0,-0.0664,178186000.0,0.319593213,3626605000.0,134668000.0,1307325000.0,703709000.0,3464410000.0,529042000.0,-413126000.0,211431510.0,2920016510.0,0.8853388030951489,1.8577636494630594,0.7867575873302993,21.187357055870734,0.011864248106457718,0.8853388030951489,-0.07495470341877804,0.3792221365283208,-5.236564047949277,1.570020420589895,0.0,0.717058380998106,0.0,0.1537360699607484,0.9811782995527981,-0.0027833193854858744,1.652131353780035,0.31959321304301036,-0.7157622739018089,-1.1479012198634988,0.5298741153562104,0.0,-0.1727208572436719,-0.7231136906794128,-0.5357152483894445,-1.084880200620252,0.08212145243761988,-0.5907224004336256,Drug Manufacturers—Specialty & Generic,Healthcare,AMRX
2022Q4,2022,Q4,2023-03-03,2022-12-31,-5858000.0,609759000.0,74198000.0,-0.0387,215388000.0,0.3532346386,3799341000.0,183979000.0,1411818000.0,752800000.0,3590413000.0,530735000.0,-406183000.0,301437240.0,3120596240.0,1.2145752462436294,1.875422422954304,0.7488496031285425,15.464455182384945,0.01801056605115448,1.2145752462436294,-0.03184059050217688,0.49435472047153056,-12.864341072038238,1.6384328646204185,0.0,0.7430657484431967,0.0,0.16049072720769206,1.0205459617428267,-0.0015418463359830033,-8.672456412912135,0.35323463860312027,-1.4493670886075947,-1.0721454732180729,0.5760348537768009,1.3616567061771359,0.10893270864439067,-1.4510460251046025,0.6728969855477646,0.8292501334511173,0.4371554451951823,-0.2573977742106049,Drug Manufacturers—Specialty & Generic,Healthcare,AMRX
2022Q3,2022,Q3,2022-11-07,2022-09-30,-2390000.0,545557000.0,44353000.0,-0.0158,194230000.0,0.3560214606,3874039000.0,297469000.0,1419832000.0,817995000.0,3851664000.0,543858000.0,-401850000.0,305813860.0,3075876860.0,1.9648794858414853,1.735746551018038,0.7375759510939358,9.605700089757253,-0.014843734730124104,1.9648794858414853,-0.008034450648639018,0.5605534527097994,-31.988897489539745,1.0280528727363187,0.0,0.6459903136480478,0.0,0.14082382753503514,0.8774723561879962,-0.0006169271914918771,6.912922374429224,0.35602146063564394,0.990062893081761,-1.067709121715361,0.6248556105740268,0.0,-0.03136361142834345,0.990045026470233,31.843532684283726,0.9922123156913076,0.2453443421959768,0.17828234872579274,Drug Manufacturers—Specialty & Generic,Healthcare,AMRX
2022Q2,2022,Q2,2022-08-08,2022-06-30,-240081000.0,559355000.0,-1438000.0,-1.59,200519000.0,0.3584825379,4041405000.0,172991000.0,1553601000.0,993064000.0,3850529000.0,533028000.0,-399161000.0,480157740.0,3286906740.0,1.1456888729941124,1.5644520393448962,0.7172574884229618,16.75652490591996,-0.0004644051993849414,1.1456888729941124,-1.3878236440046015,0.8584132438254776,-0.49999556399715095,2.775622662450648,0.0,0.6732029086652108,0.0,0.13840607412521141,0.7876289947072898,-0.059405330571917436,-3.366291635410167,0.3584825379231436,-35.89095127610209,-5.877094734922324,0.637338749856885,0.0,0.1486386627790412,-36.164241486068114,-1.0617034971036259,-11.042790549776665,0.17199026711240648,-0.6809211524156885,Drug Manufacturers—Specialty & Generic,Healthcare,AMRX
2022Q1,2022,Q1,2022-05-06,2022-03-31,-6460000.0,497633000.0,23305000.0,-0.0431,174571000.0,0.3508027,3888968000.0,391125000.0,1389678000.0,602043000.0,3481561000.0,512241000.0,-278353000.0,625049640.0,3280782640.0,2.609378752701945,2.308270339494023,0.7370104356734228,7.328117609459891,0.004487072662094599,2.609378752701945,-0.016516458932566314,1.25604539891848,-24.189227554179563,1.5980815340364334,0.0,0.6306836040067078,0.0,0.12796016835314664,1.3629873613678758,-0.0016611090654384403,5.805666251788003,0.35080269998171343,0.6921428571428572,-1.0960544368996872,0.385687486640944,0.0,0.04909195802935061,0.6842465418642162,-0.26529003783102145,0.8850689075431596,-0.049776628930443816,-0.29440868945425547,Drug Manufacturers—Specialty & Generic,Healthcare,AMRX
2021Q4,2021,Q4,2022-03-01,2021-12-31,-20459000.0,536896000.0,31720000.0,-0.14,166402000.0,0.3099333949,3939664000.0,360340000.0,1520108000.0,677243000.0,3572691000.0,489389000.0,-276197000.0,715477510.0,3343743510.0,2.4124148919789246,2.2445532844193297,0.7300257077760947,7.9815063551090635,0.011822265684614251,2.4124148919789246,-0.05677693289670866,1.3326184400703303,-8.742821130065007,1.9855622745185104,0.0,0.7570542043241675,0.0,0.1362796421217647,1.4404430905893453,-0.005193082455762725,16.25826595768855,0.30993339492192157,-3.6666666666666674,-1.2555215164228064,0.407281963658058,1.7183301540716251,-0.16174922296497424,-3.8286523483596886,0.11239698404348589,-0.9892916727669435,-0.08000123416698274,-0.3913736511356668,Drug Manufacturers—Specialty & Generic,Healthcare,AMRX
2021Q3,2021,Q3,2021-11-08,2021-09-30,-4237000.0,528593000.0,28515000.0,-0.03,198511000.0,0.37554602501357376,3974409000.0,350506000.0,1570337000.0,667335000.0,3591243000.0,520245000.0,-269820000.0,797208600.0,3378289600.0,2.347819679817804,2.35314647066316,0.7255760542007629,8.227351314956092,0.025289489836768743,2.347819679817804,-0.012088238147135855,1.508170936807714,-47.03850601840925,2.2744506513440568,0.0,0.6344741419907928,0.0,0.13299914528172616,1.496163096495763,-0.0010660704522357915,11.27099291682572,0.37554602501357376,-1.3,-1.1217258512875807,0.5965081003557403,0.0,-0.06582179596984442,-1.2915634461877237,-0.5751575559826577,-1.5194760560554328,-0.05444415103929866,-0.40381155486818904,Drug Manufacturers—Specialty & Generic,Healthcare,AMRX
2021Q2,2021,Q2,2021-08-09,2021-06-30,14532000.0,535075000.0,67119000.0,0.1,212498000.0,0.39713684997430265,4023053000.0,346107000.0,1563475000.0,672862000.0,3632781000.0,523385000.0,-265583000.0,762859520.0,3402096520.0,2.3229281322988538,2.323619107632769,0.725206205337091,8.429598361200439,0.01827531926863874,2.3229281322988538,0.04198701557610797,1.4257057795636126,13.123787503440683,2.20411468129798,0.0,0.6163283242737182,0.0,0.13300222492718838,1.481094191676748,0.003612182091560812,-12.507534102833159,0.39713684997430265,1.5,-0.7008348546527795,0.5872593000484636,0.0,0.10929098673014481,1.1670146137787056,0.46206460888317685,1.0564952118948978,0.10318858795514237,-0.4028888905123106,Drug Manufacturers—Specialty & Generic,Healthcare,AMRX
2021Q1,2021,Q1,2021-05-07,2021-03-31,6706000.0,493105000.0,45907000.0,0.04,191562000.0,0.3884811551292321,3960070000.0,323015000.0,1559661000.0,636779000.0,3593362000.0,497008000.0,-280115000.0,996127490.0000001,3464041490.0,2.1823420915730374,2.4492971658927196,0.7373634809485691,9.039861925916753,0.013301312710579001,2.1823420915730374,0.020760645790443167,2.0201123290171465,37.135680360870865,3.083842824636627,0.0,0.6067165920870489,0.0,0.12451926354837162,1.5449614387409132,0.0016934044095180136,7.355022630782295,0.3884811551292321,3.0,-0.8990219325731349,0.3905100180612312,0.0,0.14658350890633978,3.2081000987816926,1.275101595797403,-0.8990219325731349,0.3905100180612312,0.0,Drug Manufacturers—Specialty & Generic,Healthcare,AMRX
2020Q4,2020,Q4,2021-03-01,2020-12-31,-3037000.0,510034000.0,20178000.0,-0.02,167072000.0,0.327570318841489,4006033000.0,303271000.0,1551539000.0,676902000.0,3661101000.0,490649000.0,-286821000.0,674714800.0,3276462800.0,2.054124898401517,2.2921176182076577,0.7346734288010108,9.704607430318099,0.007605113833834375,2.054124898401517,-0.01001414576401964,1.322882003944835,-55.541224892986506,2.224791687962252,0.0,0.6989966350690616,0.0,0.12731647492669182,1.5003530791754198,-0.0007581065857420545,9.097727977562936,0.327570318841489,0.6666666666666666,-1.0383746389750304,0.3525287899167958,1.6116443152698023,0.2506793427405772,0.6616155988857939,7.286652977412731,-1.0383746389750304,0.3525287899167958,1.6116443152698023,Drug Manufacturers—Specialty & Generic,Healthcare,AMRX
2020Q3,2020,Q3,2020-11-06,2020-09-30,-8975000.0,519294000.0,2435000.0,-0.06,133585000.0,0.25724348827446497,4037536000.0,301040000.0,1543719000.0,667886000.0,3689340000.0,475760000.0,-283784000.0,572525040.0,3252563040.0,2.0401469252768405,2.311351038949761,0.733446339549666,9.836951900079724,0.0007209496474491407,2.0401469252768405,-0.029813313845336167,1.1025065569792833,-15.94777270194986,1.9018238107892635,0.0,0.8107217925004204,0.0,0.12861656218049822,1.5341300760908299,-0.002222890396519065,20.930212765957446,0.25724348827446497,0.25000000000000006,-1.260871581815233,0.586832115211631,0.0,-0.07385067631744975,0.25183394464821607,-0.7735094409822342,-1.260871581815233,0.586832115211631,0.0,Drug Manufacturers—Specialty & Generic,Healthcare,AMRX
2020Q2,2020,Q2,2020-08-06,2020-06-30,-11996000.0,464662000.0,10751000.0,-0.08,144237000.0,0.31041273011350184,4056756000.0,305995000.0,1480874000.0,655019000.0,3685740000.0,443956000.0,-274809000.0,701585920.0,3409769920.0,2.076062472861485,2.260810755107867,0.7331786777415255,9.720181702315397,0.0034557055106867658,2.076062472861485,-0.03920325495514632,1.5098844321248563,-14.621247082360787,2.292801908527917,0.0,0.7217494526484607,0.0,0.11454028785561665,1.5066723255355952,-0.0029570425236321828,4.110317126469778,0.31041273011350184,-1.1025641025641024,-1.249644935107626,0.3933848203570705,0.0,-0.21396301887203745,-1.1042523051787219,-0.8139675728054542,-1.249644935107626,0.3933848203570705,0.0,Drug Manufacturers—Specialty & Generic,Healthcare,AMRX
2020Q1,2020,Q1,2020-05-11,2020-03-31,115067000.0,498533000.0,57791000.0,0.78,183499000.0,0.3680779406779491,4390800000.0,318376000.0,1773700000.0,965065000.0,3987342000.0,437959000.0,-262813000.0,512186400.0,3386345400.0,2.1631743443402636,1.8379072912187262,0.7468791564179649,10.300390104781767,0.1407477132352384,2.1631743443402636,0.3614185742643918,1.0273871539095707,1.112800368480972,1.6087468904691309,0.0,0.719323041654584,0.0,0.11354035711032158,1.3418039199432163,0.026206386079985423,12.612632667635253,0.3680779406779491,4.391304347826087,0.7424701966150922,0.41377302142007183,0.0,0.6646316018651233,4.581517679282869,3.4979900583531447,0.7424701966150922,0.41377302142007183,0.0,Drug Manufacturers—Specialty & Generic,Healthcare,AMRX
2019Q4,2019,Q4,2020-03-02,2019-12-31,-32128000.0,397328000.0,-23135000.0,-0.23,110234000.0,0.2774382877622518,3665890000.0,232010000.0,1210210000.0,550406000.0,3319102000.0,381067000.0,-377880000.0,683731460.0,3298601460.0,1.635566396198882,2.19875873446147,0.7545417347492697,11.922188698762984,-0.008390122832398695,1.635566396198882,-0.1384767897935434,1.720823752667821,-5.320370549053785,2.9469913365803198,0.0,0.7533950722576345,0.0,0.1083851397614222,1.430017114639012,-0.008764038200818901,-12.284955081213166,0.2774382877622518,0.8866995073891626,-1.4225214032446623,0.09663492494561514,1.4870126881086174,1.0250946099864056,0.8787650090941337,0.7939416071396761,-1.4225214032446623,0.09663492494561514,1.4870126881086174,Drug Manufacturers—Specialty & Generic,Healthcare,AMRX
2019Q3,2019,Q3,2019-11-07,2019-09-30,-265006000.0,378283000.0,-112274000.0,-2.03,54434000.0,0.14389755817734343,3703943000.0,218001000.0,1205831000.0,534910000.0,3308219000.0,401827000.0,-345752000.0,379114100.0,2939441100.0,1.6675794965156927,2.254268942438915,0.7486791778383198,12.720423300810547,0.49635649882547045,1.6675794965156927,-1.2156182769803807,1.0021970323805194,-0.35764671365931333,1.7390475273049206,0.0,0.8059413628252955,0.0,0.1021298113928859,1.3702959376343684,-0.07154699734850131,2.9880914285714284,0.14389755817734343,-14.615384615384615,-9.694384496272587,0.3047440418839011,0.0,-0.48280743760035727,-14.678972902615076,-4.936340083540422,-9.694384496272587,0.3047440418839011,0.0,Drug Manufacturers—Specialty & Generic,Healthcare,AMRX
2019Q2,2019,Q2,2019-08-05,2019-06-30,-16902000.0,404642000.0,-18913000.0,-0.13,105249000.0,0.2601039931593853,4262139000.0,459656000.0,1185847000.0,546159000.0,3512787000.0,414627000.0,-80746000.0,908913600.0,3636547600.0,3.5906136732908385,2.1712486656816057,0.6528475490827493,6.053498703378178,-0.005023046509499356,3.5906136732908385,-0.03677097655638129,2.2462166557104797,-13.443876464323747,1.9773778651861391,0.0,0.7220779158134902,0.0,0.09493871504425361,1.2670833951285247,-0.003965614448519863,-22.416297136656226,0.2601039931593853,0.6486486486486487,-1.404980449901852,0.39705831678194864,0.0,0.26683919114106885,0.646999853804223,0.7995654938533276,-1.404980449901852,0.39705831678194864,0.0,Drug Manufacturers—Specialty & Generic,Healthcare,AMRX
2019Q1,2019,Q1,2019-05-09,2019-03-31,-47881000.0,446120000.0,-94360000.0,-0.37,83080000.0,0.18622792073881467,4384586000.0,472205000.0,1267968000.0,599530000.0,3584805000.0,448294000.0,-63844000.0,1824647230.0,4552606230.0,3.6981446819175012,2.1149367004153254,0.6367545305303625,5.912485043572177,-0.025924846215082127,3.6981446819175012,-0.10139875689583973,4.090036828655967,-9.526989985589273,3.8640997659914653,0.0,0.8098256947449665,0.0,0.1017473485524061,1.1764448818240956,-0.010920301255352273,-14.435728650769791,0.18622792073881467,-4.285714285714286,-1.8357567551683913,0.45827552639674224,0.0,-0.5704417604235605,-4.460880474452555,-5.053264604810996,-1.8357567551683913,0.45827552639674224,0.0,Drug Manufacturers—Specialty & Generic,Healthcare,AMRX
2018Q4,2018,Q4,2019-03-01,2018-12-31,-8768000.0,497528000.0,23280000.0,-0.07,193408000.0,0.3887379202778537,4352736000.0,504750000.0,1286644000.0,553850000.0,3456373000.0,457219000.0,-20920000.0,1722950790.0,4200952790.0,3.9637043261113685,2.3230910896452106,0.6183228204053727,5.332136701337296,0.009879657215049012,3.9637043261113685,-0.017370975730559682,3.463022764547925,-49.1261060104927,3.4134735809806833,0.0,0.6651517106681918,0.0,0.11430236063018755,1.4060052360747495,-0.0020143652176470156,7.190106289749111,0.3887379202778537,-2.4,-1.1284484924563107,0.5296563603363401,2.180248202221271,-0.03346742959946028,-2.2612197928653623,-0.6877473006505265,-1.1284484924563107,0.5296563603363401,2.180248202221271,Drug Manufacturers—Specialty & Generic,Healthcare,AMRX
2018Q3,2018,Q3,2018-11-07,2018-09-30,6952000.0,476487000.0,74555000.0,0.05,200105000.0,0.41995899153597055,4582048000.0,501105000.0,1431301000.0,749271000.0,3666729000.0,490768000.0,-12152000.0,2734538030.0,5444274030.0,3.9380496200303345,1.9102581042106261,0.6274329732032489,5.7371768391854,0.017085597090752132,3.9380496200303345,0.013873339918779497,5.738956214964941,98.3363790995397,5.457016054519512,0.0,0.5631622273660875,0.0,0.10398996256695696,1.2015559123468011,0.0015172254851978852,110.87163598767434,0.41995899153597055,1.3333333333333335,-0.765675722935358,0.688433424752781,0.0,0.12232535965674865,1.0316799197976714,1.411765030762943,-0.765675722935358,0.688433424752781,0.0,Drug Manufacturers—Specialty & Generic,Healthcare,AMRX
2018Q2,2018,Q2,2018-08-09,2018-06-30,-219445000.0,413787000.0,-181062000.0,-0.15,178295000.0,0.43088593890093213,4544588000.0,494501000.0,1347894000.0,669736000.0,3605102000.0,512479000.0,-19104000.0,2085907920.0,4804138920.0,3.890277865189754,2.0125751042201703,0.6116620472526882,5.621327358286434,-0.05205567379343372,3.890277865189754,-0.44377058893713056,5.041018495022802,-2.3763447788739773,4.218207688154322,-0.6972043108751623,0.45951541429014653,0.07334839593494616,0.09105049786691335,1.1594314774776926,-0.04828710545378371,-17.575900910010112,0.43088593890093213,-1.3343140477345492,-6.295407085184141,0.4387923491762991,0.0,0.2330647671081296,-5.258174056466479,-3.8489473518582624,-6.295407085184141,0.4387923491762991,0.0,Drug Manufacturers—Specialty & Generic,Healthcare,AMRX
2018Q1,2018,Q1,2018-05-15,2018-03-31,51535000.0,275189000.0,63554000.0,0.448679919424452,144595000.0,0.5254388801877982,0.0,0.0,0.0,0.0,0.0,0.0,0.0,2234010720.35,3667410720.35,0.0,0.0,0.0,0.0,0.0,0.0,0.0,8.118096000748576,10.837347047394974,0.0,0.5821286504317454,0.0,0.013428762774826762,0.0,0.0,0.0,296.681370564409,0.5254388801877982,-0.1691112603250889,0.0,0.0,0.0,-0.04504807946320072,-0.16297162533092951,-0.19571242359432542,0.0,0.0,0.0,Drug Manufacturers—Specialty & Generic,Healthcare,AMRX
2017Q4,2017,Q4,2018-03-09,2017-12-31,61569000.0,293369000.0,79019000.0,0.54,151416000.0,0.5161281525996271,1341889000.0,-385739000.0,771933000.0,296883000.0,1717471000.0,284038000.0,0.0,1912405063.9499998,3322982063.95,-3.3583650613926204,2.6001253018866017,1.106457389545633,-3.8490870770132135,0.06949033904560536,-3.3583650613926204,-0.1596131062713389,6.518770094829378,7.765292046118988,-4.957769538340691,0.32483879874612226,0.4997676367246636,0.010458035474289511,0.21862389512098243,1.538966528901958,0.04588233452990523,47.04910728836076,0.5161281525996271,1.3160548177744589,0.0,0.0,0.0,0.12149200447364328,1.2990664675130694,0.0033776491054309044,0.0,0.0,0.0,Drug Manufacturers—Specialty & Generic,Healthcare,AMRX
2017Q3,2017,Q3,2017-09-30,2017-09-30,26780000.0,254733000.0,78753000.0,0.23315510317622634,135013000.0,0.5300177048124899,,,,,,,,2331641008.9,,,0.0,0.0,0.0,0.0,,0.0,9.15327424754547,21.766626296676627,0.0,2.2404779686333085,0.0,0.025732949356687736,0.0,0.0,0.0,60.60618135007278,0.5300177048124899,-0.28483683170432095,0.0,0.0,0.0,0.09116403869622494,-0.2848368317043209,0.7656435665762392,0.0,0.0,0.0,Drug Manufacturers—Specialty & Generic,Healthcare,AMRX
2017Q2,2017,Q2,2017-06-30,2017-06-30,37446000.0,259871000.0,44603000.0,0.326016653978229,123733000.0,0.4761323887621166,,,,,,,,1849232524.3000002,,,0.0,0.0,0.0,0.0,,0.0,7.115963398378427,12.345995061555307,0.0,,0.0,,0.0,0.0,0.0,0.0,0.4761323887621166,0.0,0.0,0.0,0.0,0.0,0.0,0.0,0.0,0.0,0.0,Drug Manufacturers—Specialty & Generic,Healthcare,AMRX
