Quarters,Year,Quarter,FillingDate,Date,NetIncome,Revenue,OperatingIncome,EPSDiluted,GrossProfit,GrossProfitRatio,TotalAssets,CommonStockEquity,CurrentAssets,CurrentLiability,TotalLiability,Inventory,RetainedEarnings,MarketCap,EnterpriseValue,bookValuePerShare,currentRatio,debtToAssets,debtToEquity,roic,shareholdersEquityPerShare,roe,priceToSalesRatio,peRatio,pbRatio,payoutRatio,inventoryTurnover,dividendYield,assetTurnover,quickRatio,returnOnAssets,priceToFreeCashFlowsRatio,grossProfitMargin,epsdilutedGrowth,fiveYNetIncomeGrowthPerShare,fiveYRevenueGrowthPerShare,fiveYShareholdersEquityGrowthPerShare,grossProfitGrowth,netIncomeGrowth,operatingIncomeGrowth,threeYNetIncomeGrowthPerShare,threeYRevenueGrowthPerShare,threeYShareholdersEquityGrowthPerShare,Industry,Sector,Symbol
2023Q1,2023,Q1,2023-05-04,2023-03-31,-59117000.0,3881238000.0,38780000.0,-1.76,148011000.0,0.0381349971,4102044000.0,1346412000.0,3050468000.0,2112311000.0,2755632000.0,1551101000.0,786420000.0,1385159079.64,2560702079.6400003,40.164154903030415,1.4441377240377955,0.3038475452725519,0.925716645425026,0.01341795680238329,40.164154903030415,-0.043907065593592455,0.35688589044011215,-5.857702013126512,1.0287780260722572,-0.10621310282998123,2.4068239270041087,0.004533053345491479,0.9461717134189687,0.5661685234797338,-0.014411595780055016,-3.8583281002771552,0.03813499713235828,-3.8852459016393444,-28.39150271819368,4.160000526215456,0.42133984418896764,-0.12946483711027332,-3.79248937175248,-0.14184554104890462,-0.5334697148978548,1.0461451681185545,0.44187285125448555,Food Distribution,Consumer Defensive,ANDE
2022Q4,2022,Q4,2023-02-23,2022-12-31,21170000.0,4677488000.0,45190000.0,0.61,170023000.0,0.0363492114,4607996000.0,1429769000.0,3465953000.0,2521322000.0,3178227000.0,1731725000.0,807770000.0,1169443547.78,1966569547.78,42.778992970605,1.374657025163783,0.19800255902999916,0.6381415459420368,0.012927355933552485,42.778992970605,0.014806587637583414,0.25001529619744617,13.810150540623527,0.8179248170718488,0.29981105337742087,2.6028757452828826,0.0054273675818287724,1.0150807422575887,0.5410443410242722,0.004594188015788208,2.920279750534391,0.0363492113715738,-0.15277777777777776,-0.7442311208963545,2.923971253543587,0.4773337908685495,0.03821329343876897,-0.14911575562700966,-0.09076276131264964,2.1670545423341387,1.4674788523427957,0.4607364563919469,Food Distribution,Consumer Defensive,ANDE
2022Q3,2022,Q3,2022-11-03,2022-09-30,24880000.0,4219325000.0,49701000.0,0.72,163765000.0,0.0388130803,4418621000.0,1426541000.0,3265227000.0,2320507000.0,2992080000.0,1556426000.0,806186000.0,1049589750.0,2206561750.0,42.174161123429414,1.4071179272460717,0.29369864489396125,0.9097130751937729,0.012908823949577028,42.174161123429414,0.017440788592826984,0.24875773968585022,10.546520799839229,0.7357585586393942,0.24184083601286174,2.6056876459272718,0.005732716044530732,0.954896335304612,0.48752363168910934,0.005630716008456032,1.9456087130606934,0.03881308029127882,-0.689655172413793,7.17278462908966,3.196455116547005,0.6002031867209737,-0.29057229868177664,-0.6882400852076938,-0.6320461376726831,6.658081809058655,1.0504596888459357,0.4281695917914729,Food Distribution,Consumer Defensive,ANDE
2022Q2,2022,Q2,2022-08-08,2022-06-30,79805000.0,4450617000.0,135074000.0,2.32,230841000.0,0.0518671905,4737175000.0,1417206000.0,3572879000.0,2577576000.0,3319969000.0,1618326000.0,775495000.0,1116711500.0,2838431500.0,41.867237813884785,1.3861391477884648,0.3816103479394365,1.275576733375388,0.03597692967163929,41.867237813884785,0.056311503056013026,0.2509116151760531,3.498250422905833,0.7879669575206428,0.07644884405738989,2.6074944108912543,0.00546336273961538,0.9395086734182292,0.47610700906588205,0.01684653828494831,3.645107537235727,0.051867190549085666,11.210526315789473,3.508092620815657,2.7518123493090645,0.6045880270611721,0.9311582381729201,11.270141451414514,5.292462498835367,1.5626164400121854,0.8371303307271423,0.4020405380898008,Food Distribution,Consumer Defensive,ANDE
2022Q1,2022,Q1,2022-05-05,2022-03-31,6504000.0,3977954000.0,21466000.0,0.19,119535000.0,0.0300493671,5142936000.0,1317221000.0,3940703000.0,3062767000.0,3825715000.0,1950303000.0,701799000.0,1695671880.0,3765816880.0,39.042652202264506,1.2866479885672009,0.4095959973058191,1.599219872747246,0.0038095192398347705,39.042652202264506,0.0049376680147067194,0.42626734245795705,65.17803966789668,1.2873100869178369,0.9446494464944649,1.9783690021499223,0.003623342506570316,0.7734791955412239,0.3547902925687785,0.0012646472754084437,-1.5430545287768016,0.030049367086698336,-0.9015544041450777,2.752542306729742,2.8861350832431247,0.42511955631749027,-0.38388466811673383,-0.9006613413162677,-0.5641332818940487,1.448324772635041,0.940983396516052,0.3412245134455804,Food Distribution,Consumer Defensive,ANDE
2021Q4,2021,Q4,2022-02-24,2021-12-31,65473000.0,3782702000.0,49249000.0,1.93,194014000.0,0.0512897923,4569219000.0,1072425000.0,3372328000.0,2463929000.0,3261515000.0,1814538000.0,702759000.0,1288230090.0,2237643090.0,32.225277201839,1.368679048787526,0.255154546105144,1.0871221763759704,0.018538591744949567,32.225277201839,0.06105135557265077,0.340558175082256,4.918936393627908,1.2012309392265192,0.09535228262031677,1.9777419927276254,0.004846183960817123,0.827866206456727,0.42680775298314194,0.014329144652510638,-6.669480101266871,0.05128979232305373,3.1956521739130435,4.464991355292073,1.8778277358861724,0.1727427243907522,0.5924323880658268,3.1601855381878257,3.260294117647059,1.3422377273537036,2.955132999404877,0.0974615164562848,Food Distribution,Consumer Defensive,ANDE
2021Q3,2021,Q3,2021-11-04,2021-09-30,15738000.0,2998824000.0,11560000.0,0.46,121835000.0,0.040627592682998405,3708142000.0,1033436000.0,2498394000.0,1723161000.0,2472129000.0,1017804000.0,679154000.0,1010838625.0,1755571625.0,31.51920701486847,1.4498900567039297,0.25932313271713975,0.9304949701771565,0.004296843980656559,31.51920701486847,0.015228809524731091,0.3370783430438065,16.057291666666668,0.978133745098874,0.3701868089973313,2.826663090339594,0.005763531246147227,0.8087133664244789,0.552602455603394,0.004244174036485119,2.9316070294396575,0.040627592682998405,-0.6461538461538462,7.0,2.053669993190892,0.186295384426485,-0.29997586817126703,-0.6381985792776845,-0.8195667103702317,7.466272640610105,2.7705389078763916,0.09743346411612089,Food Distribution,Consumer Defensive,ANDE
2021Q2,2021,Q2,2021-08-04,2021-06-30,43499000.0,3273726000.0,64068000.0,1.3,174044000.0,0.053163887264847456,4049089000.0,1022500000.0,2234300000.0,1690558000.0,2824125000.0,912299000.0,669241000.0,1013759152.32,2708380152.32,30.79323617306901,1.3216346318789418,0.42532011521603996,1.6842630806845966,0.01868181537025061,30.79323617306901,0.042541809290953546,0.3096652414771426,5.826335963585371,0.9914514937114915,0.13420998183866295,3.39766019693105,0.005758764285027333,0.8085092720856469,0.44311582329621346,0.010742910318839621,5.6086880757740065,0.053163887264847456,1.888888888888889,1.5637779557618132,1.6149166879100363,0.13814711765281423,0.41831279744442273,1.8793936585688753,1.8050788091068302,0.7236842107860582,2.064323688376745,0.0665307010151637,Food Distribution,Consumer Defensive,ANDE
2021Q1,2021,Q1,2021-05-05,2021-03-31,15107000.0,2635729000.0,22840000.0,0.45,122712000.0,0.04655713846150344,4266737000.0,983667000.0,2436889000.0,1918116000.0,3084186000.0,1295061000.0,631652000.0,908687440.0,2782402440.0,29.639237073641077,1.2704596593740942,0.44743981173435343,1.940807204063977,0.005439021999092595,29.639237073641077,0.015357839594090277,0.34475753766794687,15.037523002581585,0.923775464664363,0.38650956510227047,1.940462263939691,0.006425751851483718,0.6177388013369467,0.38325002241783085,0.0035406447596840395,-1.9530870895010715,0.04655713846150344,-0.062499999999999944,1.8753743100661944,1.5279104307774662,0.11662901893958096,-0.08212220717924168,-0.05528109561628416,-0.18133266425319905,8.586577388549369,2.5394720321253197,0.04888124014655504,Food Distribution,Consumer Defensive,ANDE
2020Q4,2020,Q4,2021-02-25,2020-12-31,15991000.0,2542917000.0,27899000.0,0.48,133691000.0,0.05257387480598069,4272121000.0,961891000.0,2416409000.0,1931682000.0,3111461000.0,1300693000.0,626081000.0,816540429.33,2220312429.33,28.87297133510571,1.250935195337535,0.33540599622529416,1.4896646293602913,0.007380992599302965,28.87297133510571,0.016624544776902995,0.321103846224631,12.765624872271903,0.8488908091769234,0.3608279657307235,1.8522633703725628,0.007066398420387447,0.5952352473162628,0.35666170725823404,0.0037431055908762885,-2.821133543154469,0.05257387480598069,17.0,1.2857203600928,0.9352189886631241,0.05757266192477584,0.3128197574507782,16.11436672967864,6.715431415929204,-0.8061778514435531,1.140160076870756,-0.00289807603838429,Food Distribution,Consumer Defensive,ANDE
2020Q3,2020,Q3,2020-11-05,2020-09-30,-1058000.0,1922233000.0,3616000.0,-0.03,101835000.0,0.05297744862355396,3411611000.0,939199000.0,1540249000.0,1096536000.0,2274384000.0,754604000.0,615890000.0,676062006.3900001,1784879006.39,26.631351355091198,1.4046497333420882,0.32902637492961534,1.1951780187159484,-0.001526260986955959,26.631351355091198,-0.001126491829740023,0.3517065862411061,-159.7500015099244,0.7198282860075448,-5.448960302457467,2.412388484556138,0.00852732433639281,0.5634385045657315,0.4954483938511823,-0.00031011741960030025,19.942243780124482,0.05297744862355396,-1.0326086956521738,0.25000000708884684,0.7867146923996441,0.04764071213158592,-0.04169725029642595,-1.034758040671507,-0.7758214507129573,-1.3333333249188843,0.8336608834721217,0.010466412844148303,Food Distribution,Consumer Defensive,ANDE
2020Q2,2020,Q2,2020-08-07,2020-06-30,30439000.0,1890180000.0,16130000.0,0.92,106266000.0,0.05622004253563153,3303989000.0,939388000.0,1398189000.0,926782000.0,2171906000.0,616323000.0,622718000.0,455261571.2,1606832571.2,28.392422505438123,1.5086492832187073,0.3576228613351921,1.257821049449216,0.01908200843056931,28.392422505438123,0.032403011322265134,0.24085619951539006,3.739130483918657,0.48463634962337176,0.1887709845921351,2.8944465807701483,0.012621315664430937,0.5720902823829014,0.6118180974598125,0.009212803069259614,1.3500231928237822,0.05622004253563153,1.8,-0.15596330325670393,0.3484628659483791,0.010446916838469145,0.68328845239981,1.8082151771015877,1.3846887669926067,1.9787233803775957,0.6301972782526489,0.08815731799673085,Food Distribution,Consumer Defensive,ANDE
2020Q1,2020,Q1,2020-05-08,2020-03-31,-37662000.0,1853105000.0,-41930000.0,-1.15,63130000.0,0.0340671467617863,3752691000.0,912257000.0,1821882000.0,1385488000.0,2638829000.0,1028076000.0,599039000.0,614054343.75,2098403343.75,27.85554556220823,1.3149749402376636,0.40079025957639464,1.6487042576817716,-0.01657273701508791,27.85554556220823,-0.04128441875480265,0.3313651108544848,-4.076086929464712,0.6731155187079957,-0.15195687961340343,1.7410920982495457,0.009320022011488295,0.49380697744631785,0.40373067107040983,-0.010035998167714848,-2.352635537552633,0.0340671467617863,-6.749999999999999,-9.21428584901012,0.7428807675589744,0.048960850544433665,-0.5437232128014802,-6.664310422619943,-2.4507646529651925,-9.454545456253761,0.8649704801884365,0.016772183583710076,Food Distribution,Consumer Defensive,ANDE
2019Q4,2019,Q4,2020-02-27,2019-12-31,6649000.0,1885603000.0,28902000.0,0.2,138359000.0,0.07337652729657303,3900741000.0,973610000.0,1945342000.0,1439919000.0,2705086000.0,1170536000.0,642687000.0,840433600.0,2062807600.0,29.285907655286508,1.351007938640993,0.3274426576899107,1.3118897710582267,0.0034336990506779836,29.285907655286508,0.006829223200254722,0.44571078853820234,31.6,0.863213812512197,0.8342607910964055,1.4926871108620325,0.0066001644865221944,0.48339610345829165,0.41062170858221886,0.0017045479307649495,-17.601440898048086,0.07337652729657303,2.5384615384615383,-0.7752808975745403,0.2974529692260947,0.06087211616085176,0.2677087437351683,2.5692707104083077,13.286702916460701,-0.4444444356826023,0.43600798802979074,0.06577314804158547,Food Distribution,Consumer Defensive,ANDE
2019Q3,2019,Q3,2019-11-08,2019-09-30,-4237000.0,1982755000.0,2023000.0,-0.13,109141000.0,0.055045126604144234,3284452000.0,962458000.0,1488775000.0,1065485000.0,2273102000.0,741086000.0,641607000.0,731045468.4399999,1930310468.44,29.53021921614143,1.397274480635579,0.3716187662355851,1.268173780050662,0.0003999584876917983,29.53021921614143,-0.00440227002113339,0.3687018660601032,-43.134615791833845,0.7595609038939881,-1.3051687514751003,2.5282005057442727,0.0075645089652229625,0.6036790916719136,0.5109494737138486,-0.001290017330136047,2.1417933354818293,0.055045126604144234,-1.1428571428571428,-1.2203389797920727,0.8205280071860543,0.08421473788599118,-0.3209583893285551,-1.141762580299786,-0.9624047574800223,-3.166666646211943,1.0311096294612145,0.11143540954839144,Food Distribution,Consumer Defensive,ANDE
2019Q2,2019,Q2,2019-08-08,2019-06-30,29888000.0,2325041000.0,53810000.0,0.91,160728000.0,0.06912910352978721,3571859000.0,970114000.0,1768627000.0,1304566000.0,2551220000.0,753641000.0,651481000.0,884619839.11,2421748839.11,29.861645705998257,1.3557205998010067,0.43344824081801664,1.5959114083499466,0.015258964822574817,29.861645705998257,0.030808750311819025,0.3804749417795213,7.399456630671172,0.9118720471099273,0.18489025695931477,2.871808991283648,0.006246751153082446,0.6509330295512785,0.5544993507419326,0.008367631533047638,-26.933166056020703,0.06912910352978721,3.116279069767442,-0.410256417340932,0.5489932915879544,0.11230323704758673,0.46564050189670264,3.135925105409848,15.602442333785618,0.8005158162446386,0.8982136625840906,0.1037146533619478,Food Distribution,Consumer Defensive,ANDE
2019Q1,2019,Q1,2019-05-10,2019-03-31,-13993000.0,1976792000.0,-3685000.0,-0.43,109664000.0,0.05547574049267703,3660252000.0,947284000.0,1886609000.0,1446338000.0,2661966000.0,1026465000.0,627136000.0,1058912124.4,2557861124.4,29.10970669777327,1.3044039498374516,0.4177144087346991,1.6140249386667567,-0.0010503818314622103,29.10970669777327,-0.014771705211953331,0.5356720000890332,-18.91860438076181,1.1178401877367294,-0.3941256342456943,1.818988470137803,0.005208175327225482,0.5400699186831945,0.443382528841806,-0.0038229608234624283,-5.797620119794575,0.05547574049267703,-1.511904761904762,-1.5375000076824126,0.7186177226787798,0.14838810835162475,0.16711010834167003,-1.5891293364769283,-1.1407240510196288,0.1730769247622863,0.9335731681628682,0.09667948438729568,Food Distribution,Consumer Defensive,ANDE
2018Q4,2018,Q4,2019-02-27,2018-12-31,23752000.0,812662000.0,26186000.0,0.84,93962000.0,0.11562248511681364,2392003000.0,830322000.0,1023198000.0,833350000.0,1515239000.0,690804000.0,647517000.0,845210918.09,1545393918.0900002,29.363468986042236,1.2278130437391253,0.30216350063106107,0.8704767548011494,0.013332470664292493,29.363468986042236,0.02860576980978464,1.040052221083304,8.89620787817868,1.0179314989726878,0.19632030986864263,1.040381931778044,0.0055169661207612,0.339741212699148,0.27584808303833924,0.009929753432583488,-4.7169736199458665,0.11562248511681364,12.999999999999998,0.15495222186988944,-0.23522796315485267,0.76475782255147,0.7444304173473935,12.321258341277407,3.160204586701864,1.4999895738975444,-0.2713766541723871,0.07553883867701316,Food Distribution,Consumer Defensive,ANDE
2018Q3,2018,Q3,2018-11-06,2018-09-30,-2098000.0,685579000.0,-12122000.0,-0.07,53864000.0,0.07856716731405133,2151618000.0,811737000.0,878293000.0,690653000.0,1308975000.0,490331000.0,628676000.0,1049687820.0,1617824820.0,28.720836429253794,1.271684912684083,0.2718684264586,0.7206237981020946,-0.004471901496289357,28.720836429253794,-0.0025845809664953056,1.5310968101415008,-125.08196139180171,1.2931378266606057,-2.223069590085796,1.2883439961984864,0.004443225796408688,0.3186341627556564,0.32317241798703544,-0.0009750801489855542,2637.406582914573,0.07856716731405133,-1.092105263157895,-1.1210293364719004,-0.42548964947660567,0.23384145148709407,-0.40464663881336077,-1.0974499512285754,-1.3958721139087553,-0.855783179421859,-0.20484307650313902,0.1298381793909985,Food Distribution,Consumer Defensive,ANDE
2018Q2,2018,Q2,2018-08-08,2018-06-30,21529000.0,911402000.0,30621000.0,0.76,90474000.0,0.09926903825095841,2117788000.0,817885000.0,879421000.0,656696000.0,1270798000.0,495611000.0,635438000.0,968805014.4000001,1544474014.4,28.872339205762064,1.3391599766101818,0.2995011776438435,0.7755124497942865,0.015487020582163514,28.872339205762064,0.026322771538786014,1.0629831999490895,11.250000167216314,1.184524736851758,0.21654512517998978,1.6563958427072845,0.004812113821362978,0.4303556352193893,0.42194105034901996,0.010165795632046268,3.570696755503629,0.09926903825095841,13.666666666666668,-0.27848103445575956,-0.42420135220410404,0.27353996365859984,0.4202024958794443,13.664117647058823,56.47282608695652,-0.30275229519577246,-0.24058688678124832,0.027526486223178617,Food Distribution,Consumer Defensive,ANDE
2018Q1,2018,Q1,2018-05-08,2018-03-31,-1700000.0,635739000.0,-552000.0,-0.06,63705000.0,0.1002062167021372,2363528000.0,800642000.0,1137879000.0,923950000.0,1540771000.0,731629000.0,618572000.0,937833322.3000001,1848098322.3000002,28.25795327362298,1.231537420856107,0.3984560369075382,1.1762585525116094,-0.0002739550151033432,28.25795327362298,-0.00212329605491593,1.4751860784063902,-137.91666504411765,1.1713516431813469,-2.735294117647059,0.7818634854550599,0.0049582371295957516,0.26897883164489694,0.26789111964933165,-0.000719263744707065,-2.142947973548855,0.1002062167021372,-1.0242914979757085,-1.1343283574397707,-0.5032563097450036,0.3100640351154496,-0.24908057899948136,-1.024383597010858,-1.032024134130069,-1.4285714377976917,-0.3088785470021779,0.06411438377136618,Food Distribution,Consumer Defensive,ANDE
2017Q4,2017,Q4,2018-02-26,2017-12-31,69719000.0,1004072000.0,17237000.0,2.47,84836000.0,0.08449194878454931,2162354000.0,815202000.0,999211000.0,738716000.0,1339455000.0,648703000.0,633496000.0,876942992.4499999,1336567992.4499998,28.956890605916833,1.352632134676926,0.2287063080328198,0.606652093591527,-1.025553726921183,28.956890605916833,0.08552358801867513,0.8733865623680372,3.144562430793614,1.0757370473207866,0.06694014544098452,1.4170367641278059,0.005321896679921409,0.4643421012470669,0.29531917543413166,0.03224217681286228,-14.90056568824019,0.08449194878454931,26.44444444444445,3.612723817301438,-0.4074870617485644,0.36014394798090754,0.21766588681086824,26.524279510461902,13.186831275720165,1.7825811200329826,-0.18413322712706884,0.048953584643021235,Food Distribution,Consumer Defensive,ANDE
2017Q3,2017,Q3,2017-11-07,2017-09-30,2533000.0,836595000.0,1215000.0,0.09,69671000.0,0.08327924503493327,1964160000.0,741761000.0,803815000.0,589493000.0,1214349000.0,475602000.0,568438000.0,963947207.0,1383756207.0,26.355503771898995,1.363570050874226,0.22619694933202997,0.5989624690432632,0.000535436126575777,26.355503771898995,0.003414846561089084,1.1522268325772924,95.13888738649821,1.2995388096705003,1.7769443347808922,1.6125331684896194,0.0046693428512626,0.42593016862170086,0.37433862658250394,0.001289609807754969,11.444634226554431,0.08327924503493327,1.095744680851064,-0.8516483505357622,-0.27330504075156414,0.254751651811407,-0.20678780426714027,1.0950362060556036,-0.9321456495029599,-0.8474576255257403,-0.1104589022218331,-0.03234630922470743,Food Distribution,Consumer Defensive,ANDE
2017Q2,2017,Q2,2017-08-07,2017-06-30,-26653000.0,993662000.0,17906000.0,-0.94,87834000.0,0.08839424271029787,1911425000.0,739825000.0,751023000.0,556149000.0,1163633000.0,463205000.0,570406000.0,968297808.25,1489911808.25,26.09220379798376,1.3503989038908637,0.28279843572203983,0.7306430574798094,0.019598054166474026,26.09220379798376,-0.03602608725036326,0.9744740246180291,-9.082446706280718,1.3088200699489743,-0.16887404794957417,1.9555661100376722,0.004648363304812841,0.5198540356017107,0.36908274581092476,-0.013944046980655794,7.324159329001709,0.08839424271029787,-7.545454545454545,-1.8980891898751147,-0.25701691703858426,0.27779140232327737,0.1487875696460802,-7.628358692133377,4.262160685006377,-1.6025641109786157,-0.24151255630011195,-0.02810303785859377,Food Distribution,Consumer Defensive,ANDE
2017Q1,2017,Q1,2017-05-05,2017-03-31,-3089000.0,852016000.0,-5489000.0,-0.11,76458000.0,0.08973775140372951,2161753000.0,769331000.0,993991000.0,765472000.0,1384391000.0,641294000.0,601560000.0,1064300902.1999999,1711770902.1999998,27.396053916452274,1.2985334538689854,0.31322496140863454,0.8801348184331581,-0.0020677332250382654,27.396053916452274,-0.004015176822460034,1.2491560043473362,-86.13636307866624,1.3834109144178512,-1.4512787309808999,1.2093641917747555,0.004212154655448717,0.39413198455142656,0.28776101542577653,-0.0014289329076911193,-4.094772185736216,0.08973775140372951,-1.3055555555555556,-1.1666666681079456,-0.25586737667251624,0.40791122320510886,-0.26265743437421646,-1.3044849679645145,-1.2836399338569657,-1.1375000008902558,-0.1416128381482088,0.08078390689592083,Food Distribution,Consumer Defensive,ANDE
2016Q4,2016,Q4,2017-03-01,2016-12-31,10145000.0,1113055000.0,19352000.0,0.36,103694000.0,0.0931616137567326,2232849000.0,774361000.0,1058126000.0,799776000.0,1442152000.0,682747000.0,609206000.0,1259670853.2,1670650853.2,27.4785564912204,1.323027947825391,0.21211017852080458,0.6116139629965869,0.010479926822416833,27.4785564912204,0.013101124669243415,1.13172381706205,31.0416671562346,1.6267230054199528,0.4279940857565303,1.4783821825654306,0.0034469321799181244,0.4984909413937082,0.32175009002520705,0.00454352264752341,-24.869123691068467,0.0931616137567326,5.0,-0.5385925352762654,-0.15368688706995656,0.45830573259948676,0.34641303642147636,4.8914053426248545,12.045662100456621,-0.5049996438265063,0.05106191111779764,0.6514737255109249,Food Distribution,Consumer Defensive,ANDE
2016Q3,2016,Q3,2016-11-08,2016-09-30,1722000.0,859612000.0,-1752000.0,0.06,77015000.0,0.08959274649493026,1984411000.0,762543000.0,783293000.0,552411000.0,1204244000.0,427754000.0,603556000.0,1038366000.0,1407287000.0,26.5694425087108,1.417953299264497,0.22529556629145878,0.5863000512757969,-0.0010886521514993112,26.5694425087108,0.002258233306187323,1.2079473064591932,150.75,1.361714683630956,2.5209059233449476,1.829549226892092,0.0041806068380513236,0.43318244053273236,0.45573133047676456,0.0008677637848207856,5.657529544451528,0.08959274649493026,-0.8823529411764706,-0.8474576256292906,-0.11371589852982651,0.4255036375074681,-0.20637455946909586,-0.8806073632392706,-1.0809724083745436,-0.9021739141075694,-0.2906196038025032,0.14141799424615034,Food Distribution,Consumer Defensive,ANDE
2016Q2,2016,Q2,2016-08-04,2016-06-30,14423000.0,1064244000.0,21637000.0,0.51,97042000.0,0.09118397660686835,2107415000.0,763698000.0,895872000.0,668141000.0,1324312000.0,486236000.0,606177000.0,1003187580.0,1603674580.0,27.055585078116696,1.3408427263107638,0.299831784437332,0.8273820279744087,0.010359536211956118,27.055585078116696,0.01888573755594489,0.9426293030545627,17.38867745961312,1.3135919957889113,0.3009776052138945,1.9891616416719453,0.004327206682522924,0.5049997271538829,0.36514897304610855,0.006843929648408121,32.16375697338891,0.09118397660686835,1.9807692307692308,-0.6858823673017261,-0.21678867885378258,0.473541775950084,0.4322485425429858,1.9814235166031573,2.7843476826653473,-0.5149069575638242,-0.32524296306109857,0.19340412952305655,Food Distribution,Consumer Defensive,ANDE
2016Q1,2016,Q1,2016-05-10,2016-03-31,-14696000.0,887879000.0,-12126000.0,-0.52,67755000.0,0.07631107391885605,2319638000.0,750160000.0,1096102000.0,894291000.0,1550919000.0,703452000.0,596115000.0,887694908.58,1571799908.58,26.543495262005912,1.2256659185880212,0.3148793044431933,0.9736669510504425,-0.005585206708501233,26.543495262005912,-0.019590487362695957,0.9997926615901491,-15.100961291848122,1.1833407654100458,-0.295182362547632,1.1658563768387893,0.004886814104791111,0.38276619024175323,0.2840697267444266,-0.006335471310609673,-3.087655943971784,0.07631107391885605,0.6904761904761905,-1.8336684950231674,-0.13181282544766632,0.5704897581000361,-0.31673792908716875,0.6875053159819682,0.6918581012400894,-2.1641791031273008,-0.30448073737662446,0.23058022540756065,Food Distribution,Consumer Defensive,ANDE
2015Q4,2015,Q4,2016-02-29,2015-12-31,-47028000.0,1104140000.0,-39352000.0,-1.68,99164000.0,0.08981107468255838,2359101000.0,764254000.0,1129522000.0,888037000.0,1575362000.0,747399000.0,615151000.0,885432886.76,1302666886.76,27.301170287965913,1.2719312370993552,0.2038844458121971,0.6293509749376516,-0.022883693600966343,27.301170287965913,-0.06153451601169245,0.8019208494937237,-4.706945260057838,1.1585583938847557,-0.08314195798247852,1.3446311809354843,0.004415919104052684,0.4680342215106517,0.26424799867573084,-0.019934712417993126,13.923433188558489,0.08981107468255838,-41.0,-2.7969734820843875,-0.0554894455912921,0.6711797148557984,0.16403333724615565,-37.32762836185819,-10.217787913340935,-4.129101617667287,-0.34473951376887224,0.28237254632530967,Food Distribution,Consumer Defensive,ANDE
2015Q3,2015,Q3,2015-11-05,2015-09-30,-1227000.0,935774000.0,-3508000.0,-0.04,85190000.0,0.09103693840606814,2191694000.0,779768000.0,904403000.0,721303000.0,1392000000.0,527789000.0,666507000.0,1044790500.0000001,1527483500.0,25.420309698451508,1.253846164510615,0.23878835275362345,0.6711624483179612,-0.0010417118787704942,25.420309698451508,-0.001573544951831827,1.1164987486294768,-212.875,1.3398735264848007,-3.233088834555827,1.611598574430312,0.0037969334522088396,0.42696380060355144,0.3359503565075981,-0.0005598409266987089,23.527078454332557,0.09103693840606814,-1.036697247706422,-1.75,0.12807648653016943,0.5488806787031176,-0.21246521775304372,-1.039463527595523,-1.143593941874744,-1.065934065387349,-0.25421102392089456,0.21022826426479424,Food Distribution,Consumer Defensive,ANDE
2015Q2,2015,Q2,2015-08-07,2015-06-30,31092000.0,1208492000.0,24430000.0,1.09,108173000.0,0.08951072907392023,2152365000.0,801514000.0,879417000.0,667211000.0,1330450000.0,508408000.0,671655000.0,1112466069.0,1657410069.0,28.098875885804656,1.318049312736151,0.2721271717389941,0.7307632804916695,0.011327831985768828,28.098875885804656,0.03879158692175059,0.9205406978283679,8.94495424064068,1.3879558797475777,0.12816801749646212,2.164244071690453,0.0035821317261227857,0.5614716834737603,0.41871911584191507,0.014445505293014893,6.339271454458425,0.08951072907392023,6.785714285714286,0.19343063026848867,0.4395870888203327,0.8064494195667035,0.2983928078451142,6.5889675372223575,4.187937991080909,0.04140126985791491,-0.10178542530378536,0.37606245527656523,Food Distribution,Consumer Defensive,ANDE
2015Q1,2015,Q1,2015-05-08,2015-03-31,4097000.0,950090000.0,4709000.0,0.14,83313000.0,0.08768958730225558,2287627000.0,777124000.0,1173750000.0,950794000.0,1489709000.0,743957000.0,644530000.0,1210663511.82,1810157511.82,26.55537196431172,1.2344945382490844,0.28586609617739256,0.8415066321462212,0.0025766410766224525,26.55537196431172,0.005272002923600352,1.2742619244703133,73.87500072125945,1.5578768791338318,0.9907249206736637,1.1650901866640142,0.0033527069746225966,0.4153168326829505,0.2780718010420764,0.0017909388200086816,-3.82086345791148,0.08768958730225558,-0.8426966292134831,-0.6865671697947311,0.23473803195544704,0.7944034643148332,-0.2688699528744811,-0.8417657963849838,-0.753028793202916,-0.7878787894888207,-0.20374049580303297,0.3647077180881231,Food Distribution,Consumer Defensive,ANDE
2014Q4,2014,Q4,2015-03-02,2014-12-31,25892000.0,1271768000.0,19067000.0,0.89,113951000.0,0.0896004617194331,2364692000.0,803103000.0,1254447000.0,1027706000.0,1540643000.0,795655000.0,644556000.0,1545956053.9,1808471053.9,27.60550231187914,1.2206282730664217,0.15952140913066057,0.4697018937795028,0.011399681459560902,27.60550231187914,0.03223994929666556,1.2155959686829674,14.926966378611153,1.9249785567978204,0.12073227251660745,1.4551746674123835,0.0020220497161701372,0.5378154956332579,0.28973558585821235,0.010949417513993366,-8.440052923256665,0.0896004617194331,0.5084745762711865,0.5020810824199281,0.3073906928235092,0.9224116094413748,0.341894533550013,0.5389004457652303,1.330644175528664,0.14070179917117864,-0.0633090991600175,0.4650428338753611,Food Distribution,Consumer Defensive,ANDE
2014Q3,2014,Q3,2014-11-07,2014-09-30,16825000.0,952927000.0,8181000.0,0.59,84918000.0,0.08911280717200792,2082992000.0,776702000.0,1048915000.0,791628000.0,1281415000.0,396464000.0,622722000.0,1793145753.1200001,1832855753.1200001,27.23650415758011,1.325009979434785,0.17602371972623995,0.47206779434068663,0.004671380184667595,27.23650415758011,0.021662104642449744,1.8817241542321712,26.644067654086182,2.3086663264933014,0.18579494799405646,2.189376589047177,0.0017433050239005325,0.45747991350902933,0.6179872364292319,0.008077323388664,5.369069585989455,0.08911280717200792,-0.6217948717948718,11.642857075628953,0.48931076542907354,0.9380894854108546,-0.3010576566936911,-0.6202117333694499,-0.8190844758956214,0.5000000226690832,-0.011198857788031428,0.4612928267835766,Food Distribution,Consumer Defensive,ANDE
2014Q2,2014,Q2,2014-08-08,2014-06-30,44301000.0,1312082000.0,45220000.0,1.56,121495000.0,0.09259710902214953,1892628000.0,762394000.0,865193000.0,613216000.0,1101348000.0,432996000.0,609024000.0,1464772811.6599998,1834189811.6599998,26.84667697745872,1.410910674215937,0.22012091124087776,0.5464458009900393,0.025219246741507332,26.84667697745872,0.058107750060992086,1.1163729185066176,8.266025663416176,1.9212806129901336,0.07056274124737591,2.7496489574961434,0.002134119349510155,0.6932593198452099,0.386219537650681,0.02340713547511714,7.058465746241326,0.09259710902214953,0.95,1.643695477196241,0.5369196248823768,0.936831409467644,0.5824812764571801,0.9508983618108156,6.810017271157167,-0.040983602933877754,-0.040213770734804755,0.4621639102426853,Food Distribution,Consumer Defensive,ANDE
2014Q1,2014,Q1,2014-05-09,2014-03-31,22708000.0,1003294000.0,5790000.0,0.8,76775000.0,0.07652293345719201,2125583000.0,719512000.0,1138549000.0,891905000.0,1382254000.0,725584000.0,567849000.0,1681527400.0,2260855400.0,25.348317773471905,1.2765361781804117,0.29310593846488237,0.8658938280390042,0.0028133728844641276,25.348317773471905,0.03156027974516061,1.6760066341471194,18.5125,2.337038715129143,0.13682402677470495,1.2769286533330393,0.0018477248720419302,0.47200885592329256,0.26422657121554427,0.010683186683371104,-3.245308516407696,0.07652293345719201,0.11111111111111122,4.568208535650396,0.38037697951481814,0.8681025457894248,-0.2993511412066401,-0.25938488633769285,-0.7568146499222983,0.2825668944746903,-0.02322465112197325,0.49977510705929246,Food Distribution,Consumer Defensive,ANDE
2013Q4,2013,Q4,2014-02-28,2013-12-31,30661000.0,1584266000.0,23809000.0,0.72,109577000.0,0.06916578402869215,2273556000.0,701474000.0,1221784000.0,992333000.0,1549135000.0,614923000.0,548401000.0,2506207837.3102,2624333837.3102,16.63880936568895,1.2312237928195475,0.18790432256781886,0.6090190085448641,0.014173652403661014,16.63880936568895,0.04370938908640948,1.5819362640555312,20.43481815099149,3.572773669886838,0.09800724046834741,2.3981685511844573,0.0011990226649459094,0.6968229504793372,0.48674688839331154,0.013485922493222072,14.59082610825309,0.06916578402869215,0.180327868852459,1.5903300776040386,0.3225519048054509,0.27597177078630925,0.4980586771662155,0.7866674436221666,5.023020490766506,-0.22207344286682004,-0.10013388674393568,0.018507280017547548,Food Distribution,Consumer Defensive,ANDE
2013Q3,2013,Q3,2013-11-12,2013-09-30,17161000.0,1181374000.0,3953000.0,0.61,73146000.0,0.061916040136315846,1882291000.0,651304000.0,895514000.0,662579000.0,1211999000.0,429017000.0,520848000.0,1303862920.6000001,1594671920.6000001,23.27757459812835,1.3515580783574488,0.22592149672925174,0.6529209094370678,0.002333371860798469,23.27757459812835,0.026348678957905984,1.103683440299177,18.994565010780256,2.001926781656492,0.17458190082163044,2.5831796875182103,0.002297787560843687,0.627625590304581,0.4730168025246801,0.009117081258955178,8.09003543237223,0.061916040136315846,-0.41904761904761906,0.2958099829423658,0.26462289630871677,0.5458832866008785,-0.2914200466923055,-0.41903923626392225,-0.9053513707649946,10.500000125089837,0.561325792792573,0.4183220413049393,Food Distribution,Consumer Defensive,ANDE
2013Q2,2013,Q2,2013-08-09,2013-06-30,29539000.0,1566964000.0,41765000.0,1.05,103229000.0,0.06587834819434268,1820981000.0,635769000.0,907269000.0,598344000.0,1167101000.0,444523000.0,506691000.0,1010309501.5517999,1438505501.5517998,22.67093301321946,1.5162999879667884,0.2768375946811087,0.7929232158220989,0.023355389994577643,22.67093301321946,0.046461843845799336,0.6447560387805973,8.550640691558618,1.5891141303709364,0.1014252344358306,3.292821743756791,0.002965427916295204,0.8605054088977315,0.48860187450697257,0.016221476226275837,4.020316280284598,0.06587834819434268,1.3333333333333335,-0.37442027707791214,0.37559099192686796,0.5525779790430028,0.3021962080405687,1.3484655748131658,1.4190558934260065,0.15328467792957082,0.8986521018335059,0.45749224806019784,Food Distribution,Consumer Defensive,ANDE
2013Q1,2013,Q1,2013-05-10,2013-03-31,12578000.0,1271970000.0,17265000.0,0.45,79273000.0,0.062323010762832455,2151788000.0,607402000.0,1247050000.0,964029000.0,1527468000.0,753378000.0,480156000.0,1004926801.6767,1694494801.6767,21.569902322471393,1.2935814171565378,0.347549107997628,1.2312307170539445,0.007332353659795445,21.569902322471393,0.02070786727735503,0.7900554271537065,19.973898904370728,1.6544673900920643,0.2376371442200668,1.5831322390619318,0.0029743459872031614,0.5911223596376595,0.2656828788345579,0.005845371384169816,-2.600621093418785,0.062323010762832455,-0.15094339622641512,0.5438348729700153,0.7129682607047362,0.6536437890667066,-0.1304829492480997,-0.1609072715143429,-0.1999165855693035,9.337575537087535e-09,0.7178958876733039,0.45752458313864997,Food Distribution,Consumer Defensive,ANDE
2012Q4,2012,Q4,2013-03-01,2012-12-31,14990000.0,1680641000.0,21579000.0,0.53,91169000.0,0.05424656425732801,2182304000.0,594413000.0,1297153000.0,992807000.0,1570859000.0,776677000.0,470628000.0,798522725.0,1126911725.0,21.289577951585535,1.3065510214976326,0.21381393243104535,0.7849878787980747,0.013096389370449369,21.289577951585535,0.025218156399674972,0.475129861166067,13.317590476984655,1.3433803180616846,0.1865243495663776,2.0465032439482567,0.0035014657848341135,0.7701223110987286,0.3496097428805397,0.006868887194451369,2.3400207621481277,0.05424656425732801,-0.11666666666666659,-0.3891258031695923,1.0505859213253652,0.6524970603853943,0.16411716635170334,-0.11217720919213457,0.06368610440183368,-0.09388408535900411,0.800225035736488,0.48257877548648687,Food Distribution,Consumer Defensive,ANDE
2012Q3,2012,Q3,2012-11-09,2012-09-30,16884000.0,1138402000.0,20287000.0,0.6,78316000.0,0.06879467885685372,1991440000.0,584573000.0,1190439000.0,937088000.0,1389020000.0,682292000.0,458627000.0,697995686.52,1238206686.52,21.004557940889093,1.270359880822292,0.31162425179769415,1.0615970973685065,0.010512999690775852,21.004557940889093,0.028882620305761643,0.6131363846163306,10.335164749466951,1.1940265570253843,0.1656005685856432,1.5537130729951398,0.00400575541367602,0.5716476519503475,0.29829429039748667,0.008478287068653839,12.458202054723616,0.06879467885685372,-0.42307692307692313,0.5398940023568701,0.9810700721683367,0.7824615214005254,-0.23705796395518752,-0.42176101921298675,-0.53298802946593,11.999999969127693,0.8230525977265083,0.49463795556929796,Food Distribution,Consumer Defensive,ANDE
2012Q2,2012,Q2,2012-08-09,2012-06-30,29199000.0,1315834000.0,43440000.0,1.04,102650000.0,0.07801136009557437,1794774000.0,569653000.0,1011040000.0,754690000.0,1205581000.0,597091000.0,444539000.0,793394490.96,1426367490.96,20.419767851421582,1.3396758934131896,0.36600875653424886,1.1531634170275589,0.022003092724566537,20.419767851421582,0.05125751992879876,0.6029594089832,6.792993689509915,1.3927680376650349,0.09568820850029111,2.0318242947892364,0.0035215772630577324,0.7331474603487681,0.30340404669466936,0.016268900708390027,-57.26826122130793,0.07801136009557437,0.6,0.0959447488091176,0.9848227071150533,0.7867104394255223,0.19541166880167696,0.5862986907154887,0.6856810244470314,0.7737614847991405,0.5689916287229424,0.4731673414135397,Food Distribution,Consumer Defensive,ANDE
2012Q1,2012,Q1,2012-05-09,2012-03-31,18407000.0,1137133000.0,25770000.0,0.65,85870000.0,0.07551447368073919,1824756000.0,542690000.0,1162189000.0,879048000.0,1267898000.0,787646000.0,418136000.0,905289729.24,1489174729.24,19.45865155764948,1.3220995895559742,0.3374473080236481,1.1346422451123108,0.014100038667665932,19.45865155764948,0.03391807477565461,0.7961159593820599,12.295454572173629,1.668152590318598,0.15102949964687348,1.334689695624684,0.0030708400970525076,0.6231698923034094,0.26878395719005105,0.010087376065621925,-3.8451790483148214,0.07551447368073919,-0.15584415584415584,0.8997413098667193,1.650156357070079,0.8558351511223492,-0.006490726706852865,-0.15163386643314744,0.10772008253094911,3.593772031928914,0.5923208317797588,0.43405005560238646,Food Distribution,Consumer Defensive,ANDE
2011Q4,2011,Q4,2012-02-27,2011-12-31,21697000.0,1297830000.0,23264000.0,0.77,86431000.0,0.06659654962514351,1734123000.0,523995000.0,1107222000.0,794251000.0,1195281000.0,760459000.0,402523000.0,809421583.9724,1131624583.9724,18.842795359680032,1.3940454591810398,0.19755980400467557,0.653809673756429,0.018058554069327656,18.842795359680032,0.04140688365346998,0.6236730419025603,9.326422823113795,1.5447124189589596,0.09379176844725078,1.5929839741524527,0.002514141011675061,0.7484071199101794,0.23673876394238094,0.01251179991269362,28.936850563863864,0.06659654962514351,0.9743589743589743,0.36008378389974793,1.4187995315188195,0.6750745366682069,0.3304445539067791,0.9859954233409611,1.220271044092384,1.6333092136879204,0.64251730403261,0.44498770514397673,Food Distribution,Consumer Defensive,ANDE
2011Q3,2011,Q3,2011-11-09,2011-09-30,10925000.0,938660000.0,10478000.0,0.39,64964000.0,0.06920929836149405,1458577000.0,517696000.0,869303000.0,553482000.0,926508000.0,458314000.0,383606000.0,622725006.08,970115006.08,18.638635363406152,1.5706075355657456,0.26457293649906727,0.7454181604648288,0.008287206033839773,18.638635363406152,0.021103118432439116,0.6634191358745446,14.250000139130435,1.202877762393374,0.18700228832951946,1.9063262304882678,0.003280741868486233,0.6435450442451787,0.35641086792343746,0.00749017706984273,4.597181459050038,0.06920929836149405,-0.7577639751552796,0.13117919486960197,1.4269029530504247,0.7021391465348933,-0.4708565470954289,-0.7583926754832147,-0.8389040927400756,-0.16899144113539155,0.012202170540790046,0.2378074344418341,Food Distribution,Consumer Defensive,ANDE
2011Q2,2011,Q2,2011-08-05,2011-06-30,45218000.0,1338167000.0,65042000.0,1.61,122772000.0,0.09174639637653596,1543849000.0,510396000.0,977008000.0,624261000.0,1019386000.0,469551000.0,374715000.0,782976546.4317,1264637546.4317,18.360921637713513,1.5650633308824353,0.32404529199423,0.9801742176662827,0.04114135203670021,18.360921637713513,0.088593954498076,0.5851112353179386,4.328898593655734,1.5340569801324853,0.04515900747489938,2.5884195752964003,0.0026079963816363514,0.8667732401290541,0.41468232037561215,0.029289133846639146,3.0675850621437695,0.09174639637653596,1.5967741935483872,2.589136924624544,1.9066077507524153,1.4042296344098946,0.5602973883205186,1.618904204795552,1.6039714949155257,-0.033914879365755,0.185107616159106,0.25741461954943995,Food Distribution,Consumer Defensive,ANDE
2011Q1,2011,Q1,2011-05-06,2011-03-31,17266000.0,1001674000.0,24978000.0,0.62,78685000.0,0.0785535014385918,1828664000.0,467848000.0,1274421000.0,964806000.0,1347566000.0,775017000.0,331540000.0,899078879.9999999,1642759880.0,16.901412521223943,1.3209090739485452,0.41888559079196613,1.6372860416203554,0.012944109737243895,16.901412521223943,0.036905148680768114,0.8975763372115079,13.018053978918104,1.9217328705049503,0.11774585891347156,1.1909274248177781,0.002261203154944536,0.5477627382613756,0.25184855815573287,0.009441865755546126,-3.7979085033582556,0.0785535014385918,-0.33333333333333337,2.681502432702393,1.9184193662566258,1.3387935198223664,-0.04584919845754614,-0.331655957265619,0.7938810686584314,1.1558932699513085,0.37228751645281,0.2957367828717161,Food Distribution,Consumer Defensive,ANDE
2010Q4,2010,Q4,2011-03-01,2010-12-31,25834000.0,1153969000.0,13924000.0,0.93,82466000.0,0.0714629249139275,1699390000.0,451431000.0,1138558000.0,836743000.0,1234831000.0,647189000.0,316317000.0,669646848.5889,1162617848.5889,16.336465818292712,1.3607021510786466,0.31920218431319475,1.2016210672284358,0.008925245259575595,16.336465818292712,0.05722690732359984,0.5802988196293835,6.480286140250251,1.4833869375140387,0.06421769760780367,1.6556260999491648,0.002477425233159679,0.6790489528595555,0.24105968021244276,0.015201925396760014,-6.385312221342957,0.0714629249139275,17.599999999999998,0.35534238900147047,1.4167906385963318,1.2860378325776354,0.552768833907624,17.532281205164992,3.69453809844909,0.06372601296042248,0.42260763693375614,0.2680364919965295,Food Distribution,Consumer Defensive,ANDE
2010Q3,2010,Q3,2010-11-08,2010-09-30,1394000.0,706825000.0,2966000.0,0.05,53109000.0,0.0751374102500619,1362531000.0,428970000.0,830439000.0,557285000.0,920677000.0,432448000.0,292515000.0,660408371.25,965766371.25,16.412051649928262,1.4901513588199933,0.2860133090549866,0.9084597990535469,0.0016541465616821014,16.412051649928262,0.0032496444972841924,0.9343308050083118,118.43765624999999,1.539521111616197,1.190100430416069,1.5116638301021164,0.0025120820271552547,0.5187588392484281,0.4090097526400316,0.0010230959882747623,-2.4953651607381713,0.0751374102500619,-0.945054945054945,2.872955974842767,1.0920641367669217,1.5516732583473556,-0.39341435000114217,-0.9446144066113076,-0.9186215600735315,-0.8646247042120208,0.30971635195400377,0.3927382159415662,Food Distribution,Consumer Defensive,ANDE
2010Q2,2010,Q2,2010-08-06,2010-06-30,25169000.0,810999000.0,36447000.0,0.91,87554000.0,0.10795820956622634,1155445000.0,428647000.0,632270000.0,332969000.0,712888000.0,237994000.0,292780000.0,598729168.1833,692754168.1833,15.554753751447121,1.898885481831642,0.26459589162617,0.7132348995793741,0.03172206082969446,15.554753751447121,0.05871731284716795,0.7382612903139215,5.947089357774445,1.3967884254020209,0.06587468711510192,3.0397615065926034,0.002769198642903607,0.7018932099753774,1.034336529827101,0.021782949426411468,4.008416583092095,0.10795820956622634,1.0681818181818183,0.9582015066827374,0.7891513788001118,1.3892881937959527,0.49537147736976944,1.0520994700366897,1.7722674374381988,-0.043666029547805546,0.23840835859374562,0.36102629141638687,Food Distribution,Consumer Defensive,ANDE
2010Q1,2010,Q1,2010-05-07,2010-03-31,12265000.0,721998000.0,13147000.0,0.44,58550000.0,0.08109440746373259,1209582000.0,406365000.0,708551000.0,407036000.0,789917000.0,374893000.0,269270000.0,612883875.6,824340875.6,14.7989972670118,1.740757574268615,0.2630421087615391,0.7829685135284781,0.010404977590680072,14.7989972670118,0.03018222533928857,0.8488719852409564,12.49253721157766,1.5082102927171386,0.1308601712189156,1.7696996209585134,0.002618766888635698,0.596898763374455,0.6125526980414508,0.010139866499336134,-8.96330455562543,0.08109440746373259,-0.25423728813559315,8.554951722004793,1.2456974780264125,1.4291419283071798,-0.1610305496646988,-0.24434723676914546,-0.1366561597058051,0.2856835260145239,0.7090363561436035,0.4114287029661818,Food Distribution,Consumer Defensive,ANDE
2009Q4,2009,Q4,2010-02-26,2009-12-31,16231000.0,915958000.0,15228000.0,0.59,69788000.0,0.0761912664117787,1284391000.0,393367000.0,786823000.0,479121000.0,878115000.0,407845000.0,258662000.0,471533755.6943,644565755.6942999,14.359829173056701,1.642221902191722,0.2483363710894891,0.8108483934849644,0.014287080696761984,14.359829173056701,0.04126172251358146,0.5147984467566198,7.262857428598053,1.1987120314980666,0.09851518698786273,2.074734274050191,0.003391061574469013,0.7131457632449931,0.5909237958678497,0.012637117513280614,-24.03209600399062,0.0761912664117787,10.799999999999997,0.5567407547236518,0.9467995011838625,1.3334395256623648,0.36812389727504413,11.9848,52.972696245733786,0.032867025273045226,0.7329689774956535,0.2765507314356891,Food Distribution,Consumer Defensive,ANDE
2009Q3,2009,Q3,2009-11-06,2009-09-30,1250000.0,601000000.0,-293000.0,0.05,51010000.0,0.08487520798668885,1060210000.0,376427000.0,573255000.0,273983000.0,673033000.0,190818000.0,244036000.0,628572314.7238,782188314.7238,14.053274816568265,2.092301347163875,0.315214910253629,0.8878056037425583,-0.0002896238240961649,14.053274816568265,0.0033206969744465726,1.0458773955470881,125.71446294475999,1.669838546979361,1.2784,2.8822752570512216,0.002542269143212543,0.5668688278737232,1.028739009354595,0.0011790117052282096,13.595456043686463,0.08487520798668885,-0.9152542372881355,-0.03282441716437636,0.9440521664829602,1.4306189601517976,-0.3044154144053236,-0.9214725468023621,-1.011010484386156,-0.865792296171885,0.6112986407658807,0.2833895151604273,Food Distribution,Consumer Defensive,ANDE
2009Q2,2009,Q2,2009-08-07,2009-06-30,15918000.0,810954000.0,26611000.0,0.59,73334000.0,0.09042929685284246,1098937000.0,373916000.0,647111000.0,309754000.0,714638000.0,205084000.0,244386000.0,538438205.52,708526205.52,13.861132593279132,2.089112650684091,0.31834399970152977,0.935611206795109,0.023049555965599038,13.861132593279132,0.042571058740465774,0.6639565320844338,8.456436196758387,1.4399977682688092,0.10013820831762785,3.5966725829416237,0.0029604139967381858,0.7379440313684952,1.0026537187574656,0.014484906778095559,3.1411198809912726,0.09042929685284246,3.2142857142857135,0.2728834689853887,0.7358392685780648,1.4026568299854938,0.19487079219213346,3.067978533094812,0.7927108596065751,0.30198095496265454,0.8151385719088294,0.8150148671620042,Food Distribution,Consumer Defensive,ANDE
2009Q1,2009,Q1,2009-05-08,2009-03-31,3913000.0,697392000.0,14844000.0,0.14,61374000.0,0.08800502443389084,1181896000.0,369559000.0,735091000.0,408900000.0,812337000.0,381306000.0,230064000.0,256740887.85,598181887.85,13.569018376750932,1.797728050868183,0.3246698525081733,1.0383348802221026,0.011476166301111475,13.569018376750932,0.010588295779564291,0.3681442973965861,16.403072313442372,0.694722325393239,0.39739330437004855,1.6679989299932338,0.0060566901245137994,0.5900620697590989,0.48132306187331864,0.003310781997739226,-4.328577004198068,0.08800502443389084,1.115702479338843,13.646708855148251,1.0158958540305356,1.5441028290285448,4.019957467691804,1.117194285543143,1.2138689181206506,-0.1520121576120896,1.0651170926145572,0.8776615392378775,Food Distribution,Consumer Defensive,ANDE
2008Q4,2008,Q4,2009-02-27,2008-12-31,-33389000.0,770065000.0,-69407000.0,-1.21,12226000.0,0.015876581846986943,1308773000.0,353413000.0,855962000.0,525263000.0,955360000.0,436920000.0,226707000.0,297761543.40000004,577830543.4000001,13.040107741126116,1.6295874638038468,0.27640469355648384,1.0235927937002884,-0.05895099028862549,13.040107741126116,-0.09447586817689219,0.3866706620869667,-2.2294883299889188,0.8425313822638104,-0.04621282458294648,1.7345028838231256,0.005181998932371198,0.5883869853672103,0.4031751712951417,-0.025511681552110258,3.1905871245646935,0.015876581846986943,-3.5744680851063833,-4.91355502680977,0.372427434121755,1.4104978870545897,-0.8325778842862034,-3.6003894080996885,-3.8383838383838382,-2.7860462788748137,0.6443876346972084,0.824763077196472,Food Distribution,Consumer Defensive,ANDE
2008Q3,2008,Q3,2008-11-07,2008-09-30,12840000.0,905712000.0,24453000.0,0.47,73025000.0,0.08062717508435352,1325323000.0,408480000.0,842278000.0,494904000.0,905907000.0,382268000.0,261652000.0,636953700.0,1018907700.0,15.05778269283937,1.701901782972051,0.3097320426794072,1.0049329220524872,0.019703829824385444,15.05778269283937,0.031433607520564046,0.7032629577614076,12.401746495327103,1.5593265276145711,0.12001557632398754,2.1782806826624252,0.002419328123849504,0.6833896340741087,0.5479527342676559,0.009688204309440038,1.650006605687108,0.08062717508435352,-0.7151515151515152,5.2955491504393715,1.8129365832036253,1.9479457383226164,-0.39316253521360844,-0.7185815105422347,-0.6524785401625831,17.622031183979217,1.5828993816613135,1.3411175060183167,Food Distribution,Consumer Defensive,ANDE
2008Q2,2008,Q2,2008-08-08,2008-06-30,45626000.0,1100700000.0,70364000.0,1.65,120337000.0,0.10932770055419279,1754470000.0,395681000.0,1251143000.0,943907000.0,1346318000.0,406839000.0,250355000.0,735426150.0,1488633150.0,14.602121966971122,1.325493931075837,0.4483325448711007,1.9879296706185032,0.0374751194078878,14.602121966971122,0.11531006037691979,0.668144044698828,4.029644007802569,1.858633975348829,0.03072809363082453,2.4097075255813727,0.0019063776831976943,0.6273689490273416,0.2411487572398552,0.02600557433298945,-11.261578923190005,0.10932770055419279,4.892857142857142,3.6215672769273626,1.7857855622083643,1.8057040222911016,1.3034972531153692,4.832289403042311,5.42593607305936,2.6100335596028685,1.4694666116552646,1.242959173609984,Food Distribution,Consumer Defensive,ANDE
2008Q1,2008,Q1,2008-05-09,2008-03-31,7823000.0,713001000.0,10950000.0,0.28,52241000.0,0.07326918195065645,1661542000.0,352693000.0,1181859000.0,906527000.0,1295695000.0,558030000.0,206269000.0,804139860.0,1513851860.0,13.043862568881986,1.30372178655462,0.448063906900939,2.110835769351816,0.006288279275246935,13.043862568881986,0.022180763440159006,1.127824308801811,25.697937492010734,2.2799994896411326,0.1788316502620478,1.184094045123022,0.0017397471131452183,0.42912005835543127,0.23464496920665354,0.004708277010150812,-3.1694862305045466,0.07326918195065645,-0.6705882352941176,15.018369638599715,1.386816817434811,1.683276834099158,-0.24549747974407488,-0.666993018900051,-0.5241819840959457,5.189102201612501,1.2521575857294092,1.1410500253133513,Food Distribution,Consumer Defensive,ANDE
2007Q4,2007,Q4,2008-02-28,2007-12-31,23492000.0,784634000.0,23013000.0,0.85,69239000.0,0.08824369068890718,1334988000.0,344364000.0,914891000.0,737212000.0,978405000.0,502904000.0,199849000.0,798322973.1178,1234812973.1178,12.883277351561759,1.2410147962865499,0.3436660104809931,1.3322821200822386,0.01927504031095337,12.883277351561759,0.0682185129688353,1.0174463165218433,8.495689736056956,2.3182532817536097,0.05921164651796356,1.4225279576221306,0.0017424025699367476,0.5877461070811123,0.2157099992946398,0.01759716192205473,-6.723285945071585,0.08824369068890718,1.2368421052631577,5.3249166638611465,0.8045351419426088,1.683126344621816,0.3644228116501793,1.2235683861807856,1.4702662086732503,1.3091294085498042,0.7091101451263746,1.0935032185905695,Food Distribution,Consumer Defensive,ANDE
2007Q3,2007,Q3,2007-11-07,2007-09-30,10565000.0,553708000.0,9316000.0,0.38,50746000.0,0.09164758320269889,1031269000.0,316012000.0,641593000.0,485641000.0,702650000.0,306908000.0,177818000.0,872268513.9,1182938513.9,11.784017600775627,1.3211260993202798,0.3229293229991399,1.0538428920420744,0.008710726182820042,11.784017600775627,0.033432274723744666,1.57532221658347,20.640523282063416,2.7602385792311686,0.08035967818267865,1.63880381091402,0.0009733241386921511,0.536919077369726,0.36798581668351726,0.010244659734753978,-7.9362792300903475,0.09164758320269889,-0.5913978494623656,103.98003265519206,1.2145173769595412,1.4954109431291336,-0.31987723318992667,-0.5854912115505336,-0.7101070450585014,7.165031182510126,0.7889873770812558,1.038133956751446,Food Distribution,Consumer Defensive,ANDE
2007Q2,2007,Q2,2007-08-08,2007-06-30,25488000.0,634214000.0,32136000.0,0.93,74613000.0,0.11764640957153263,867487000.0,305009000.0,488157000.0,331677000.0,549358000.0,215925000.0,168580000.0,806511360.0,1030651360.0,11.42869454436451,1.471784296167657,0.2917450059770348,0.8297624004537572,0.03728481851362663,11.42869454436451,0.0835647472697527,1.2716706979032315,7.910696798493409,2.6442215147749737,0.033192090395480225,2.591645247192312,0.0010489622861604825,0.731093376615442,0.5865194149730009,0.02938142012502781,9.911533101473498,0.11764640957153263,1.7352941176470589,1.3872628609441215,0.7282101174270514,1.3953035063980557,0.6212815888398775,1.7587401233899773,4.02046555225746,1.060132752474228,0.3721715654725559,0.9810236154980247,Food Distribution,Consumer Defensive,ANDE
2007Q1,2007,Q1,2007-05-10,2007-03-31,9239000.0,409144000.0,6401000.0,0.34,46021000.0,0.11248118022016698,903809000.0,278836000.0,575388000.0,419288000.0,612136000.0,328712000.0,143941000.0,787167600.0,1113471600.0,10.485118544005115,1.3722978000801358,0.39140238700875957,1.2686776456411655,0.0065989260973346045,10.485118544005115,0.03313417205812736,1.9239377822966974,21.3001298841866,2.8230486737723965,0.09124364108669769,1.104684343741634,0.0010709282241799585,0.45268856583636585,0.4635596535078514,0.01022229254189768,-8.42647512203477,0.11248118022016698,-0.38181818181818183,3.720880884608936,0.5657894276094201,1.3734729502534277,-0.23995045417010735,-0.32943823486717955,-0.6376450608547977,31.581057080241962,0.21123153904024078,0.9658916370994247,Food Distribution,Consumer Defensive,ANDE
