Quarters,Year,Quarter,FillingDate,Date,NetIncome,Revenue,OperatingIncome,EPSDiluted,GrossProfit,GrossProfitRatio,TotalAssets,CommonStockEquity,CurrentAssets,CurrentLiability,TotalLiability,Inventory,RetainedEarnings,MarketCap,EnterpriseValue,bookValuePerShare,currentRatio,debtToAssets,debtToEquity,roic,shareholdersEquityPerShare,roe,priceToSalesRatio,peRatio,pbRatio,payoutRatio,inventoryTurnover,dividendYield,assetTurnover,quickRatio,returnOnAssets,priceToFreeCashFlowsRatio,grossProfitMargin,epsdilutedGrowth,fiveYNetIncomeGrowthPerShare,fiveYRevenueGrowthPerShare,fiveYShareholdersEquityGrowthPerShare,grossProfitGrowth,netIncomeGrowth,operatingIncomeGrowth,threeYNetIncomeGrowthPerShare,threeYRevenueGrowthPerShare,threeYShareholdersEquityGrowthPerShare,Industry,Sector,Symbol
2023Q1,2023,Q1,2023-05-09,2023-03-31,83309000.0,394240000.0,152923000.0,0.17,200930000.0,0.509664164,4698145000.0,869440000.0,443318000.0,624513000.0,3828705000.0,163863000.0,-1402532000.0,3409885920.0,5502512920.0,1.8970234640577066,0.7098619244115014,0.4727512667233557,2.55457995951417,0.029522414080629333,1.8970234640577066,0.09581914795730585,8.649264204545455,10.232645692542222,3.921933566433567,0.0019805783288720305,1.1797049974673965,4.8388715596678964e-05,0.08391397030104435,0.3817886897470509,0.017732317755199126,-171.9385800726099,0.509664163961039,1.7083333333333335,2.431702218685422,1.6753253268186958,-0.11019809915387087,-0.2635313694658559,1.7290157163358886,-0.3690332270189757,1.4025536218237877,0.958426984366242,0.19017236399792486,Oil & Gas E&P,Energy,KOS
2022Q4,2022,Q4,2023-02-28,2022-12-31,-114276000.0,509916000.0,242363000.0,-0.24,272829000.0,0.5350469489,4579988000.0,787848000.0,468721000.0,574254000.0,3792140000.0,133515000.0,-1485841000.0,2899473120.0,4941979120.0,1.7281461398752336,0.8162259209339421,0.486008041942468,2.82530513500066,0.045971782720344044,1.7281461398752336,-0.14504828342522924,5.686177958722613,-6.343136616612412,3.6802443110853873,0.0,1.7757330637007078,0.0,0.11133566288819971,0.5278848732442438,-0.02495115707726745,129.33106382978724,0.5350469489092321,-1.5106382978723405,0.20096093081771896,1.3263203227727907,-0.2503652362399486,-0.05060357516938035,-1.514168473908231,-0.014468060881339943,-1.8134587543532354,-0.0012468418829080512,-0.1756247157567116,Oil & Gas E&P,Energy,KOS
2022Q3,2022,Q3,2022-11-07,2022-09-30,222254000.0,456056000.0,245921000.0,0.47,287371000.0,0.630122178,4921412000.0,893491000.0,547789000.0,592440000.0,4027921000.0,150284000.0,-1371565000.0,2356692800.0,4430896800.0,1.9600978413478414,0.9246320302477888,0.46851777498002606,2.5806292396901593,0.051775602059886704,1.9600978413478414,0.24874788889871302,5.167551353342572,2.6509003212540607,2.637623434371471,0.0,1.1224415107396661,0.0,0.09266771406254953,0.6113648639524678,0.04516061650599462,72.54040876631372,0.6301221779781431,0.8799999999999999,3.991768581325004,1.5736733358744728,-0.2443923356821811,-0.2965214198286414,0.896802164321132,-0.17443484332722353,11.184429376992403,0.12497404982784596,-0.1168505662272287,Oil & Gas E&P,Energy,KOS
2022Q2,2022,Q2,2022-08-08,2022-06-30,117173000.0,620368000.0,297882000.0,0.25,408500000.0,0.6584801279,4931190000.0,662366000.0,690283000.0,865957000.0,4268824000.0,154484000.0,-1593819000.0,2819619280.0,4906917280.0,1.4541131737473436,0.7971331139998868,0.46857350862570696,3.488441435701712,0.06046980723623955,1.4541131737473436,0.1769006863274987,4.545075310138499,6.015932168673671,4.2568901181522,0.00011094706118303705,1.3714559436575957,4.610551535170379e-06,0.1258049274110306,0.5933135248055041,0.02376160723882065,62.10615154185022,0.6584801279240708,82.33333333333333,12.786263935114565,2.87463692767891,-0.4692341142362778,0.08833786696434995,82.695,-0.5138287281095462,5.131363511949448,0.380453921430837,-0.34001153431951747,Oil & Gas E&P,Energy,KOS
2022Q1,2022,Q1,2022-05-09,2022-03-31,1400000.0,659015000.0,612710000.0,0.003,375343000.0,0.5695515277,5021361000.0,536321000.0,794189000.0,933107000.0,4485040000.0,153392000.0,-1710992000.0,3264993380.0,5442788380.0,1.1810584406146636,0.8511231830861841,0.5009854897905169,4.690528619986911,0.02186759804081318,1.1810584406146636,0.0026103769943746375,4.954353664180633,583.0345321428572,6.087759718526779,0.4585714285714286,1.8493272139355377,0.00019663133283290147,0.131242306617668,0.5906117947888078,0.0002788088727339062,14.787509533773562,0.5695515276587028,-0.9863636363636363,1.041402375445165,4.434353875836176,-0.5689880951583073,0.42273461249801,-0.9858179018598808,2.1675567250675947,1.0233771544629289,0.961618615837943,-0.4595004428842794,Oil & Gas E&P,Energy,KOS
2021Q4,2021,Q4,2022-02-28,2021-12-31,98716000.0,572558000.0,193433000.0,0.22,263818000.0,0.4607707865,4940651000.0,529237000.0,541952000.0,530952000.0,4411414000.0,0.0,-1711880000.0,1534340460.0,4023215460.0,1.193450911149146,1.0207175036538143,0.5303946787579208,4.951458420329645,0.03891416575334051,1.193450911149146,0.18652512957332915,2.679799181916941,3.8857441042992016,2.899155690172834,0.0,0.0,0.0,0.11588715738067716,0.5822484895056427,0.019980362911689167,-4.654523684569765,0.4607707865404029,4.142857142857143,2.5163060383102285,2.19410274654788,-0.5736886084813654,2.1517215014455355,4.451970486414659,4.425434044820912,-0.4948771082126273,0.8034974361070666,-0.4662405337088732,Oil & Gas E&P,Energy,KOS
2021Q3,2021,Q3,2021-11-08,2021-09-30,-28597000.0,198936000.0,35653000.0,-0.07,83706000.0,0.4207684883580649,4153724000.0,286752000.0,415921000.0,461743000.0,3866972000.0,152950000.0,-1811108000.0,1209219200.0,3496130200.0,0.7019289141290512,0.9007629785400103,0.5773710530598567,8.363463899118402,0.013573377857138408,0.7019289141290512,-0.0997272904809731,6.078433264969639,-10.571206769940904,4.2169512331213035,-0.0023778718047347625,0.7533834586466165,5.623463471304458e-05,0.04789340842097357,0.4053900113266471,-0.006884665423123925,-6.510804684345134,0.4207684883580649,0.5,0.5478408553336579,3.0315293605388547,-0.7598371179640069,-0.28505906167525047,0.4999387972791019,-0.577756196927887,0.7753546875728116,-0.18875967796740567,-0.6962824980976071,Oil & Gas E&P,Energy,KOS
2021Q2,2021,Q2,2021-08-09,2021-06-30,-57187000.0,384045000.0,84437000.0,-0.14,117081000.0,0.3048627114010077,4003272000.0,307242000.0,443466000.0,645289000.0,3696030000.0,134942000.0,-1782511000.0,1412133260.0,3508995260.0,0.7528024090304338,0.6872362615820199,0.5611439842209073,7.311539437967466,0.029675106645836214,0.7528024090304338,-0.18613015147668613,3.676999466208387,-6.173314127336632,4.596159574537335,-0.00024481088359242485,1.9783610736464554,9.914078505593728e-06,0.09593277698842347,0.37033484221798296,-0.014285064816979711,11.10656625558422,0.3048627114010077,0.3636363636363636,0.5021009896514163,6.959432243474844,-0.7541629074170298,1.1609235709935217,0.3699651859686233,2.693818627236537,0.4615925542468303,0.7352359936204861,-0.5985497596983448,Oil & Gas E&P,Energy,KOS
2021Q1,2021,Q1,2021-05-10,2021-03-31,-90768000.0,176474000.0,22859000.0,-0.22,54181000.0,0.30701973095186824,3959086000.0,356785000.0,420227000.0,481144000.0,3602301000.0,153650000.0,-1725324000.0,1250610550.0,3461480550.0,0.8758361665827943,0.8733913339873302,0.5824859576174904,6.4635901172975325,0.007249970735172349,0.8758361665827943,-0.254405314124753,7.086656107981912,-3.444524915168341,3.50522177221576,-0.004737352370879605,0.7959192971038074,0.0003438320586692636,0.04457442955267958,0.3900059025988062,-0.022926503743540806,-7.128910721207561,0.30701973095186824,-12.0,-0.45201630005908233,1.6807328451210004,-0.7361521259720806,4.002400517034438,-12.408748114630468,2.2133227176220807,-0.7549984785204541,0.34734819834968067,-0.589187640205461,Oil & Gas E&P,Energy,KOS
2020Q4,2020,Q4,2021-02-23,2020-12-31,7956000.0,274153000.0,-18840000.0,0.02,10831000.0,0.03950713652595449,3867593000.0,440154000.0,400291000.0,460199000.0,3427439000.0,128972000.0,-1634556000.0,952819250.0,2915192250.0,1.085580397331393,0.8698215337278004,0.5459209384234587,4.796957428536376,0.003612187179844916,1.085580397331393,0.018075491759702286,3.475501818327722,29.940273064353946,2.1647406362318646,0.012192056309703369,2.0416989734205875,0.00010180314891832842,0.07088465616728544,2.7424353377560577,0.0020570933911608588,72.41368369053048,0.03950713652595449,1.2222222222222223,-0.6860440603766139,1.1326340454084887,-0.6855107299331935,-0.6300635289295717,1.212818317997004,-2.4676974047487574,1.0625499648041152,0.4063168774238156,-0.5290972297315003,Oil & Gas E&P,Energy,KOS
2020Q3,2020,Q3,2020-11-09,2020-09-30,-37384000.0,224786000.0,-5433000.0,-0.09,29278000.0,0.13024832507362558,4093501000.0,425564000.0,592466000.0,565210000.0,3667937000.0,142232000.0,-1642512000.0,395517020.40000004,2456036020.4,1.0497152258583307,1.0482227844517966,0.5768504759129166,5.548725926065175,-0.001997128961291578,1.0497152258583307,-0.0878457764284573,1.7595269296130545,-2.644961884763535,0.9293949215629143,-0.000187245880590627,1.3745711232352775,1.7698353393036435e-05,0.05491289729744783,0.6831124714707808,-0.009132524946250166,131.48837114361703,0.13024832507362558,0.8163265306122449,-1.5874521304452542,1.2040221138234388,-0.6873344636786833,1.3515187897706809,0.8125090901795968,0.9536587654278866,0.43417357566317055,0.42634161950473026,-0.5953401645173755,Oil & Gas E&P,Energy,KOS
2020Q2,2020,Q2,2020-08-03,2020-06-30,-199391000.0,127314000.0,-117239000.0,-0.49,-83290000.0,-0.6542092778484692,3986491000.0,454187000.0,480999000.0,448919000.0,3532304000.0,130299000.0,-1605128000.0,672623700.0,2672185700.0,1.120909685460087,1.0714605530173595,0.5427462397381557,4.763793327418002,-0.036179390640351895,1.120909685460087,-0.4390064004473928,5.283187237852868,-0.8433476184983274,1.4809400092913272,-0.00012538178754306864,1.6163132487586245,3.716788450957051e-05,0.03193635706188726,0.6251729153811713,-0.05001666879468686,-6.9059292798620096,-0.6542092778484692,-0.08888888888888884,-1.5008639345206125,0.007293557886744608,-0.6475109835373091,-4.641092896174864,-0.09095733912577215,-1.3133645099548137,-21.547059410421152,-0.10609053968006114,-0.5908567277943312,Oil & Gas E&P,Energy,KOS
2020Q1,2020,Q1,2020-05-11,2020-03-31,-182767000.0,177780000.0,-50679000.0,-0.45,22875000.0,0.12867026662166722,4183962000.0,645148000.0,614515000.0,515837000.0,3538814000.0,140068000.0,-1405737000.0,362502160.4,2297495160.4,1.5939064974466288,1.1912968631563847,0.4927147999910133,3.195390825050996,-0.029192917774947084,1.5939064974466288,-0.2832946858705289,2.0390491641354482,-0.49585286238763016,0.5618899235524251,-0.10481104356913447,1.1059271211126025,0.05284382299642704,0.042490825681495197,0.6376219619763608,-0.04368275811300389,-3.546432656335603,0.12867026662166722,-4.0,-1.1765259976784679,0.5303687065886176,-0.5281915204200066,-0.8619368077979298,-4.109076677941464,-2.0911615889762083,-5.063898276376569,0.6447216832292673,-0.4183245705889986,Oil & Gas E&P,Energy,KOS
2019Q4,2019,Q4,2020-02-25,2019-12-31,-35773000.0,449657000.0,46445000.0,-0.09,165685000.0,0.3684697447165284,4317232000.0,841702000.0,566557000.0,539101000.0,3475530000.0,114412000.0,-1222970000.0,2288641200.0,4072202200.0,2.0963099851562577,1.0509292321846926,0.46512742423849357,2.3857172728590403,0.25604850877606017,2.0963099851562577,-0.04250079006584278,5.0897488530146315,-15.994193945154166,2.719063516541484,-0.5074217985631622,2.4820123763241617,0.007931343716087957,0.10415400423234146,0.7397407906867174,-0.008286096276503093,18.33935285350257,0.3684697447165284,-3.25,-1.2630044860136715,1.4018206736164815,-0.4048630124391466,0.4427087414992642,-3.2267662620603796,-0.15212311511920845,0.3931274973142794,1.7704705382092714,-0.25117923286357197,Oil & Gas E&P,Energy,KOS
2019Q3,2019,Q3,2019-11-04,2019-09-30,16065000.0,357036000.0,54778000.0,0.04,114843000.0,0.32165663966658825,4468259000.0,891030000.0,550028000.0,472375000.0,3577229000.0,140218000.0,-1187197000.0,2505147840.0,4408997840.0,2.2194407496525237,1.1643884625562317,0.4716593196589544,2.365235738415093,0.007420103483684675,2.2194407496525237,0.018029695969832664,7.016513292777199,38.984560224089634,2.811519073431871,1.1302832244008714,1.7272604087920238,0.007248274816387683,0.07990494731840746,0.7042773220428685,0.0035953600720101497,28.646302958228038,0.32165663966658825,0.0,-0.2048957043439298,1.4578540205842572,-0.2918834306201195,-0.2519248557172449,-0.04585139870523253,-0.4126502471505313,1.258473560571881,6.362630511376202,-0.24062497467275304,Oil & Gas E&P,Energy,KOS
2019Q2,2019,Q2,2019-08-05,2019-06-30,16837000.0,395933000.0,93263000.0,0.04,153518000.0,0.3877373191928937,4465734000.0,884211000.0,499714000.0,442649000.0,3581523000.0,108528000.0,-1203262000.0,2572480430.0,4527930430.0,2.2032402827647557,1.128917042622936,0.4774932855382788,2.411594065217465,0.010518574046323458,2.2032402827647557,0.01904183503711218,6.497261986245148,38.196834798360754,2.9093513086808462,1.0775078695729643,2.2336632021229543,0.007052337420502748,0.08866022920308285,0.7632503405632906,0.0037702648657533117,16.009262914859324,0.3877373191928937,1.3076923076923077,-0.7187443142703274,0.13839672097180775,-0.27609550051524445,0.5523175861511083,1.3182436774656938,0.7708724959650621,1.149078218381161,7.345016671164895,-0.28050418160302215,Oil & Gas E&P,Energy,KOS
2019Q1,2019,Q1,2019-05-06,2019-03-31,-52906000.0,296790000.0,52665000.0,-0.13,98896000.0,0.33321877421746016,4501856000.0,876593000.0,484127000.0,413727000.0,3625263000.0,87295000.0,-1220099000.0,2595531080.0,4659750080.0,2.1851237897717644,1.1701605164758404,0.48838567915099906,2.5081674163494347,0.014699679023741287,2.1851237897717644,-0.06035412101168958,8.745345463122073,-12.264823838506029,2.9609306485449913,-0.34300457415037994,2.266956870382038,0.006991632710481741,0.06592614246213117,0.7749119588520933,-0.011752041824527484,-26.81472266129449,0.33321877421746016,-1.302325581395349,-1.6646571713784377,0.3132396099986494,-0.23888192928776938,-0.07704942511572346,-1.2851076442217013,0.5999817717827196,0.1405800861732961,3.5780847612722635,-0.3417258975858826,Oil & Gas E&P,Energy,KOS
2018Q4,2018,Q4,2019-03-01,2018-12-31,185565000.0,301446000.0,32916000.0,0.43,107152000.0,0.3554600160559437,4088189000.0,941478000.0,509700000.0,384308000.0,3146711000.0,84827000.0,-1167193000.0,1713742690.0000002,3660774690.0,2.2359339487539986,1.3262799629463868,0.5187008232740707,2.2523595877970597,0.0069498376872122345,2.2359339487539986,0.19709966669428283,5.685073578684077,2.308817247325735,1.8202684396236557,0.0,2.290473552053002,0.0,0.07373582777117203,0.8158065926288289,0.04539051399042461,16.906150757635547,0.3554600160559437,2.3870967741935485,38.968884953123585,0.260659789764041,-0.14867164429580407,-0.005217520470876581,2.4720721578333613,1.417604445515789,6.051174289068011,1.2580019629748789,-0.3522568782654797,Oil & Gas E&P,Energy,KOS
2018Q3,2018,Q3,2018-11-05,2018-09-30,-126057000.0,242833000.0,-78821000.0,-0.31,107714000.0,0.44357233160237697,4329464000.0,934933000.0,640779000.0,628449000.0,3394531000.0,90003000.0,-1352758000.0,3883545600.0,5785399600.0,2.3111243498724465,1.0196197304793229,0.4837781305029907,2.2402674844079735,-0.028596352583062052,2.3111243498724465,-0.13482998246933203,15.992659976197634,-7.70196339751065,4.153822359463192,0.0,1.5012721798162283,0.0,0.056088467302187986,0.7080685942693838,-0.02911607533865624,-4.178776133856997,0.44357233160237697,-0.19230769230769226,-1.6452151309197751,0.0535736900274211,-0.10047608595437381,0.18253976967075433,-0.22061913568890223,-15.020528455284554,-2.9851342946790247,1.3861107836152362,-0.311614315428015,Oil & Gas E&P,Energy,KOS
2018Q2,2018,Q2,2018-08-06,2018-06-30,-103273000.0,215191000.0,-4920000.0,-0.26,91087000.0,0.4232844310403316,2903443000.0,744131000.0,417911000.0,436400000.0,2159312000.0,71085000.0,-1226701000.0,3281751020.0,4332610020.0,1.87520726968495,0.9576329055912007,0.40221213228570357,1.5693473326605127,-0.0017881677928370272,1.87520726968495,-0.13878335938161426,15.250410193734869,-7.944358690073882,4.410179148563896,0.0,1.7458535556024477,0.0,0.07411579975911357,0.6296012832263977,-0.0355691501434676,-78.98888054492502,0.4232844310403316,-1.0,-0.38386245484187925,0.05578616905248934,-0.2948718376651157,2.483117280409927,-1.0561661290964839,0.8061007330338141,-0.32262054172976723,0.7384730207941627,-0.4103093454102621,Oil & Gas E&P,Energy,KOS
2018Q1,2018,Q1,2018-05-07,2018-03-31,-50226000.0,127196000.0,-25374000.0,-0.13,26151000.0,0.2055960879272933,3030528000.0,843404000.0,448875000.0,358508000.0,2187124000.0,79710000.0,-1123428000.0,2492280000.0,3558635000.0,2.1319615773508596,1.2520641101453802,0.41748368601115055,1.5001067104258456,-0.008104680282572782,2.1319615773508596,-0.05955153165031231,19.59401239032674,-12.405327917811492,2.9550251125202154,0.0,1.2676577593777443,0.0,0.04197156403108633,0.834053912325527,-0.016573349594526103,-46.597737683462654,0.2055960879272933,0.5806451612903225,-3.371187846846817,-0.4709256897651637,-0.25049806360623034,-0.6075603643621411,0.5885778880888605,-4.07987987987988,0.388023283107299,0.1202807153837869,-0.3689231131535965,Oil & Gas E&P,Energy,KOS
2017Q4,2017,Q4,2018-02-26,2017-12-31,-122079000.0,187104000.0,-4995000.0,-0.31,66637000.0,0.35614952112194287,3192603000.0,897112000.0,533602000.0,428730000.0,2295491000.0,71861000.0,-1073202000.0,2665670650.0,3715058650.0,2.3053175004946693,1.2446108273272223,0.4018037945839179,1.4299217934884385,-0.0023014817844586827,2.3053175004946693,-0.1360799989298995,14.246999796904396,-5.45890499184954,2.971391141797233,0.0,1.6763891401455588,0.0,0.05860547020722589,0.9198633172392882,-0.03823807720533997,26.339838245901802,0.35614952112194287,-0.9375,-4.724908058102878,-0.1707484838902982,-0.1591566451593814,0.7280035266965744,-0.9253844334043057,0.6565357904146325,-1.9260526827137356,0.031167530766429658,-0.3455263189458847,Oil & Gas E&P,Energy,KOS
2017Q3,2017,Q3,2017-11-06,2017-09-30,-63405000.0,151240000.0,-14543000.0,-0.16,38563000.0,0.2549788415763026,2970448000.0,1009243000.0,469149000.0,283122000.0,1961205000.0,74275000.0,-951123000.0,3096901680.0,4013139680.0,2.594068236612536,1.6570559688049675,0.3637161801856151,1.0705053193334013,-0.006797150771925671,2.594068236612536,-0.06282431485776964,20.476736842105264,-12.210794416844097,3.0685391724292366,0.0,1.517024570851565,0.0,0.05091487883309184,1.107165815443519,-0.021345265091326292,57.52687297990118,0.2549788415763026,-7.000000000000001,-0.6789249534818053,-0.3471754236232765,-0.0035736673580592303,-0.08873292688690392,-6.488484705326562,-2.9143082795840463,-4.238182324073365,0.07434846251878237,-0.1723578560342415,Oil & Gas E&P,Energy,KOS
2017Q2,2017,Q2,2017-08-07,2017-06-30,-8467000.0,136363000.0,7597000.0,-0.02,42318000.0,0.3103334482227584,3076359000.0,1062853000.0,513475000.0,282340000.0,2013506000.0,79871000.0,-887718000.0,2486772320.0,3451798320.0,2.7396507815399844,1.8186406460296096,0.3665046894721975,1.0608240274054832,-0.0019229219587388767,2.7396507815399844,-0.00796629449227692,18.236415449938768,-73.42542577063895,2.339714259638915,0.0,1.1774611561142343,0.0,0.044326101082480945,1.2336048735567047,-0.0027522795616506395,3604.0178550724636,0.3103334482227584,0.7142857142857143,0.6743181609509243,0.15941993007517757,0.026687414247564004,-0.12868555427441938,0.7064248812454492,1.1006131881812282,-1.1463127636123545,-0.5944125225299643,-0.09985055044244724,Oil & Gas E&P,Energy,KOS
2017Q1,2017,Q1,2017-05-08,2017-03-31,-28841000.0,103432000.0,-75507000.0,-0.07,48568000.0,0.4695645448217186,3183049000.0,1061312000.0,545791000.0,344752000.0,2121737000.0,84424000.0,-879251000.0,2579497920.0,3601003920.0,2.7401991159581938,1.5831409244906482,0.3690486700016242,1.1068375746246155,-0.14614649750487543,2.7401991159581938,-0.027174855273472832,24.939070307061645,-22.35964356298325,2.4304803111620337,0.0,0.6498625983132759,0.0,0.0324946301486405,1.0261753376340095,-0.009060809305794539,-41.29641419720475,0.4695645448217186,0.5333333333333333,0.26761915619891935,-0.14851870603511705,0.007033518818157609,0.27726495726495726,0.49134038800705465,-0.010492084097265902,-1.3752874851537418,-0.525964755905276,-0.04553917070149042,Oil & Gas E&P,Energy,KOS
2016Q4,2016,Q4,2017-02-27,2016-12-31,-56700000.0,156118000.0,-74723000.0,-0.15,38025000.0,0.24356576435772942,3341465000.0,1081199000.0,475187000.0,370025000.0,2260266000.0,74380000.0,-850410000.0,2707360140.0,3835203140.0,2.799481634534222,1.2842024187554895,0.39560492179328527,1.2226241422716817,-0.03070453380520679,2.799481634534222,-0.05244177991285601,17.341755210802084,-11.93721402116402,2.5040350018821695,0.0,1.5876983059962355,0.0,0.04672142308837591,0.9118140666171205,-0.016968605087888097,31.12409054330582,0.24356576435772942,0.0,-2.579294989705888,-0.3217016991686472,0.012655899305168361,1.4990141955835963,0.05125244716630691,0.05272432240561852,-14.314725549426315,-0.2881892415327034,0.06589825610914168,Oil & Gas E&P,Energy,KOS
2016Q3,2016,Q3,2016-11-07,2016-09-30,-59763000.0,46628000.0,-78882000.0,-0.15,15216000.0,0.3263275285236339,3301817000.0,1128246000.0,386601000.0,282457000.0,2173571000.0,82062000.0,-793710000.0,2474426660.0,3684486660.0,2.9227202312797584,1.368707449275465,0.39950730158576325,1.1691599172520886,-0.03685846245295491,2.9227202312797584,-0.052969831047484324,53.06739855880587,-10.350997523551362,2.193162359981777,0.0,0.3827837488728035,0.0,0.014121921354211938,0.7113118102932482,-0.01810003401157605,-18.96126912849907,0.3263275285236339,0.46428571428571436,-2.1648529029439354,-0.7957227010029263,0.18026156735876805,4.709410043881034,0.448294006868284,-0.3072486825096947,-0.31421687813280424,-0.78799572491054,0.1375661124621904,Oil & Gas E&P,Energy,KOS
2016Q2,2016,Q2,2016-08-08,2016-06-30,-108324000.0,45506000.0,-60342000.0,-0.28,-4102000.0,-0.09014195930207006,3293262000.0,1178696000.0,453174000.0,363332000.0,2114566000.0,71078000.0,-733947000.0,2097803100.0,3176320100.0,3.0622002608347754,1.247272467054925,0.3617489285699103,1.0107220182303156,-0.022265447091248187,3.0622002608347754,-0.09190155901097484,46.09948358458225,-4.8415011908718295,1.7797660295784494,0.0,0.6979374771377923,0.0,0.013817910630857794,0.6940319047042375,-0.03289261528539181,-9.066405770543948,-0.09014195930207006,-0.8666666666666669,-9.798071228366014,-0.6680746843373975,0.19803843814002253,-3.7961826857532377,-0.8362178563558388,-0.49691151298652975,-0.4964517584871047,-0.7698280347058083,0.1514693215681693,Oil & Gas E&P,Energy,KOS
2016Q1,2016,Q1,2016-05-09,2016-03-31,-58993000.0,62125000.0,-40311000.0,-0.15,1467000.0,0.023613682092555332,3234819000.0,1276122000.0,570459000.0,380765000.0,1958697000.0,67227000.0,-623679000.0,2237411700.0,3038090700.0,3.3194740333216277,1.4981917980906858,0.31333932439496615,0.7942782900067549,-0.01702179830485271,3.3194740333216277,-0.0462283386698137,36.014675251509054,-9.481682996287697,1.7532898108488062,0.0,0.9022862837847888,0.0,0.01920509308248777,0.8083384764881226,-0.01823687816845394,-10.603796664470785,0.023613682092555332,-3.5,-0.05064481989647512,-0.36623819723871637,2.815850645620963,-0.9684251307548266,-3.4580416666666665,-4.283916633896972,-3.8659671818649883,-0.7340849089138418,0.166977980379405,Oil & Gas E&P,Energy,KOS
2015Q4,2015,Q4,2016-02-22,2015-12-31,24000000.0,121748000.0,-7629000.0,0.06,46461000.0,0.3816161251108848,3203050000.0,1325513000.0,734148000.0,456741000.0,1877537000.0,85173000.0,-564686000.0,1996784400.0,2582658400.0,3.4518837386750416,1.6073617214132299,0.26876820530431933,0.6494677909609337,-0.0012695138956296383,3.4518837386750416,0.018106197374148727,16.400962644150212,20.7998375,1.5064238525008808,0.0,0.8839303535157855,0.0,0.03801002169806903,0.9043111960607871,0.007492858369366698,-20.65140552280484,0.3816161251108848,-0.6,1.3574015365449517,89.14768730681968,2.5474633698340083,0.2412107287882026,-0.6017588981996184,0.06553160215580597,-0.25788036304587003,-0.45316900232126484,0.2590428445211947,Oil & Gas E&P,Energy,KOS
2015Q3,2015,Q3,2015-11-02,2015-09-30,60265000.0,96584000.0,-8164000.0,0.15,37432000.0,0.38755901598608467,3105045000.0,1288952000.0,817402000.0,455352000.0,1816093000.0,76366000.0,-588686000.0,2142295920.0,2675615920.0,3.357310300997072,1.7950991760220665,0.28964314526842605,0.6977412657725035,-0.0018356255427385698,3.357310300997072,0.04675503820157772,22.18065021121511,8.886982162117315,1.6620447619461394,0.0,0.7745855485425451,0.0,0.031105507327591066,1.08715674906446,0.01940873642733036,157.27890169591072,0.38755901598608467,1.7499999999999998,1.7115158143021987,70.6921615029117,0.0,-0.39079487012564285,1.8014815405894244,-2.4257771568285014,2.6171191726523464,-0.577521995953867,0.28960076822497133,Oil & Gas E&P,Energy,KOS
2015Q2,2015,Q2,2015-08-03,2015-06-30,-75192000.0,119200000.0,5726000.0,-0.2,61444000.0,0.5154697986577181,2741263000.0,1215193000.0,636469000.0,303965000.0,1526070000.0,70078000.0,-648951000.0,3221423340.0,3767355340.0,3.1799847175627654,2.0938890990739067,0.2913047744780417,0.6571326530024448,0.00429312627016361,3.1799847175627654,-0.061876590796688266,27.025363590604027,-10.710658514203638,2.6509561361857745,0.0,0.8241673563743257,0.0,0.0434836059145,1.306179987827546,-0.02742969207989164,-30.073594914020052,0.5154697986577181,0.04761904761904753,-1.2665836561741854,95.94066996791561,0.0,0.5339141723044661,0.047104892977987305,1.058697501819561,-1.936252417643957,0.02891201463854996,0.19170308457564855,Oil & Gas E&P,Energy,KOS
2015Q1,2015,Q1,2015-05-04,2015-03-31,-78909000.0,109164000.0,-97551000.0,-0.21,40057000.0,0.36694331464585395,2821892000.0,1284950000.0,831437000.0,331970000.0,1536942000.0,73750000.0,-573759000.0,3008608050.0,3442577050.0,3.3782913330967124,2.50455462843028,0.28152530288189626,0.618260632709444,-0.06957133042826613,3.3782913330967124,-0.06141017160200786,27.560441629108496,-9.531891324183553,2.3414203276392076,0.0,0.9370440677966102,0.0,0.038684683892934245,1.547410910624454,-0.027963153798940567,-15.495588924541227,0.36694331464585395,-1.6363636363636365,-0.19049157150850743,42.95854597654701,0.0,-0.5357809222496495,-1.6127854874156449,-10.533913213448006,-1.0404456188961448,-0.08489389451125559,0.24153481728704082,Oil & Gas E&P,Energy,KOS
2014Q4,2014,Q4,2015-02-23,2014-12-31,128771000.0,177242000.0,10232000.0,0.33,86289000.0,0.4868428476320511,2972766000.0,1338959000.0,1010476000.0,448771000.0,1633807000.0,55354000.0,-494850000.0,3189265530.0,3428703530.0,3.5223990929347297,2.2516517332893615,0.26718180980272244,0.5931988955599089,0.0023973870107982785,3.5223990929347297,0.09617247428786094,17.99384756434705,6.191738687282075,2.3818993187991566,0.0,1.6431152220255085,0.0,0.059621914405641074,1.6007607443439973,0.04331689746182511,-49.875135350692,0.4868428476320511,5.6000000000000005,2.9371460047029587,131.57404556790542,2.6199312323649546,0.010066839129569584,5.733828374209067,-0.6465264103361316,2.6441610461047795,-0.21759127181584895,0.2741566785670312,Oil & Gas E&P,Energy,KOS
2014Q3,2014,Q3,2014-11-03,2014-09-30,19123000.0,137485000.0,28947000.0,0.05,85429000.0,0.6213696039567953,2603207000.0,1190932000.0,846361000.0,288964000.0,1412275000.0,57571000.0,-623621000.0,3784491240.0000005,3977971240.0000005,3.1342872708036706,2.9289496269431488,0.3050491182606685,0.6667937380135893,0.004842126616299939,3.1342872708036706,0.016057172029973164,27.52657555369677,49.475647649427394,3.1777559424047723,0.0,0.9042052422226469,0.0,0.052813702483129464,2.480450852009247,0.0073459390666973465,-209.42345415306295,0.6213696039567953,-0.6666666666666666,1.2281248085077487,102.11430067105306,0.0,-0.6377133648565552,-0.6615817509335127,-0.8390187747475197,-0.6213280710325236,-0.38807664662694114,0.2656971978366842,Oil & Gas E&P,Energy,KOS
2014Q2,2014,Q2,2014-08-04,2014-06-30,56507000.0,328297000.0,179816000.0,0.15,235805000.0,0.7182673006454522,2578056000.0,1152958000.0,905549000.0,326938000.0,1425098000.0,39839000.0,-642744000.0,4254148600.0,4432517600.0,3.043551026872921,2.769788155552429,0.31031133536276945,0.6938674262202092,0.03789619544847734,3.043551026872921,0.049010458316781705,12.958231723104385,18.821334524926115,3.6897689248003833,0.0,2.321644619593865,0.0,0.1273428505819889,2.381454587719996,0.021918453284180017,51.87226991172024,0.7182673006454522,-0.21052631578947373,2.718263218888683,268.3295479437876,0.0,0.5704419521551495,-0.24626178820579173,0.6357318293459474,6.723465523910835,1.4331783830346125,0.19074221410989425,Oil & Gas E&P,Energy,KOS
2014Q1,2014,Q1,2014-05-05,2014-03-31,74969000.0,212853000.0,109930000.0,0.19,150152000.0,0.7054258103010058,2413361000.0,1084727000.0,760089000.0,262194000.0,1328634000.0,42490000.0,-699251000.0,4156130000.0,4428102000.0,2.8709393113304924,2.898956497860363,0.3314879125004506,0.7375127566659629,0.034772394069135876,2.8709393113304924,0.06911324231811322,19.525822985816504,13.85949525803999,3.831498616702636,0.0,1.475664862320546,0.0,0.08819774579932302,2.428179134533971,0.031064146640307853,249.28802783109404,0.7054258103010058,16.231805088814212,2.1386079049838265,85.28520694161043,0.0,-0.002033790160709301,16.995439270283246,0.46780783507357065,2.3585125075913598,1.209357096303891,2.5704888635027214,Oil & Gas E&P,Energy,KOS
2013Q4,2013,Q4,2014-02-24,2013-12-31,4166000.0,214564000.0,74894000.0,0.011026122859487071,150458000.0,0.701226673626517,2345826000.0,992335000.0,734961000.0,219324000.0,1353491000.0,47424000.0,-774220000.0,4224139400.0,4526031400.0,2.626406055633486,3.351028615199431,0.3836601691685573,0.906951785435362,0.0035385035314458354,2.626406055633486,0.004198179042359687,19.687083574131726,253.4889222275564,4.256767523064288,0.0,1.3517628205128205,0.0,0.09146628948609146,2.8242873556929475,0.0017759202941735662,25.319112182023066,0.701226673626517,1.0918843571623922,1.063051559439669,160.46596928783123,1.6991289342341078,0.2111635245439763,1.0936432296349576,6.104344526655284,1.063051559439669,160.46596928783123,1.6991289342341078,Oil & Gas E&P,Energy,KOS
2013Q3,2013,Q3,2013-11-05,2013-09-30,-44488000.0,215169000.0,10542000.0,-0.12,124226000.0,0.5773415315403241,2295079000.0,970297000.0,709443000.0,224142000.0,1324782000.0,33118000.0,-778386000.0,3882283119.9999995,4342016120.0,2.5692750507077906,3.165149771127232,0.3921433641282065,0.9275510488025831,0.024430855405786392,2.5692750507077906,-0.045849878954588134,18.04294819421013,-21.816462416831502,4.001128644116183,0.0,2.746029349598406,0.0,0.09375232835122452,2.810361288825834,-0.019384082203706278,-52.586935767886644,0.5773415315403241,0.368421052631579,0.46603418842283767,161.36684845303077,0.0,0.1074106100180964,0.3717803886127429,1.4395430286857904,0.46603418842283767,161.36684845303077,0.0,Oil & Gas E&P,Energy,KOS
2013Q2,2013,Q2,2013-08-05,2013-06-30,-70816000.0,193413000.0,-23984000.0,-0.19,112177000.0,0.5799868674804692,2225730000.0,1001426000.0,652412000.0,142767000.0,1224304000.0,53482000.0,-733898000.0,3916255200.0,4307381200.0,2.6593850165842103,4.569767523307207,0.4043617150328207,0.8987184275223531,-0.03636571839701035,2.6593850165842103,-0.07071516018158107,20.24814878007166,-13.825460347943968,3.910678572355821,0.0,1.5189409520960324,0.0,0.08689868043293661,3.8847632856332344,-0.03181697690196025,31.469261613377583,0.5799868674804692,-4.8,-1.1662775030250176,158.6239317173264,0.0,-0.22645087438627462,-4.524236090375236,-1.2935977475823235,-1.1662775030250176,158.6239317173264,0.0,Oil & Gas E&P,Energy,KOS
2013Q1,2013,Q1,2013-05-09,2013-03-31,20094000.0,228066000.0,81690000.0,0.05,145016000.0,0.6358510255803145,2358678000.0,1067497000.0,726909000.0,125129000.0,1291181000.0,30120000.0,-663082000.0,4225697840.0,4728408840.0,2.844504428646039,5.809276826315243,0.42396630654968587,0.9367707824940024,0.012369634305724174,2.844504428646039,0.018823472103434484,18.528398972227336,52.57412461431273,3.9585102721600154,0.0,2.75730411686587,0.0,0.09669229966956067,5.0712145066291585,0.008519178963809389,-242.354774030741,0.6358510255803145,-0.406308928684427,1.3072523859250678,92.07938484478436,0.0,0.0584491416559617,-0.36423463899259634,-0.0712929593797251,1.3072523859250678,92.07938484478436,0.0,Oil & Gas E&P,Energy,KOS
2012Q4,2012,Q4,2013-02-25,2012-12-31,31606000.0,217591000.0,87961000.0,0.08421888489783737,137008000.0,0.6296583957976203,2366123000.0,1028906000.0,750118000.0,190253000.0,1337217000.0,33281000.0,-683176000.0,4634757400.0,5119593400.0,2.74167297300178,3.9427394048976887,0.4226322976447125,0.9719060827714097,0.020132876181744197,2.74167297300178,0.030718063652073174,21.300317568281777,36.660423653736636,4.504548909229803,0.0,2.42129142754124,0.0,0.09196098427681063,3.413244469206793,0.013357716399358783,37.33281835243703,0.6296583957976203,1.8421888489783738,1.4815955794025735,163.85474980293952,1.817587491379679,0.20491082421641396,1.8718896551724138,1.4650673990415604,1.4815955794025735,163.85474980293952,1.817587491379679,Oil & Gas E&P,Energy,KOS
2012Q3,2012,Q3,2012-11-05,2012-09-30,-36250000.0,222375000.0,35683000.0,-0.1,113708000.0,0.5113344575604272,2319160000.0,972224000.0,742071000.0,217646000.0,1346936000.0,37992000.0,-714782000.0,4294652000.0,4895002000.0,2.6033718215119643,3.4095319923178007,0.43119060349436866,1.0285695477585413,0.0635095381377791,2.6033718215119643,-0.03728564610624712,19.312656548622822,-29.618289655172415,4.417348265420315,0.0,2.860260054748368,0.0,0.09588601045206023,2.8565514643044208,-0.015630659376670863,-44.138706461525814,0.5113344575604272,-0.4285714285714285,0.5600102785651884,168.6944238902511,0.0,0.2253413364656185,-0.459163547075635,5.043868563685637,0.5600102785651884,168.6944238902511,0.0,Oil & Gas E&P,Energy,KOS
2012Q2,2012,Q2,2012-08-06,2012-06-30,-24843000.0,112389000.0,5904000.0,-0.07,92797000.0,0.8256768900871082,2461653000.0,989243000.0,938708000.0,248064000.0,1472410000.0,50426000.0,-678532000.0,4096456000.0000005,4576505000.0,2.6684370953819596,3.7841363519091846,0.4509165182907583,1.1220701081534061,0.03009022665523648,2.6684370953819596,-0.0251131420692388,36.44890514196229,-41.223443223443226,4.141000745014117,0.0,0.38852972672827507,0.0,0.04565590682358561,3.193845136738906,-0.010091999156664241,-37.92137005322842,0.8256768900871082,0.3,0.22806920734938468,93.21667605074107,0.0,-0.14453099792578936,0.3382435204176767,2.3619377162629758,0.22806920734938468,93.21667605074107,0.0,Oil & Gas E&P,Energy,KOS
2012Q1,2012,Q1,2012-05-07,2012-03-31,-37541000.0,115801000.0,-4335000.0,-0.1,108475000.0,0.9367362976140102,2465034000.0,1004689000.0,1006278000.0,265174000.0,1460345000.0,40198000.0,-653689000.0,4888565480.0,5253277480.0,2.721060485825793,3.794783802333562,0.45029804862732115,1.1048195013581317,-0.0036206564917549253,2.721060485825793,-0.0373657918022393,42.215226811512856,-32.554843238059725,4.865749978351509,0.0,0.1822478730285089,0.0,0.046977445341524704,3.2978120026850295,-0.015229404543710148,66.30990979748518,0.9367362976140102,-2.075742213675961,0.4165531487418183,47.03655632159662,0.0,-0.3737587751708849,-2.0937563732773943,-1.0607312972821519,0.4165531487418183,47.03655632159662,0.0,Oil & Gas E&P,Energy,KOS
2011Q4,2011,Q4,2012-03-01,2011-12-31,34323000.0,220038000.0,71380000.0,0.09295907395721331,173216000.0,0.7872094819985639,2551934000.0,1020726000.0,1112481000.0,339607000.0,1531208000.0,27101000.0,-616148000.0,4526723020.0,4963631020.0,2.764494470881057,3.27578936829924,0.4349642271312659,1.0874612775612653,0.018396125651723202,2.764494470881057,0.03362606615291469,20.57246030231142,32.9714988491682,4.434807205851522,0.0,1.7276853252647504,0.0,0.08622401676532387,2.895249508991275,0.013449799250294091,-44.617158204953824,0.7872094819985639,-0.3005652569694873,1.5315753009251776,168.4434645119427,1.8410408965058187,-0.11245471733883984,-0.3370866810877627,-0.38648513915390303,1.5315753009251776,168.4434645119427,1.8410408965058187,Oil & Gas E&P,Energy,KOS
2011Q3,2011,Q3,2011-11-10,2011-09-30,51776000.0,230353000.0,116346000.0,0.132906,195163000.0,0.8472344618910975,2290827000.0,964701000.0,1096983000.0,268656000.0,1326126000.0,33010000.0,-650471000.0,4561846245.04,4905404245.04,2.476332630079896,4.083225388601036,0.43652357860283647,1.0365906120134631,0.02998406003935554,2.476332630079896,0.05367051552760907,19.803719704279953,22.026837941517307,4.7287669910573324,0.0,1.0660405937594668,0.0,0.10055451590189918,3.6297867905425525,0.02260144480574046,33.48610995324118,0.8472344618910975,5.4302,1.6024339040123101,167.5085233349306,0.0,6.895262753347628,6.6953030469695305,5.38176731940102,1.6024339040123101,167.5085233349306,0.0,Oil & Gas E&P,Energy,KOS
2011Q2,2011,Q2,2011-08-11,2011-06-30,-9091000.0,124240000.0,18231000.0,-0.03,24719000.0,0.19896168705730843,2414048000.0,891588000.0,1287311000.0,177229000.0,1522460000.0,42580000.0,-702247000.0,5922963600.0,6404684600.0,2.556011696577031,7.263546033662663,0.5385145614337412,1.4580725626634723,-0.030942972650428904,2.556011696577031,-0.01019641359013356,47.67356406954282,-162.879870201298,6.64316208831882,0.0,2.3372710192578676,0.0,0.05146542239425231,6.232631228523549,-0.0037658737523031853,-219.35277386860233,0.19896168705730843,0.794600389196904,0.6997862201300382,109.69042443484355,0.0,-0.6309660660167505,0.8336535470531189,1.2674657433760745,0.6997862201300382,109.69042443484355,0.0,Oil & Gas E&P,Energy,KOS
2011Q1,2011,Q1,2011-03-31,2011-03-31,-54651000.0,95410000.0,-68162000.0,-0.1460567519222768,66983000.0,0.7020542920029347,1837311000.0,-684015000.0,670393000.0,177847000.0,2521326000.0,29558000.0,-686577000.0,6824978831.039999,7834274831.039999,-1.8280545491595062,3.769492878710352,0.7075557703622305,-1.900543116744516,-0.08872131626581817,-1.8280545491595062,0.07989737067169579,71.53316037144953,-31.220740842070594,-9.977820414815463,0.0,0.9617362473780364,0.0,0.05192915080789262,2.94384499035688,-0.02974510031235866,-54.11968083990833,0.7020542920029347,0.16479200415686038,0.16187160690733982,38.054441260744994,0.0,4.516906437047149,0.16479200415686035,0.47613631123476335,0.16187160690733982,38.054441260744994,0.0,Oil & Gas E&P,Energy,KOS
2010Q4,2010,Q4,2010-12-31,2010-12-31,-65434000.0,1316000.0,-130114000.0,-0.17487470504258404,-19046000.0,-14.472644376899696,1691535000.0,364095000.0,559920000.0,482057000.0,1327440000.0,37674000.0,-615515000.0,6824978831.039999,7769563831.039999,0.9730569082201858,1.1615223925801306,0.617782073678641,2.870130048476359,-0.042439947696622966,0.9730569082201858,-0.17971683214545656,5186.154126930091,-26.075812387443833,18.74504959156264,0.0,0.540478844826671,0.0,0.0007779915875225756,0.7039997344712348,-0.038683207855586786,-39.337507239507076,-14.472644376899696,0.34044887251893685,0.0,0.0,0.0,-0.07927693092310308,0.2073314031666041,-1.0303663941077337,0.0,0.0,0.0,Oil & Gas E&P,Energy,KOS
2010Q3,2010,Q3,2010-09-30,2010-09-30,-82549000.0,1313000.0,-64084000.0,-0.265142,-17647000.0,-13.44021325209444,,,,,,,,6824978831.039999,,,0.0,0.0,0.0,0.0,,0.0,5198.0036793907075,-20.669477616445988,0.0,0.0,0.0,0.0,0.0,0.0,0.0,-49.783205910105465,-13.44021325209444,-2.054209828953052,0.0,0.0,0.0,-1.748325805949229,-1.5412985253825078,-2.539965751532895,0.0,0.0,0.0,Oil & Gas E&P,Energy,KOS
2010Q2,2010,Q2,2010-06-30,2010-06-30,-32483000.0,1204000.0,-18103000.0,-0.08681197915301307,-6421000.0,-5.333056478405315,,,,,,,,6824978831.039999,,,0.0,0.0,0.0,0.0,,0.0,5668.587068970099,-52.52731298710094,0.0,0.0,0.0,0.0,0.0,0.0,0.0,-59.35848138390488,-5.333056478405315,0.598731745955455,0.0,0.0,0.0,0.7294826423997304,0.501840321442812,0.7214022992043583,0.0,0.0,0.0,Oil & Gas E&P,Energy,KOS
2010Q1,2010,Q1,2010-03-31,2010-03-31,-65206000.0,2443000.0,-64979000.0,-0.216344,-23736000.0,-9.71592304543594,,,,,,,,6824978831.039999,,,0.0,0.0,0.0,0.0,,0.0,2793.6876099222263,-26.16698935312701,0.0,0.0,0.0,0.0,0.0,0.0,0.0,-32.133727717203485,-9.71592304543594,0.0,0.0,0.0,0.0,0.0,0.0,0.0,0.0,0.0,0.0,Oil & Gas E&P,Energy,KOS
