Quarters,Year,Quarter,FillingDate,Date,NetIncome,Revenue,OperatingIncome,EPSDiluted,GrossProfit,GrossProfitRatio,TotalAssets,CommonStockEquity,CurrentAssets,CurrentLiability,TotalLiability,Inventory,RetainedEarnings,MarketCap,EnterpriseValue,bookValuePerShare,currentRatio,debtToAssets,debtToEquity,roic,shareholdersEquityPerShare,roe,priceToSalesRatio,peRatio,pbRatio,payoutRatio,inventoryTurnover,dividendYield,assetTurnover,quickRatio,returnOnAssets,priceToFreeCashFlowsRatio,grossProfitMargin,epsdilutedGrowth,fiveYNetIncomeGrowthPerShare,fiveYRevenueGrowthPerShare,fiveYShareholdersEquityGrowthPerShare,grossProfitGrowth,netIncomeGrowth,operatingIncomeGrowth,threeYNetIncomeGrowthPerShare,threeYRevenueGrowthPerShare,threeYShareholdersEquityGrowthPerShare,Industry,Sector,Symbol
2023Q1,2023,Q1,2023-05-15,2023-03-31,-6631538.0,3292739.0,-2803400.0,-0.39,737314.0,0.2239211793,12001431.0,2620675.0,2574299.0,8355142.0,9380756.0,-7896.0,-73074953.0,4497898.636399999,9232092.6364,0.1560321433925678,0.3081095449963627,0.4143196757120047,1.8973848340599273,-0.7384068491620818,0.1560321433925678,-2.5304694401251586,1.3660052121956825,-0.1695646860652838,1.7163130248504679,0.0,-323.63538500506587,0.0,0.274362198974439,0.26738540170831326,-0.552562273615538,-2.9435237983176115,0.22392117929784291,0.13333333333333333,0.0,0.0,0.0,-0.2127591876828461,0.016117392849915403,-0.09306790480631713,0.7339409440034464,-0.8582150972504192,-0.7473095214511352,Staffing & Employment Services,Industrials,RCRT
2022Q4,2022,Q4,2023-03-31,2022-12-31,-6740172.0,4423529.0,-2564708.0,-0.45,936580.0,0.2117268814,14133284.0,5078317.0,4392168.0,7794624.0,9054967.0,-2886.0,-69255541.0,6337334.0956999995,10351728.0957,0.33567852967439693,0.5634868340025125,0.35102938566861036,0.97693743813157,-0.31436601586798263,0.33567852967439693,-1.3272452271096902,1.4326421496728063,-0.23505832253613113,1.2479201467139607,0.0,-1208.2290367290368,0.0,0.31298663495334844,0.5310719285497286,-0.47690062691728263,-2.764204499217715,0.21172688141074694,-0.0714285714285715,-9.899247741665326,0.0,1.0780367345003938,-0.5726208674621825,-0.0724849239358683,0.2200514307679582,0.9687490024079926,-0.912745382904274,-0.7316405579185614,Staffing & Employment Services,Industrials,RCRT
2022Q3,2022,Q3,2022-11-14,2022-09-30,-6284631.0,6967642.0,-3288304.0,-0.42,2191450.0,0.3145181684,18749738.0,9486474.0,4936768.0,9036524.0,9263264.0,0.0,-62515369.0,18118398.12,22637487.12,0.6387705029632057,0.5463127193597892,0.24147702757233194,0.47727227207917294,-0.26209484201423805,0.6387705029632057,-0.6624833420720913,2.6003629520575253,-0.7207423204321781,1.9099191248508138,0.0,0.0,0.0,0.37161276600238363,0.5018219394979752,-0.3351850036517844,-5.090315610613741,0.31451816841335994,-139.0,0.9771566274765534,0.0,1.0026193822041656,-0.2518023388410678,-140.72769095460387,-0.4093675704843653,0.6975058738559887,-0.8228077310646889,-0.9348497420596281,Staffing & Employment Services,Industrials,RCRT
2022Q2,2022,Q2,2022-08-15,2022-06-30,-44343.0,7112450.0,-2333177.0,-0.003,2928972.0,0.4118091516,22631205.0,13157388.0,6368103.0,8841616.0,9473817.0,0.0,-56230738.0,14979045.38,17759638.380000003,0.8871701462192914,0.7202419783894709,0.1985865533894461,0.341576382789654,-0.004930528674140481,0.8871701462192914,-0.0033701977930574063,2.106031730275784,-84.44988712987394,1.1384512929161927,0.0,0.0,0.0,0.3142762393783274,0.6794136954149558,-0.001959374235706848,-27.919519149761047,0.4118091515581832,0.0,0.9996284109374487,0.0,1.0039369358323154,0.08860164826792122,0.9895391275977314,0.4344823724827831,0.999061889040156,-0.7695036349596248,-0.9069632861773197,Staffing & Employment Services,Industrials,RCRT
2022Q1,2022,Q1,2022-05-16,2022-03-31,-4238939.0,6868653.0,-4125737.0,0.0,2690582.0,0.3917190168,,,,,,,,0.0,,0.0,0.0,0.0,0.0,0.0,0.0,0.0,0.0,0.0,0.0,,0.0,,0.0,0.0,0.0,0.0,0.391719016814505,1.0,0.0,0.0,0.0,0.024571448590586034,0.27929596114296906,0.3105201676515415,1.0,-1.0,-1.0,Staffing & Employment Services,Industrials,RCRT
2021Q4,2021,Q4,2022-03-31,2021-12-31,-5881664.0,8380791.0,-5983840.0,-0.68,2626056.0,0.3133422609,26290997.0,16090225.0,8829842.0,7562897.0,10200772.0,0.0,-50859640.0,22535036.580000002,24301236.580000002,1.8707042853178275,1.1675211231886407,0.16546584368786013,0.27036675994276027,-0.2902236170789995,1.8707042853178275,-0.3655426819699538,2.688891368368451,-0.9578512381870165,1.4005420421404922,0.0,0.0,0.0,0.31877037603404695,1.0982771549050583,-0.22371399608771017,-11.101320421962797,0.31334226089160316,-0.21428571428571425,0.9510767413610327,0.0,1.0088280453357228,0.13967143790832653,0.23116267080222472,0.08718668111179485,-0.53234077533518,0.0,1.853913296964002,Staffing & Employment Services,Industrials,RCRT
2021Q3,2021,Q3,2021-11-15,2021-09-30,-7650076.0,6257882.0,-6555382.0,-0.56,2304222.0,0.36821116153995875,29346519.0,18632927.0,10821270.0,7546006.0,10713592.0,0.0,-44926888.0,45535357.4,45108268.4,1.370809608491181,1.4340394110473806,0.16764100709866134,0.26403151796816465,-0.27832935861410163,1.370809608491181,-0.41056759359385675,7.27648066869909,-1.4880687917348796,2.4438112916988297,0.0,0.0,0.0,0.21324103209651543,1.3959029452136666,-0.26068086644279687,-8.936707451175264,0.36821116153995875,-1.9333333333333336,0.9226457319542718,0.0,1.0069250256231932,0.6059422501934054,-3.168217422715154,-1.6725114680956195,-0.6197133151079649,0.0,1.7147413158338607,Staffing & Employment Services,Industrials,RCRT
2021Q2,2021,Q2,2021-08-16,2021-06-30,3528279.0,4380894.0,-2452892.0,0.6,1434810.0,0.3275153427588068,14558092.0,-6507749.0,3404279.0,21001301.0,21065841.0,0.0,-37276812.0,16023352.5,20259722.5,-1.827636913061733,0.1620984814226509,0.296966662939072,-0.6643261748417156,1.178975721547607,-1.827636913061733,-0.5421658087919494,3.6575531158708703,1.1353518599294443,-2.462195837608365,0.0,0.0,0.0,0.3009250113270338,0.14527219051810172,0.24235861402716785,-28.2953624386135,0.3275153427588068,1.25,1.1237669877265408,0.0,0.9904152489027359,0.5773469578457293,1.5618219617437141,-0.27512650456476917,3.3227571137553396,0.0,-2.3270757359510044,Staffing & Employment Services,Industrials,RCRT
2021Q1,2021,Q1,2021-05-14,2021-03-31,-6280066.0,3164545.0,-1923646.0,-2.4,909635.0,0.28744574654492194,12757590.0,-12792852.0,2626909.0,25460088.0,25550442.0,0.0,-40805091.0,7975515.149999999,10300510.149999999,-4.892248070019653,0.10317753025834003,0.23416264357139555,-0.2335172016372893,0.19865800617233717,-4.892248070019653,0.4909042956175839,2.520272314029347,-0.31749328550050265,-0.623435270727747,0.0,0.0,0.0,0.24805194398001504,0.09775249009351421,-0.4922611559079732,-6.023366243837304,0.28744574654492194,0.4188861985472155,0.0,0.0,0.0,0.2083580194105629,0.21971588265296296,-0.22834578294635025,0.0,0.0,0.0,Staffing & Employment Services,Industrials,RCRT
2020Q4,2020,Q4,2021-03-09,2020-12-31,-8048435.0,2344188.0,-1566046.0,-4.13,752786.0,0.3211286808054644,5707797.0,-11124262.0,1252341.0,16691254.0,16832059.0,0.0,-34525025.0,6433227.899999999,8481579.899999999,-5.706321176652237,0.07502977307756506,0.37637253041760244,-0.19311465335857786,0.1772475196828381,-5.706321176652237,0.7235028265245821,2.7443310434146064,-0.1998285349884791,-0.578306039537724,0.0,0.0,0.0,0.41069925927638984,0.06502183718491134,-1.4100773030295226,-10.72957508518477,0.3211286808054644,-11.073170731707318,0.3347132650156444,0.0,0.9676434316567674,0.2247512381150715,-6.607032237299518,0.17352944280843968,-83.46601423823373,0.0,-0.32657477696986564,Staffing & Employment Services,Industrials,RCRT
2020Q3,2020,Q3,2020-11-12,2020-09-30,1435418.0,1992167.0,-1894860.0,0.41,614644.0,0.3085303591516173,6045694.0,-3698982.0,1387432.0,9204514.0,9744676.0,0.0,-26476590.0,3281563.2,4269879.2,-1.8035219312552018,0.15073386818684834,0.2596515801163605,-0.4243800050932932,0.9617499762716974,-1.8035219312552018,-0.38805757908527266,1.6472329879974923,0.5715344241189675,-0.8871530599500079,0.0,0.0,0.0,0.3295183315596191,0.14285154001612688,0.23742815961244482,-3.506037233900478,0.3085303591516173,1.099756690997567,1.4464304404150548,0.0,0.9898407362134988,0.4124162400154422,1.1807554637420092,-0.33175244863764664,1.037779656443612,0.0,0.9926043653712291,Staffing & Employment Services,Industrials,RCRT
2020Q2,2020,Q2,2020-08-13,2020-06-30,-7941215.0,1853414.0,-1422832.0,-4.11,435172.0,0.23479481648460623,7229451.0,-6123961.0,2418384.0,12787809.0,13353412.0,0.0,-27912008.0,5259968.640000001,4344261.640000001,-3.166781982943533,0.18911636856634315,0.11278754085199554,-0.1331478107061753,0.2772882489566845,-3.166781982943533,1.2967448682315252,2.83798905155567,-0.16559080191129447,-0.8589160904192565,0.0,0.0,0.0,0.2563699511899313,0.1816949252213573,-1.098453395700448,-5.552156423967726,0.23479481648460623,-1.7770270270270272,0.5832988628564788,0.0,0.9842463327447142,-0.22557200490455165,-2.1987428527695707,0.232778204661571,0.48964389207142117,0.0,0.9859469826448612,Staffing & Employment Services,Industrials,RCRT
2020Q1,2020,Q1,2020-06-25,2020-03-31,-2482605.0,2313123.0,-1854525.0,-1.48,561927.0,0.2429300128008757,6269247.0,1032989.0,1280373.0,5042937.0,5236258.0,0.0,-19970793.0,4182255.0,4175214.0,0.6174832715843487,0.25389430801931495,0.0469740624352494,0.2850872564954709,-1.217553410449481,0.6174832715843487,-2.4033218165924324,1.8080556027500483,-0.421155902771484,4.048692677269554,0.0,0.0,0.0,0.3689634496774493,0.2304046233375511,-0.39599731833823104,-44.86098447874543,0.2429300128008757,0.8962131837307152,0.0,0.0,0.0,0.33162790146569193,0.695504250617674,0.6937869727225578,0.0,0.0,0.0,Staffing & Employment Services,Industrials,RCRT
2019Q4,2019,Q4,2020-05-08,2019-12-31,-8153168.0,1916460.0,-6056323.0,-14.26,421985.0,0.22018982916418814,6480615.0,715356.0,1313936.0,5546751.0,5765259.0,0.0,-17488188.0,743462.2000000001,755030.2000000001,1.2508541792709837,0.23688389833976684,0.049041641881210345,0.44428228742052905,-4.855951269888614,1.2508541792709837,-11.39735739967233,0.38793515126848466,-0.022796727603307084,1.0392898081514659,0.0,0.0,0.0,0.29572193379794975,0.06509414249891513,-1.258085536635026,-0.9441101547479663,0.22018982916418814,-9.185714285714285,-0.44022823164383884,0.0,1.0071474534718818,-0.07039271796430797,-6.930834972384182,-2.104687387059947,-0.01995965296507345,0.0,1.0059029091287437,Staffing & Employment Services,Industrials,RCRT
2019Q3,2019,Q3,2019-11-14,2019-09-30,-1028034.0,1945744.0,-1950703.0,-1.4,453939.0,0.23329841952487068,10449973.0,7204989.0,1579603.0,3001458.0,3244984.0,0.0,-9335020.0,1219867.5999999999,886557.5999999999,9.804573660289035,0.5262785619522246,0.03276802724753451,0.04752609615365131,-0.2507401237567129,9.804573660289035,-0.14268363213323434,0.6269414681479166,-0.2966505971592379,0.16930873870869198,0.0,0.0,0.0,0.18619607916690312,0.2535750958367567,-0.09837671350921194,-31.130983794819443,0.23329841952487068,0.5611285266457681,-1.0261575671269034,0.0,1.0534405676813698,-0.11089805487710529,0.5491057193696988,0.10958354482612553,0.8077238826758111,0.0,1.049530528091877,Staffing & Employment Services,Industrials,RCRT
2019Q2,2019,Q2,2019-08-19,2019-06-30,-2279989.0,1488391.0,-2190776.0,-3.19,510559.0,0.3430274706041625,11377685.0,6821458.0,2569373.0,4287819.0,4556227.0,0.0,-8306986.0,2861440.0,2360992.0,9.535699507940057,0.5992260867354708,0.03457012564506751,0.05766040045984304,-0.2934535093180681,9.535699507940057,-0.33423778318359504,1.9225055781713274,-0.3137558996995161,0.4194763055053627,0.0,0.0,0.0,0.13081668195243584,0.2486756087418802,-0.2003912922532132,-5.480320992856186,0.3430274706041625,-4.799999999999999,-1.03708685963389,0.0,1.0294647468901998,2.1264712005976656,-4.96353074110305,-6.15051896337881,0.6019011953127524,0.0,1.0500084593765384,Staffing & Employment Services,Industrials,RCRT
2019Q1,2019,Q1,2019-05-20,2019-03-31,-382322.0,163302.0,-306380.0,-0.55,163302.0,1.0,9585735.0,7714985.0,1310149.0,1577754.0,1870750.0,0.0,-3620070.0,2405079.44,2445845.44,11.034790767659633,0.8303886410682527,0.049792738897956185,0.061866614128219304,-0.036209399008833,11.034790767659633,-0.049555767120739704,14.727801496613635,-1.5726792075789517,0.31174129826564795,0.0,0.0,0.0,0.01703593934111469,0.7879206771144297,-0.039884474169169085,-42.17070136063964,1.0,-0.2222222222222223,0.0,0.0,0.0,0.0,-0.23310584167612758,0.00472979118751543,0.0,0.0,0.0,Staffing & Employment Services,Industrials,RCRT
2018Q4,2018,Q4,2019-02-14,2018-12-31,-310048.0,0.0,-307836.0,-0.45,0.0,0.0,742387.0,455413.0,15867.0,286974.0,286974.0,0.0,-7056985.0,2431695.0,2482655.0,0.6554874274939908,0.055290723201405004,0.0699688976234767,0.11405910678878294,-0.6067443634363968,0.6554874274939908,-0.6808062132613694,0.0,-1.960740756269997,5.339537957853641,0.0,0.0,0.0,0.0,0.003428882059001861,-0.41763662348613323,-18.33262969022112,0.0,-0.2857142857142858,0.9919411517613489,0.0,1.0035623941784162,0.0,-0.3186405644609084,-0.30923288265490567,0.9280881772640129,0.0,1.0037168121262818,Staffing & Employment Services,Industrials,RCRT
2018Q3,2018,Q3,2018-11-14,2018-09-30,-235127.0,0.0,-235127.0,-0.35,0.0,0.0,799560.0,-1297798.0,94060.0,83946.0,2097358.0,0.0,-6746937.0,4060038.0,3976411.0,-1.9179101279347632,1.1204822147571059,0.0,0.0,0.18117380362737498,-1.9179101279347632,0.18117380362737498,0.0,-4.31685642227392,-3.128405190946511,0.0,0.0,0.0,0.0,0.9961999380554166,-0.29407048876882286,-19.76841951504528,0.0,0.186046511627907,0.996420545988368,0.0,0.9741871806922814,0.0,0.162065266586601,0.162065266586601,0.7783540210922217,0.0,0.9891963859319799,Staffing & Employment Services,Industrials,RCRT
2018Q2,2018,Q2,2018-08-14,2018-06-30,-280603.0,0.0,-280603.0,-0.43,0.0,0.0,1000288.0,905875.0,306288.0,94413.0,94413.0,0.0,-6511810.0,2894188.0000000005,2605181.0000000005,1.3771911154354866,3.2441295160624066,0.0,0.0,-0.3097590727197461,1.3771911154354866,-0.3097590727197461,0.0,-2.5785433512827733,3.1949087898440736,0.0,0.0,0.0,0.0,3.0610932816455363,-0.28052220960363417,-12.886367785282713,0.0,0.0,0.9703224249175172,0.0,1.0157615642459181,0.0,-0.8151315406459626,-0.7794596994102353,0.9567117299654071,0.0,1.0068510591181716,Staffing & Employment Services,Industrials,RCRT
2018Q1,2018,Q1,2018-06-29,2018-03-31,-154591.0,0.0,-157690.0,0.0,0.0,0.0,917746.0,823861.0,235246.0,93885.0,93885.0,0.0,-6231207.0,0.0,-213600.0,0.0,2.5056824838898653,0.0,0.0,-0.19140364697442894,0.0,-0.18764209010986077,0.0,0.0,0.0,0.0,0.0,,0.0,2.2751238216967566,-0.16844638930597355,0.0,0.0,-1.0,0.0,0.0,0.0,0.0,-8.005846098069428,-1.4309741471009914,0.0,0.0,0.0,Staffing & Employment Services,Industrials,RCRT
2017Q4,2017,Q4,2018-02-20,2017-12-31,22066.0,0.0,-64867.0,0.05,0.0,0.0,1017262.0,-1895949.0,363512.0,64121.0,2913211.0,0.0,-6076616.0,3173472.0,2809960.0,-4.3015450585352575,5.6691567505185505,0.0,0.0,0.03421347304173266,-4.3015450585352575,-0.011638498714891593,0.0,35.954318861597024,-1.6738171754619982,0.0,0.0,0.0,0.0,5.6691567505185505,0.021691560286337248,-23.702437858508603,0.0,1.002698327037237,1.000509610279156,0.0,0.9877146248971661,0.0,1.0932766892820156,0.41921244896497384,1.0050575700672224,0.0,0.9754207215576456,Staffing & Employment Services,Industrials,RCRT
2017Q3,2017,Q3,2017-11-16,2017-09-30,-236565.0,0.0,-111688.0,-18.53,0.0,0.0,15067.0,-3114131.0,15067.0,1173264.0,3129198.0,0.0,-6098682.0,40864.0,2634032.0,-243.86303837118245,0.012841952024437808,173.10911263025153,-0.8375482598516247,0.2207726489238895,-243.86303837118245,0.07596501239029443,0.0,-0.043184748377824274,-0.013122119782372675,0.0,0.0,0.0,0.0,0.012841952024437808,-15.700869449790934,-0.868024725449795,0.0,-1.301863354037267,0.531306756987,0.0,0.037694109337600507,0.0,-1.3022909529741513,-0.031093057607090104,-1.346381008407778,0.0,-0.3291938699836806,Staffing & Employment Services,Industrials,RCRT
2017Q2,2017,Q2,2017-08-14,2017-06-30,-102752.0,0.0,-108320.0,-8.05,0.0,0.0,18644.0,-2877660.0,18644.0,940370.0,2896304.0,0.0,-5862117.0,3882.08,2546499.08,-225.34534064213,0.019826238608207408,137.37722591718514,-0.8900499016562068,0.3423525358803283,-225.34534064213,0.03570678954428251,0.0,-0.00944526627218935,-0.0013490405398830993,0.0,0.0,0.0,0.0,0.019826238608207408,-5.511263677322463,-0.04602947628024994,0.0,0.0,0.7560734087700212,0.0,-0.15336224372987356,0.0,-0.4875855978457574,-0.33330050958863644,-1.0936292076248724,0.0,0.3036962396542074,Staffing & Employment Services,Industrials,RCRT
2017Q1,2017,Q1,2017-06-30,2017-03-31,-69073.0,0.0,-81242.0,0.0,0.0,0.0,1983.0,-2775002.0,1983.0,821051.0,2776985.0,0.0,-5759365.0,0.0,2461704.0,0.0,0.0024151971071224563,1242.4039334341905,-0.8878144952688323,0.2609639753946967,0.0,0.024891153231601276,0.0,0.0,0.0,0.0,0.0,,0.0,0.0024151971071224563,-34.83257690368129,0.0,0.0,1.0,0.0,0.0,0.0,0.0,0.6130190708827287,0.0013398728964610146,0.0,0.0,0.0,Staffing & Employment Services,Industrials,RCRT
2016Q4,2016,Q4,2017-02-14,2016-12-31,-178492.0,0.0,-81351.0,-13.98,0.0,0.0,39127.0,-2706023.0,39127.0,789216.0,2745150.0,0.0,-5690292.0,40864.0,2402390.0,-211.90469851213783,0.04957704861533471,61.355406752370484,-0.8871517352217627,0.26640141467727674,-211.90469851213783,0.06596100624421891,0.0,-0.05723505815386684,-0.015101128113101775,0.0,0.0,0.0,0.0,0.04957704861533471,-4.561862652388377,-0.5021998279464176,0.0,-0.9203296703296703,0.8577197569079151,0.0,0.3947921800542544,0.0,-0.9212520451218462,-0.15231309668829146,0.7475862789628784,0.0,-0.15164384959248112,Staffing & Employment Services,Industrials,RCRT
2016Q3,2016,Q3,2016-11-14,2016-09-30,-92904.0,0.0,-70598.0,-7.28,0.0,0.0,7207.0,-2527625.0,7207.0,578898.0,2534832.0,0.0,-5511800.0,2451.648,2283178.648,-197.9501135562691,0.012449516149649852,317.4599694741224,-0.9051714554176351,0.29453755042951135,-197.9501135562691,0.03675545225260867,0.0,-0.006597261689485922,-0.0009699413481034569,0.0,0.0,0.0,0.0,0.012449516149649852,-12.890800610517552,-0.021266529033153486,0.0,0.09113607990012479,-4.601720395985589,0.0,-8.146054424747055,0.0,0.09121677801797924,0.10389297183402511,0.9250501689185439,0.0,-1.6641761982207788,Staffing & Employment Services,Industrials,RCRT
2016Q2,2016,Q2,2016-08-15,2016-06-30,-102229.0,0.0,-78783.0,-8.01,0.0,0.0,2989.0,-2434815.0,2989.0,481870.0,2437804.0,0.0,-5418896.0,510.76,2165955.76,-190.6817291878769,0.006202917799406479,725.4713951154232,-0.8905949733347297,0.2957530754821102,-190.6817291878769,0.04198635214585092,0.0,-0.001249058486339493,-0.00020977363783285382,0.0,0.0,0.0,0.0,0.006202917799406479,-34.20173971227835,-0.007020177030073121,0.0,0.0,-7.143635921734609,0.0,-8.30008763390918,0.0,-0.2658840719689934,-0.33512405097613884,0.4430356599277333,0.0,-1.1822986595198515,Staffing & Employment Services,Industrials,RCRT
2016Q1,2016,Q1,2016-06-29,2016-03-31,-80757.0,0.0,-59008.0,0.0,0.0,0.0,13245.0,-2332665.0,13245.0,389976.0,2345910.0,0.0,-5316667.0,0.0,2092689.0,0.0,0.03396362853098652,158.99841449603625,-0.9028017310672557,0.26025554511734167,0.0,0.03462005903119394,0.0,0.0,0.0,0.0,0.0,,0.0,0.03396362853098652,-6.097168742921857,0.0,0.0,1.0,0.0,0.0,0.0,0.0,-0.01914437152953054,0.033622115589328705,0.0,0.0,0.0,Staffing & Employment Services,Industrials,RCRT
2015Q4,2015,Q4,2016-02-16,2015-12-31,-79240.0,0.0,-61061.0,-6.21,0.0,0.0,2848.0,-2251908.0,2848.0,298822.0,2254756.0,0.0,-5235910.0,3881.776,2046467.776,-176.3574281462918,0.00953075744088454,718.2001404494382,-0.9083115296006764,0.29573215029495237,-176.3574281462918,0.035187938406009485,0.0,-0.012246895507319536,-0.0017237720191055762,0.0,0.0,0.0,0.0,0.00953075744088454,-27.823033707865168,-0.0479142874776276,0.0,-2.9554140127388533,-6.3972637518897555,0.0,-6.918473499964285,0.0,-2.958437406334299,0.4007399846899719,0.9368309537423422,0.0,0.4963165263957462,Staffing & Employment Services,Industrials,RCRT
2015Q3,2015,Q3,2015-11-16,2015-09-30,-20018.0,0.0,-101894.0,-1.57,0.0,0.0,39363.0,-2266815.0,39363.0,2306178.0,2306178.0,0.0,-5156670.0,2145.192,1912866.192,-177.52486490719713,0.017068500349929624,49.54104107918604,-0.8602748790704138,0.32170516937085414,-177.52486490719713,0.008830892684228753,0.0,-0.026790788290538516,-0.0009463463052785516,0.0,0.0,0.0,0.0,0.017068500349929624,-0.5085486370449407,-0.02311728953834217,0.0,0.8406091370558375,0.09990699129147111,0.0,-10.183263828119086,0.0,0.8409199275247147,-0.39647776331117657,0.9603363299285532,0.0,0.2994706193268278,Staffing & Employment Services,Industrials,RCRT
2015Q2,2015,Q2,2015-08-14,2015-06-30,-125836.0,0.0,-72965.0,-9.85,0.0,0.0,16159.0,-2566808.0,16159.0,2560467.0,2582967.0,0.0,-5136652.0,2553.8,1842978.8,-201.01871720573263,0.006310958118187034,114.89473358499907,-0.7233045868643078,0.1027351934037712,-201.01871720573263,0.049024313466375355,0.0,-0.005073667313010586,-0.0009949322271085334,0.0,0.0,0.0,0.0,0.006310958118187034,-7.787363079398478,-0.022258441264141407,0.0,0.0,-9.266178678099601,0.0,-13.182575177024383,0.0,0.3905745267164851,0.2730107805432118,0.7012500935951599,0.0,-0.028853749748927,Staffing & Employment Services,Industrials,RCRT
2015Q1,2015,Q1,2015-07-14,2015-03-31,-206483.0,0.0,-100366.0,0.0,0.0,0.0,13393.0,-2440972.0,13393.0,2409365.0,2454365.0,0.0,-5010816.0,0.0,1725691.0,0.0,0.005558726054375323,129.8502202643172,-0.7124555300101763,0.1429943238807331,0.0,0.08459048280766843,0.0,0.0,0.0,0.0,0.0,,0.0,0.005558726054375323,-15.41723288284925,0.0,0.0,1.0,0.0,0.0,0.0,0.0,-0.6337360646268999,0.13073678558127852,0.0,0.0,0.0,Staffing & Employment Services,Industrials,RCRT
2014Q4,2014,Q4,2015-02-17,2014-12-31,-126387.0,0.0,-115461.0,-9.9,0.0,0.0,310.0,-2234489.0,310.0,2167299.0,2234799.0,0.0,-4804333.0,3677.1839999999997,1452451.184,-175.00697055137846,0.00014303517881012265,4674.464516129032,-0.6485080033958547,0.1470082314220052,-175.00697055137846,0.056561925344004824,0.0,-0.007273659474471267,-0.0016456487366910285,0.0,0.0,0.0,0.0,0.00014303517881012265,-407.7,-0.038959410923345865,0.0,-1.1851159311892296,-3.991132399828685,0.0,-8.91460455305386,0.0,-1.2054939516129033,0.1429875672666543,0.8992381178347317,0.0,0.5001734842767431,Staffing & Employment Services,Industrials,RCRT
2014Q3,2014,Q3,2014-11-19,2014-09-30,615040.0,0.0,-134725.0,53.48,0.0,0.0,1195.0,-2109869.0,1195.0,2021064.0,2111064.0,0.0,-4677946.0,5060.0,1336949.0,-183.4668695652174,0.0005912727157576405,1115.5514644351465,-0.6318325924500526,0.1734392399441287,-183.4668695652174,-0.2915062499140942,0.0,0.002056776795005203,-0.0023982531616891854,0.0,0.0,0.0,0.0,0.0005912727157576405,514.6778242677824,-0.05592519728552797,0.0,-0.37770537584361186,24.64031348388972,0.0,-15.426002470654712,0.0,-0.250838336555128,-2.154708940195757,42.1764994370613,0.0,-7.476873006210534,Staffing & Employment Services,Industrials,RCRT
2014Q2,2014,Q2,2014-08-14,2014-06-30,820971.0,0.0,-42706.0,85.94,0.0,0.0,3010.0,-3091645.0,3010.0,3094655.0,3094655.0,0.0,-5292986.0,5655.375999999999,1604571.376,-323.63079660839526,0.0009726447697723979,532.2013289036545,-0.518146811810541,0.028667151321826467,-323.63079660839526,-0.2655450415555473,0.0,0.001722160709696201,-0.001829244948886434,0.0,0.0,0.0,0.0,0.0009726447697723979,272.74784053156145,-0.10238012998062962,0.0,0.0,20.28922414367599,0.0,-35.33449754507061,0.0,1.4741230002824048,0.8266647184407698,88.4156441999787,0.0,-14.784389948154873,Staffing & Employment Services,Industrials,RCRT
2014Q1,2014,Q1,2014-07-15,2014-03-31,-1731557.0,0.0,-246378.0,0.0,0.0,0.0,4249.0,-3968606.0,4249.0,3972855.0,3972855.0,0.0,-6113957.0,0.0,1532960.0,0.0,0.0010695079483142476,361.7813603200753,-0.3873423060893422,0.10133186805774623,0.0,0.43631365774279435,0.0,0.0,0.0,0.0,0.0,,0.0,0.0010695079483142476,-407.52106377971285,0.0,0.0,1.0,0.0,0.0,0.0,0.0,-2.364127900651238,0.42557581607458855,0.0,0.0,0.0,Staffing & Employment Services,Industrials,RCRT
2013Q4,2013,Q4,2014-02-14,2013-12-31,-514712.0,0.0,-428913.0,-55.38,0.0,0.0,175686.0,-1710298.0,175686.0,1885984.0,1885984.0,0.0,-43382400.0,17846.399999999998,831196.4,-184.00193652501343,0.09315349440928448,4.742278838382114,-0.48713849867099185,0.4889870101442633,-184.00193652501343,0.300948723555778,0.0,-0.008668148401436144,-0.010434672788017059,0.0,0.0,0.0,0.0,0.010499558850976467,-2.9297268991268512,-0.07426160337552741,0.0,0.42948387761409285,-45.48759378962026,0.0,-13.88631436265016,0.0,0.3853928223866072,0.3196619509200702,-65.00828107246676,0.0,-7.261713008803964,Staffing & Employment Services,Industrials,RCRT
2013Q3,2013,Q3,2013-11-14,2013-09-30,-837465.0,0.0,-630441.0,-97.07,0.0,0.0,331432.0,-640992.0,331432.0,929449.0,972424.0,0.0,-3128690.0,23465.440000000002,-86107.56,-74.30068389938565,0.35658976447336005,0.22793815926042144,-0.1178579451849633,1.114944663150858,-74.30068389938565,1.306513965852928,0.0,-0.007004901697384368,-0.036608007588238234,0.0,0.0,0.0,0.0,0.19917069145267788,-2.5268079123319414,-0.06487291064210952,0.0,-5.755045233124565,-41.90961101834106,0.0,-5.65222674913959,0.0,-5.949051985230055,-4.513064693845427,-54.73531476446814,0.0,-3.680607142503015,Staffing & Employment Services,Industrials,RCRT
2013Q2,2013,Q2,2013-08-14,2013-06-30,-120515.0,0.0,-114354.0,-14.37,0.0,0.0,57817.0,-732565.0,57817.0,747407.0,790382.0,0.0,-2291225.0,23475.199999999997,22641.199999999997,-87.37655057251908,0.07735678151261628,0.0,0.0,0.1561008238176817,-87.37655057251908,0.1645109990239774,0.0,-0.0486976724889018,-0.032045211005166774,0.0,0.0,0.0,0.0,0.0011158578926876521,-2.0844215369182075,-0.7706388287046155,0.0,0.0,-2.2263877237377416,0.0,-8.809891689991211,0.0,0.38580441961919515,0.3823643787672565,-13.974441597934515,0.0,-5.1647219444522685,Staffing & Employment Services,Industrials,RCRT
2013Q1,2013,Q1,2013-07-01,2013-03-31,-196216.0,0.0,-185148.0,0.0,0.0,0.0,78330.0,-642646.0,78330.0,678000.0,720976.0,0.0,-2170710.0,0.0,-1296.0,0.0,0.11553097345132743,0.0,0.0,0.28810262570684325,0.0,0.3053251712451334,0.0,0.0,0.0,0.0,0.0,,0.0,0.001911504424778761,-2.5049917017745438,0.0,0.0,1.0,0.0,0.0,0.0,0.0,0.6004528646130288,0.6112214686181047,0.0,0.0,0.0,Staffing & Employment Services,Industrials,RCRT
2012Q4,2012,Q4,2013-02-14,2012-12-31,-491096.0,0.0,-476230.0,-98.24,0.0,0.0,2491.0,-1750327.0,2491.0,1726818.0,1752818.0,0.0,-1974494.0,51989.6,75498.6,-350.13542708541706,0.0014425376617570583,10.437575270975511,-0.014854367212526573,0.2761831137597451,-350.13542708541706,0.2805738584847289,0.0,-0.02646610845944581,-0.02970279267816814,0.0,0.0,0.0,0.0,0.0014425376617570583,-197.1481332798073,-0.39683991176178735,0.0,-1.4858299595141697,-13.707307202158866,0.0,0.0,0.0,-1.2108495025435555,-1.2667256873048511,-48.533933790977606,0.0,-18.83609160611912,Staffing & Employment Services,Industrials,RCRT
2012Q3,2012,Q3,2012-11-20,2012-09-30,-222130.0,0.0,-210096.0,-39.52,0.0,0.0,0.0,-1424194.0,0.0,1424194.0,1424194.0,0.0,0.0,512544.0,512544.0,-253.4153024911032,0.0,0.0,0.0,0.14751922841972373,-253.4153024911032,0.1559689199645554,0.0,-0.5768513933282312,-0.35988355518981263,0.0,0.0,0.0,0.0,0.0,0.0,0.0,0.0,-0.19793876932403762,0.9999084271301149,-1.0,-1.0009683982746092,0.0,-0.0836666991901649,-0.14924622016060216,-16.471034084010878,0.0,-21.688567122146722,Staffing & Employment Services,Industrials,RCRT
2012Q2,2012,Q2,2012-08-20,2012-06-30,-204980.0,0.0,-182812.0,-32.99,0.0,0.0,0.0,-1214099.0,0.0,1214099.0,1214099.0,0.0,0.0,34798.399999999994,1108817.4,-195.38123591889283,0.0,0.0,-0.884622258975586,1.3050542547115933,-195.38123591889283,0.16883301938309808,0.0,-0.04244121377695385,-0.02866191307298663,0.0,0.0,0.0,0.0,0.0,0.0,0.0,0.0,0.0,0.9997942658027094,-1.0,-1.0002853224254717,0.0,-36.020046956835834,-47.9063670411985,-6.4040093913671665,0.0,-20.935733901857336,Staffing & Employment Services,Industrials,RCRT
2012Q1,2012,Q1,2012-06-12,2012-02-29,-5537.0,0.0,-3738.0,0.0,0.0,0.0,737.0,-142946.0,737.0,143683.0,143683.0,0.0,-214507.0,0.0,125267.0,0.0,0.005129347243584836,170.96879240162824,-0.8814797196143999,0.4412702160311652,0.0,0.03873490688791572,0.0,0.0,0.0,0.0,0.0,,0.0,0.005129347243584836,-7.512890094979647,0.0,0.0,1.0,1.0,-1.0,-1.0,0.0,-0.06215231152887013,-0.2089262613195343,0.0,0.0,0.0,Staffing & Employment Services,Industrials,RCRT
2011Q4,2011,Q4,2012-01-17,2011-11-30,-5213.0,0.0,-3092.0,-0.84,0.0,0.0,1037.0,-138396.0,1037.0,139433.0,139433.0,0.0,-208970.0,34798.399999999994,83136.4,-22.271644673318313,0.007437263775433362,47.61330761812922,-0.35676609150553484,0.06946675503532874,-22.271644673318313,0.03766727362062487,0.0,-1.6688279301745634,-0.25144079308650535,0.0,0.0,0.0,0.0,0.007437263775433362,-5.0270009643201545,-22.56705577172503,0.0,0.35384615384615387,0.9999984890400997,-1.0,-1.0000216533232027,0.0,0.35410729773262295,0.5070153061224489,0.8744067265762402,0.0,0.0,Staffing & Employment Services,Industrials,RCRT
2011Q3,2011,Q3,2011-10-14,2011-08-31,-8071.0,0.0,-6272.0,-1.3,0.0,0.0,2579.0,-134491.0,2579.0,137070.0,137070.0,0.0,-203757.0,34798.399999999994,81594.4,-21.64322497586096,0.01881520391041074,19.1450174486235,-0.3671249377281751,0.1473753465858358,-21.64322497586096,0.06001145058033623,0.0,-1.0778837814397224,-0.25874147712486334,0.0,0.0,0.0,0.0,0.01881520391041074,-3.129507561070182,-3.7898497059464162,0.0,-0.32653061224489804,0.9999959141414212,-1.0,-1.0000150386698012,0.0,-0.32116549353413,-0.35522904062229904,0.42587850334329214,0.0,-0.9377431345993144,Staffing & Employment Services,Industrials,RCRT
2011Q2,2011,Q2,2011-07-07,2011-05-31,-6109.0,0.0,-4628.0,-0.98,0.0,0.0,1761.0,-127407.0,1761.0,129168.0,129168.0,0.0,-195686.0,34798.399999999994,146604.4,-20.503218538783393,0.013633407655146786,64.4900624645088,-0.8913717456654658,0.6687861271676301,-20.503218538783393,0.04794869983595878,0.0,-1.424062858078245,-0.27312785011812535,0.0,0.0,0.0,0.0,0.013633407655146786,-3.4690516751845544,-5.372610776594101,0.0,0.0,0.9999871405798381,-1.0,-1.0000117019855375,0.0,0.5247763516141579,0.5964422741541682,0.7793389922340618,0.0,-1.30192599551926,Staffing & Employment Services,Industrials,RCRT
2011Q1,2011,Q1,2011-06-17,2011-02-28,-12855.0,0.0,-11468.0,0.0,0.0,0.0,2238.0,-121966.0,2238.0,124204.0,124204.0,0.0,-189577.0,0.0,104516.0,0.0,0.018018743357701844,47.700625558534405,-0.8752767164619648,1.507757033920589,0.0,0.10539822573504092,0.0,0.0,0.0,0.0,0.0,,0.0,0.018018743357701844,-5.7439678284182305,0.0,0.0,1.0,1.0,-1.0,-1.0,0.0,-0.04308666017526777,-0.12090704720946144,0.0,0.0,0.0,Staffing & Employment Services,Industrials,RCRT
2010Q4,2010,Q4,2011-01-14,2010-11-30,-12324.0,0.0,-10231.0,-1.98,0.0,0.0,585.0,-109686.0,585.0,110271.0,110271.0,0.0,-176722.0,34798.399999999994,135543.4,-17.65143224975861,0.005305111951465027,173.2136752136752,-0.9238189012271393,2.448779320248923,-17.65143224975861,0.11235709206279744,0.0,-0.7059071729957805,-0.31725470889630397,0.0,0.0,0.0,0.0,0.005305111951465027,-21.066666666666666,-3.8746687451286044,0.0,-0.13793103448275862,0.9999965338042894,-1.0,-1.0000140124706822,0.0,-0.1386861313868613,-0.048795489492567914,0.70308622641964,0.0,0.0,Staffing & Employment Services,Industrials,RCRT
2010Q3,2010,Q3,2010-09-16,2010-08-31,-10823.0,0.0,-9755.0,-1.74,0.0,0.0,566.0,-98642.0,566.0,99208.0,99208.0,0.0,-164398.0,24856.0,115807.0,-15.87415513356936,0.005705185065720506,161.69081272084804,-0.9277691044382718,2.7382456140350877,-15.87415513356936,0.10971999756695931,0.0,-0.5741476485262866,-0.25198191439751827,0.0,0.0,0.0,0.0,0.005705185065720506,-19.12190812720848,-2.9225161669606115,0.0,-0.8125000000000001,0.9999932211686168,-1.0,-1.0000084946220875,0.0,-0.81441743503772,-0.9659411527609835,0.9999959647324627,-1.0,-1.0000606613108645,Staffing & Employment Services,Industrials,RCRT
2010Q2,2010,Q2,2010-09-16,2010-05-31,-5965.0,0.0,-4962.0,-0.96,0.0,0.0,458.0,-88075.0,458.0,88533.0,88533.0,0.0,-153575.0,49712.0,131346.0,-14.173640167364017,0.005173212248540092,179.24017467248908,-0.93206925915413,1.6586996490055157,-14.173640167364017,0.06772636957138801,0.0,-2.0834870075440066,-0.5644280442804428,0.0,0.0,0.0,0.0,0.005173212248540092,-13.024017467248909,-13.392241379310345,0.0,0.0,0.9999975048822344,-1.0,-1.0000049593678297,0.0,-0.028093760772147536,-0.8910060975609756,0.9999940130525571,-1.0,-1.0000206982895328,Staffing & Employment Services,Industrials,RCRT
2010Q1,2010,Q1,2010-09-10,2010-02-28,-5802.0,0.0,-2624.0,0.0,0.0,0.0,2170.0,-82300.0,2170.0,84470.0,84470.0,0.0,-147610.0,0.0,77109.0,0.0,0.025689593938676453,36.53410138248848,-0.9632928311057108,1.7371731214829527,0.0,0.07049817739975699,0.0,0.0,0.0,0.0,0.0,,0.0,0.025689593938676453,-2.6737327188940094,0.0,0.0,1.0,1.0,-1.0,-1.0,0.0,0.21615779519048905,0.6020624810433728,1.0,-1.0,-1.0,Staffing & Employment Services,Industrials,RCRT
2009Q4,2009,Q4,2010-09-10,2009-11-30,-7402.0,0.0,-6594.0,-1.19,0.0,0.0,3573.0,-76808.0,268.0,80381.0,80381.0,0.0,-141808.0,49712.0,121094.0,-12.360476343739942,0.0033341212475585026,20.05317660229499,-0.9328455369232371,2.556804963164017,-12.360476343739942,0.09637016977398187,0.0,-1.6790056741421238,-0.6472242474742215,0.0,0.0,0.0,0.0,0.0033341212475585026,-2.0716484746711448,-10.96910856134157,0.0,0.4734513274336283,0.9999994532736154,-1.0,-1.0000036361341746,0.0,0.47346706501636077,-1.7383720930232558,0.9999978545702702,-1.0,-1.0000120173158802,Staffing & Employment Services,Industrials,RCRT
2009Q3,2009,Q3,2010-09-10,2009-08-31,-14058.0,0.0,-2408.0,-2.26,0.0,0.0,4633.0,-69406.0,50.0,74039.0,74039.0,0.0,-134406.0,49712.0,116562.0,-11.169295140006437,0.0006753197639082105,14.439887761709475,-0.9638936115033282,1.9217877094972067,-11.169295140006437,0.20254733020199983,0.0,-0.8840517854602361,-0.7162493156211279,0.0,0.0,0.0,0.0,0.23819878712570403,-3.0343190157565294,-136.1972602739726,0.0,0.4932735426008969,0.9999955712907348,-1.0,-1.000002065367771,0.0,0.4922160014448257,0.7246111619396157,0.9999928832858505,-1.0,-1.0000077609201823,Staffing & Employment Services,Industrials,RCRT
2009Q2,2009,Q2,2010-09-10,2009-05-31,-27685.0,0.0,-8744.0,-4.46,0.0,0.0,6248.0,-55348.0,415.0,61596.0,61596.0,0.0,-120348.0,1043952.0,1097704.0,-8.906984229159962,0.006737450483797649,8.66949423815621,-0.9786622822866228,14.8077900084674,-8.906984229159962,0.5001987425019874,0.0,-9.427054361567636,-18.861602948616028,0.0,0.0,0.0,0.0,0.24339242807974543,-4.431017925736236,-154.47647232909145,0.0,0.0,0.9999905445984059,-1.0,-1.000001460308218,0.0,0.0,0.0,0.9999417231875617,-1.0,-1.0000050835628773,Staffing & Employment Services,Industrials,RCRT
2008Q4,2008,Q4,2008-11-30,2008-11-30,-41507.0,0.0,-25259.0,-6.68,0.0,0.0,,,,,,,,1043952.0,,,0.0,0.0,0.0,0.0,,0.0,0.0,-6.287806875948635,0.0,,0.0,,0.0,0.0,0.0,0.0,0.0,0.0,0.9999965472780437,-1.0,0.0,0.0,0.0,0.0,0.9999883259180979,-1.0,0.0,Staffing & Employment Services,Industrials,RCRT
2007Q3,2007,Q3,2007-09-30,2007-09-30,-863245.0,1706402.0,-373831.0,-431622.5,614680.0,0.36021992473051484,4809719.0,523370.0,732212.0,2210573.0,4286349.0,485837.0,-20484135.0,1.6,1209715.6,261685.0,0.33123176660531,0.28431785723864533,2.61285323958194,-0.31047014186884414,261685.0,-1.6493971759940387,9.376454082918328e-07,-4.633678735469073e-07,3.057110648298527e-06,0.0,2.2470952191784486,0.0,0.35478205691434367,0.07932830085231295,-0.1794793001420665,9.67363571506306e-06,0.36021992473051484,-1.6919706617935972,-1.2121667956517506,-0.8455940703270046,-0.975023558133877,-0.30071728013742655,-1.6919706617935972,-1.7295700809018955,0.15505399561692426,-0.6227013920719183,-0.9516105753873063,Staffing & Employment Services,Industrials,RCRT
2007Q2,2007,Q2,2007-06-30,2007-06-30,-320674.0,1979288.0,-136956.0,-160337.0,879015.0,0.4441066686606497,5530647.0,1369547.0,1034246.0,2103430.0,4161100.0,655470.0,-19620890.0,1.6,967496.6,684773.5,0.49169499341551653,0.22664111450251662,0.9152456980300786,-0.05475298740839378,684773.5,-0.2341460351488485,8.083714952043361e-07,-1.24737272120596e-06,1.168269508092822e-06,0.0,1.67860161410896,0.0,0.3578763931236255,0.1428875693510124,-0.05798128139438297,-3.62674452078238e-06,0.4441066686606497,0.2185144478102252,-3.070815090343162,-0.8312871962290205,-0.9361638210862191,0.000430211793949037,0.2185144478102252,0.5593776542351941,0.659716842782165,-0.5350881066581481,-0.8877307578393335,Staffing & Employment Services,Industrials,RCRT
2007Q1,2007,Q1,2007-03-31,2007-03-31,-410339.0,2435342.0,-310824.0,-205169.5,878637.0,0.36078587730183276,6445750.0,1673153.0,1726696.0,2465201.0,4772597.0,853262.0,-19300216.0,1.6,935062.6,836576.5,0.7004280786840505,0.179722918201916,0.6923748156922888,-0.10503624929777106,836576.5,-0.2452489401746284,6.569919132507878e-07,-9.748037598181016e-07,9.562783558945297e-07,0.0,1.824416181665186,0.0,0.37782135515649845,0.3001949942418488,-0.06366039638521506,-6.644904604088278e-06,0.36078587730183276,0.6304703737991203,-3.242559214768989,-0.806145726420004,-0.9213862254949959,0.41481288253167736,0.6304703737991203,0.5697127763842051,-4.79465672856403,-0.7277882362461826,-0.9333118606266422,Staffing & Employment Services,Industrials,RCRT
