Quarters,Year,Quarter,FillingDate,Date,NetIncome,Revenue,OperatingIncome,EPSDiluted,GrossProfit,GrossProfitRatio,TotalAssets,CommonStockEquity,CurrentAssets,CurrentLiability,TotalLiability,Inventory,RetainedEarnings,MarketCap,EnterpriseValue,bookValuePerShare,currentRatio,debtToAssets,debtToEquity,roic,shareholdersEquityPerShare,roe,priceToSalesRatio,peRatio,pbRatio,payoutRatio,inventoryTurnover,dividendYield,assetTurnover,quickRatio,returnOnAssets,priceToFreeCashFlowsRatio,grossProfitMargin,epsdilutedGrowth,fiveYNetIncomeGrowthPerShare,fiveYRevenueGrowthPerShare,fiveYShareholdersEquityGrowthPerShare,grossProfitGrowth,netIncomeGrowth,operatingIncomeGrowth,threeYNetIncomeGrowthPerShare,threeYRevenueGrowthPerShare,threeYShareholdersEquityGrowthPerShare,Industry,Sector,Symbol
2023Q1,2023,Q1,2023-05-08,2023-03-31,4872000.0,55914000.0,6593000.0,0.1,55914000.0,1.0,1638481000.0,154291000.0,1263363000.0,537000.0,1484190000.0,0.0,21181000.0,184906400.0,165982400.0,3.0957263242375603,2352.631284916201,0.0,0.0,0.03100300173039975,3.0957263242375603,0.031576695983563524,3.30697857423901,9.488218390804597,1.1984263502083725,0.0,0.0,0.0,0.034125510152391146,2352.631284916201,0.0029734858078915775,25.39574234308474,1.0,2.787878787878788,131.3150318858184,-0.021721091774492537,-0.25976067449144163,-0.16865159016905304,2.830188679245283,1.8381403357727077,2.344782993077849,-0.007325660267264645,-0.29248618012676303,Insurance—Life,Financial Services,CIA
2022Q4,2022,Q4,2023-03-10,2022-12-31,1272000.0,67257000.0,2323000.0,0.0264,67257000.0,1.0,1569970000.0,1043000.0,1220823000.0,9884000.0,1568927000.0,0.0,-52203000.0,102666000.0,79693000.0,0.021639004149377594,123.5150748684743,0.0,0.0,1.2195589645254075,0.021639004149377594,1.2195589645254075,1.5264730808689058,20.17806603773585,98.43336529242569,0.0,0.0,0.0,0.04283967209564514,123.5150748684743,0.0008102065644566457,5.992295569952723,1.0,1.264,1.0298992412019565,0.029767219568494766,-0.9951514023532899,0.19725505553973227,1.2479048918339506,1.4852726133277627,-0.7360995850622406,-0.010329495865423326,-0.9958768334817513,Insurance—Life,Financial Services,CIA
2022Q3,2022,Q3,2022-11-04,2022-09-30,-5131000.0,56176000.0,-4787000.0,-0.1,56176000.0,1.0,1540950000.0,-14228000.0,1197332000.0,469000.0,1555178000.0,0.0,-55577000.0,167250500.0,146243500.0,-0.28413379930104843,2552.946695095949,0.0,0.0,0.3606269328085465,-0.28413379930104843,0.3606269328085465,2.977258971802905,-8.149020658740985,-11.755025302220972,0.0,0.0,0.0,0.03645543333657809,2552.946695095949,-0.003329764106557643,9.617072048760853,1.0,-0.4388489208633093,-2.4878855506244837,-0.12664418615117226,-1.053856388919106,0.0454460862768452,-0.4461668545659527,-0.31909616974373106,-3.4654513732822076,-0.10151909656461501,-1.0535222918849296,Insurance—Life,Financial Services,CIA
2022Q2,2022,Q2,2022-08-04,2022-06-30,-3548000.0,53734000.0,-3629000.0,-0.0695,53734000.0,1.0,1618945000.0,76239000.0,1273391000.0,1893000.0,1542706000.0,0.0,-50446000.0,211062870.00000003,188655870.00000003,1.513489369304985,672.6840993132594,0.0,0.0,-0.04653786119964847,1.513489369304985,-0.04653786119964847,3.927920311162393,-14.871960963923339,2.7684370204226183,0.0,0.0,0.0,0.033190750766703005,672.6840993132594,-0.0021915506703439587,20.71274484789009,1.0,-1.6526717557251909,-7.166964237001758,-0.12207349265976507,-0.7062218779924568,-0.029318785338800873,-1.6616654163540885,-2.7258726899383983,0.22497299173358423,-0.05774055779875515,-0.6784526438487232,Insurance—Life,Financial Services,CIA
2022Q1,2022,Q1,2022-05-05,2022-03-31,-1333000.0,55357000.0,-974000.0,-0.0262,55357000.0,1.0,1732961000.0,196902000.0,1389842000.0,9659000.0,1536059000.0,0.0,-46898000.0,213000640.0,191702640.0,3.9195397722748626,143.89087897297856,0.0,0.0,-0.006769865212135987,3.9195397722748626,-0.006769865212135987,3.847763426486262,-39.947606901725436,1.0817596570882977,0.0,0.0,0.0,0.031943592498619416,143.89087897297856,-0.0007692036924085424,17.59463406575252,1.0,-1.034025974025974,-1.646358778007493,-0.07374328364226353,-0.22837469584793127,-0.20618054061805408,-1.0349529328473661,0.8570380155584911,0.6494299510204523,-0.11304217053237135,-0.07084484553060198,Insurance—Life,Financial Services,CIA
2021Q4,2021,Q4,2022-03-11,2021-12-31,38137000.0,69735000.0,-6813000.0,0.77,69735000.0,1.0,1854511000.0,320571000.0,1514960000.0,14590000.0,1533940000.0,0.0,-45565000.0,262996712.01,235702712.01,6.472445974667834,103.83550376970528,0.0,0.0,0.11896584531975755,6.472445974667834,0.11896584531975755,3.771373227360723,1.7240259591079528,0.8204008223139335,0.0,0.0,0.0,0.03760290448533333,103.83550376970528,0.020564450682686704,15.915080908320725,1.0,13.833333333333336,700.1480060670438,0.038455065472309154,0.30129682578608774,0.13235580670303976,14.625223294033583,0.0,5.225313107143113,0.07860305957893458,0.7318075871239472,Insurance—Life,Financial Services,CIA
2021Q3,2021,Q3,2021-11-04,2021-09-30,-2799000.0,61584000.0,0.0,-0.06,61584000.0,1.0,1831498000.0,265031000.0,0.0,0.0,1566467000.0,0.0,-83702000.0,308202300.0,278115300.0,5.340137013902881,0.0,0.0,0.0,0.0,5.340137013902881,-0.010561028709849037,5.004583982852689,-27.52789389067524,1.1628915108043965,0.0,0.0,0.0,0.033624934343362646,0.0,-0.0015282571971140563,20.940501426824298,1.0,-1.6026516673362794,-2.110256131220085,0.006541354958521158,0.017786368854569534,-0.03105824601151704,-1.5573476702508962,0.0,0.808560959887224,0.016086555100375214,0.4797290121682874,Insurance—Life,Financial Services,CIA
2021Q2,2021,Q2,2021-08-04,2021-06-30,5022000.0,63558000.0,0.0,0.09956,63558000.0,1.0,1814001000.0,269125000.0,0.0,0.0,1544876000.0,0.0,-80903000.0,263717080.0,233592080.0,5.398479499317982,0.0,0.0,0.0,0.0,5.398479499317982,0.01866047375754761,4.149235029421945,13.128090402230187,0.979905545750116,0.0,0.0,0.0,0.035037466903270725,0.0,0.002768465949026489,41.13509280923413,1.0,2.4222857142857137,2.824996044394516,0.04269044490967555,0.03558203244576569,0.14554007533839194,2.4055415617128464,0.0,2.972310313743693,0.06699700502880593,0.36943043248160445,Insurance—Life,Financial Services,CIA
2021Q1,2021,Q1,2021-05-05,2021-03-31,-3573000.0,55483000.0,0.0,-0.07,55483000.0,1.0,1781653000.0,240840000.0,0.0,0.0,1540813000.0,0.0,-85925000.0,292690290.0,273197290.0,4.7642974421870985,0.0,0.0,0.0,0.0,4.7642974421870985,-0.014835575485799701,5.275314781104122,-20.4793094038623,1.2152893622321872,0.0,0.0,0.0,0.03114130529345501,0.0,-0.002005441014608344,163.14954849498326,1.0,-3.3333333333333335,-0.8162393877651959,0.008129153455196122,-0.04213717874760431,-0.14599495136066987,-3.323146944083225,0.0,-96.67163693930722,-0.042915360643801206,0.13922225537663308,Insurance—Life,Financial Services,CIA
2020Q4,2020,Q4,2021-03-10,2020-12-31,1538000.0,64968000.0,0.0,0.03,64968000.0,1.0,1843420000.0,300945000.0,0.0,0.0,1542475000.0,0.0,-82352000.0,293758001.91,259627001.91000003,5.870188518399295,0.0,0.0,0.0,0.0,5.870188518399295,0.00511056837628138,4.521579884096787,47.750000310468145,0.9761185662164183,0.0,0.0,0.0,0.03524318928947283,0.0,0.0008343188204532879,19.955030358671287,1.0,1.1875,1.6851162746151753,0.020283312217623143,0.21224813674288182,0.08596740493104889,1.1943145925457992,0.0,1.0339892315227373,-0.06478164188884597,0.31531848876116153,Insurance—Life,Financial Services,CIA
2020Q3,2020,Q3,2020-11-04,2020-09-30,-7915000.0,59825000.0,0.0,-0.16,59825000.0,1.0,1844338000.0,296754000.0,0.0,0.0,1547584000.0,0.0,-83890000.0,279432060.0,237171060.0,5.883423541307322,0.0,0.0,0.0,0.0,5.883423541307322,-0.02667192354610216,4.670824237358963,-8.826028427037272,0.9416286216866495,0.0,0.0,0.0,0.032437112936999614,0.0,-0.004291512727059791,51.95835998512458,1.0,-7.000000000000001,-77.30076472262853,0.02198002958564445,0.17983205786673168,0.02543665689652217,-6.706913339824732,0.0,-3.2786253309454154,-0.07662608634039589,0.11517864891796373,Insurance—Life,Financial Services,CIA
2020Q2,2020,Q2,2020-08-05,2020-06-30,-1027000.0,58341000.0,0.0,-0.02,58341000.0,1.0,1812936000.0,289793000.0,0.0,0.0,1523143000.0,0.0,-75975000.0,301578530.0,249203530.0,5.755913957137466,0.0,0.0,0.0,0.0,5.755913957137466,-0.003543908928096952,5.169238271541454,-73.41249513145084,1.0406687877208904,0.0,0.0,0.0,0.0321803968810813,0.0,-0.0005664844208510394,20.905207957853875,1.0,0.7142857142857143,0.466251611932312,-0.0340397841380989,0.1565542726747306,0.047001184451383654,0.7134486607142857,0.0,-2.78600422161111,-0.046310329836864006,0.11726030394343913,Insurance—Life,Financial Services,CIA
2020Q1,2020,Q1,2020-05-07,2020-03-31,-3584000.0,55722000.0,0.0,-0.07,55722000.0,1.0,1713287000.0,215734000.0,0.0,0.0,1497553000.0,0.0,-74948000.0,321468600.0,286524600.0,4.375499442247237,0.0,0.0,0.0,0.0,4.375499442247237,-0.01661305125756719,5.769150425325724,-22.42386997767857,1.4901156053287845,0.0,0.0,0.0,0.03252344761852509,0.0,-0.0020918853642151024,22.818611584327087,1.0,-1.7,-9.565836324916337,0.013249656803140544,-0.16380946849743153,-0.20175916110363007,-1.723894162795395,0.0,-2.770661691677745,-0.050030616655923406,-0.13861160133561018,Insurance—Life,Financial Services,CIA
2019Q4,2019,Q4,2020-03-11,2019-12-31,4951000.0,69806000.0,0.0,0.1,69806000.0,1.0,1744936000.0,259836000.0,0.0,0.0,1485100000.0,0.0,-70969000.0,334192500.0,365104500.0,5.248151888507373,0.0,0.0,0.0,0.0,5.248151888507373,0.01905432657522437,4.787446637824829,16.875,1.2861670438276451,0.0,0.0,0.0,0.04000490562404581,0.0,0.002837353347056855,15.683898066453914,1.0,1.5,1.4481209735146743,0.11269100999059459,0.017336120979823524,0.1356662924821449,1.4198435972629522,0.0,90.05818181818184,0.039902275083768445,0.05515031264643205,Insurance—Life,Financial Services,CIA
2019Q3,2019,Q3,2019-11-06,2019-09-30,2046000.0,61467000.0,0.0,0.04,61467000.0,1.0,1738359000.0,261342000.0,0.0,0.0,1477017000.0,0.0,-75920000.0,338203230.0,291056230.0,5.308700156411871,0.0,0.0,0.0,0.0,5.308700156411871,0.007828822003351929,5.502191907852994,41.32493035190616,1.2941020961039558,0.0,0.0,0.0,0.03535920946133681,0.0,0.0011769720753883404,17.445745899102445,1.0,1.4444444444444446,-0.10436685847227237,0.09264459361218229,-0.0033799602903629143,0.08090950655927971,1.4481927710843374,0.0,-0.18181941001948157,0.01281239520618714,0.011794761345123047,Insurance—Life,Financial Services,CIA
2019Q2,2019,Q2,2019-08-07,2019-06-30,-4565000.0,56866000.0,0.0,-0.09,56866000.0,1.0,1702160000.0,236432000.0,0.0,0.0,1465728000.0,0.0,-77966000.0,367188610.0,332620610.0,4.706894149031474,0.0,0.0,0.0,0.0,4.706894149031474,-0.019307877106313865,6.457085253051032,-20.108905257393207,1.5530410858090276,0.0,0.0,0.0,0.03340814024533534,0.0,-0.002681886544155661,27.500644847213902,1.0,-0.12499999999999993,-4.957790313101298,0.0034568444999985458,-0.11165374917830453,-0.08877351536711214,-0.20068385060494476,0.0,-4.450689052362769,-0.07413298123783131,-0.09708372330081044,Insurance—Life,Financial Services,CIA
2019Q1,2019,Q1,2019-05-10,2019-03-31,-3802000.0,62406000.0,0.0,-0.08,62406000.0,1.0,1665556000.0,211894000.0,0.0,0.0,1453662000.0,0.0,-73401000.0,334036150.0,299943150.0,4.218391033425574,0.0,0.0,0.0,0.0,4.218391033425574,-0.01794293373101645,5.352628753645483,-21.964502235665442,1.5764304321972307,0.0,0.0,0.0,0.037468569054417866,0.0,-0.002282721205411286,18.908420129061476,1.0,-1.6467857717688719,-4.166852250372702,0.17327057907837642,-0.17532414811453048,-0.04825377459203904,-1.6119427007886689,0.0,-0.9449574877866206,0.14114416047105832,-0.15189175624435133,Insurance—Life,Financial Services,CIA
2018Q4,2018,Q4,2019-03-26,2018-12-31,6213000.0,65570000.0,0.0,0.12368855885807568,65570000.0,1.0,1615561000.0,187733000.0,0.0,0.0,1427828000.0,0.0,-69599000.0,377737120.0,332245120.0,3.7373932432163404,0.0,0.0,0.0,0.0,3.7373932432163404,0.03309487410311453,5.760822327283819,15.199465636568485,2.0120976067073983,0.0,0.0,0.0,0.040586520719428115,0.0,0.003845722940823652,19.778883652738507,1.0,1.4122951961935857,6.685571221749562,0.14964126173892986,-0.23853020675906597,0.07208842236065467,1.4211061407076047,0.0,3.8247015069448915,0.050968571498207264,-0.2281937826760155,Insurance—Life,Financial Services,CIA
2018Q3,2018,Q3,2018-11-07,2018-09-30,-14754000.0,61161000.0,0.0,-0.3,61161000.0,1.0,1601912000.0,180739000.0,0.0,0.0,1421173000.0,0.0,-75812000.0,412675680.0,343922680.0,3.608861467193802,0.0,0.0,0.0,0.0,3.608861467193802,-0.08163152391016881,6.747366459018002,-6.992606750711671,2.283268580660511,0.0,0.0,0.0,0.03817999990011936,0.0,-0.009210243758708344,17.924496373192024,1.0,-5.0,-9.088815789473685,0.1407229185317817,-0.27042235327835445,0.02204137562247251,-4.7677873338545735,0.0,-144.24271844660197,0.05225036129653852,-0.27629713864708383,Insurance—Life,Financial Services,CIA
2018Q2,2018,Q2,2018-08-07,2018-06-30,-2558000.0,59842000.0,0.0,-0.05,59842000.0,1.0,1652721000.0,197430000.0,0.0,0.0,1455291000.0,0.0,-61058000.0,390138780.0,326805780.0,3.9421348987660236,0.0,0.0,0.0,0.0,3.9421348987660236,-0.012956490908169985,6.519480966545236,-38.129278733385455,1.9760866129767514,0.0,0.0,0.0,0.0362081682268211,0.0,-0.00154775064877859,19.659298563869992,1.0,-68.65899864682002,-2.9571537872991587,0.11628861363975505,-0.20597639204488324,0.041944526665854125,-70.13513513513513,0.0,-0.33646812957157785,-0.003944806005426211,-0.20789417726191287,Insurance—Life,Financial Services,CIA
2018Q1,2018,Q1,2018-05-04,2018-03-31,37000.0,57433000.0,0.0,0.000739,57433000.0,1.0,1645459000.0,209446000.0,0.0,0.0,1436013000.0,0.0,-58500000.0,366600240.0,325353240.0,4.182061419272393,0.0,0.0,0.0,0.0,4.182061419272393,0.00017665651289592544,6.38309404001184,2477.028648648649,1.7503329736543074,0.0,0.0,0.0,0.03490393865784562,0.0,2.2486126971258477e-05,16.716837209302327,1.0,1.0008372680752873,-0.9567757009345793,0.15918540346344812,-0.20664994962159383,-0.15369199711182824,1.0008370283232286,0.0,-0.9129411764705883,0.0281596849266023,-0.20077691538643538,Insurance—Life,Financial Services,CIA
2017Q4,2017,Q4,2018-03-29,2017-12-31,-44204000.0,67863000.0,0.0,-0.8826324827283255,67863000.0,1.0,1644453000.0,223513000.0,0.0,0.0,1420940000.0,0.0,-54375000.0,368102700.0,322038700.0,4.462940777125514,0.0,0.0,0.0,0.0,4.462940777125514,-0.19776925726915212,5.4242031740418195,-2.081840444303683,1.6468961536912843,0.0,0.0,0.0,0.04126782583631153,0.0,-0.026880670958671363,15.305725571725572,1.0,-13.609035467547505,-147.83501683501683,0.2550952469021639,-0.1504895328154219,0.054903545724456326,-13.816468541606262,0.0,-2.9552612741589117,0.06936543704007185,-0.13487434151703645,Insurance—Life,Financial Services,CIA
2017Q3,2017,Q3,2017-11-07,2017-09-30,3449000.0,64331000.0,0.0,0.07,64331000.0,1.0,1651274000.0,264221000.0,0.0,0.0,1387053000.0,0.0,-10171000.0,368102700.0,323102700.0,5.275767740904916,0.0,0.0,0.0,0.0,5.275767740904916,0.01305346660560667,5.722011161026566,26.681842563061757,1.3931621634919251,0.0,0.0,0.0,0.03895840423818216,0.0,0.002088690308210509,14.627566063977747,1.0,6.0,0.1596682642801772,0.20665291207498857,-0.020572785353185723,0.05717149806086899,5.02972027972028,0.0,0.4840791738382101,0.12407828062205137,-0.009562472823234844,Insurance—Life,Financial Services,CIA
2017Q2,2017,Q2,2017-08-04,2017-06-30,572000.0,60852000.0,0.0,0.01,60852000.0,1.0,1624172000.0,258013000.0,0.0,0.0,1366159000.0,0.0,-13620000.0,369605160.0,335856160.0,5.151811029910946,0.0,0.0,0.0,0.0,5.151811029910946,0.0022169425571579725,6.073837507394991,161.5407167832168,1.4325059590020657,0.0,0.0,0.0,0.0374664752255303,0.0,0.000352179448974616,17.373562094575536,1.0,-0.75,0.3876416869881782,0.19939442051215997,-0.012429877272095132,0.021332303922391365,-0.7217898832684825,0.0,-0.5026086956521739,0.07698842518848885,-0.027683251745748264,Insurance—Life,Financial Services,CIA
2017Q1,2017,Q1,2017-05-09,2017-03-31,2056000.0,59581000.0,0.0,0.04,59581000.0,1.0,1610150000.0,254396000.0,0.0,0.0,1355754000.0,0.0,-14192000.0,372109260.0,330958260.0,5.079589473263847,0.0,0.0,0.0,0.0,5.079589473263847,0.008081888080001258,6.245434954096105,45.246748540856025,1.4627166307646347,0.0,0.0,0.0,0.03700338477781573,0.0,0.00127689966773282,17.5548077558145,1.0,35.42327272727273,0.3292975182077055,0.2417653081139661,-0.009989526229892841,-0.12255717714975774,36.38181818181818,0.0,0.7176274018379282,0.12349147684416967,-0.006963853540479411,Insurance—Life,Financial Services,CIA
2016Q4,2016,Q4,2017-04-27,2016-12-31,55000.0,67903000.0,0.0,0.0010981989537159058,67903000.0,1.0,1583668000.0,249100000.0,0.0,0.0,1334568000.0,0.0,-16248000.0,491805240.0,456295240.0,4.973842897647858,0.0,0.0,0.0,0.0,4.973842897647858,0.00022079486150140506,7.242761586380572,2235.478363636364,1.9743285427539141,0.0,0.0,0.0,0.0428770424104042,0.0,3.472950138539138e-05,15.467032738937636,1.0,-0.9780360209256819,-0.9523766850531646,0.2602596387277235,-0.04760007655536519,0.0998040200191121,-0.9783805031446541,0.0,-0.9317617866004962,0.19408785566067596,0.01338844387308846,Insurance—Life,Financial Services,CIA
2016Q3,2016,Q3,2016-11-07,2016-09-30,2544000.0,61741000.0,0.0,0.05,61741000.0,1.0,1566338000.0,262771000.0,0.0,0.0,1303567000.0,0.0,-20712000.0,468767520.0,436444520.0,5.246815223034224,0.0,0.0,0.0,0.0,5.246815223034224,0.00968143364374303,7.59248343888178,46.06599056603773,1.7839393235935472,0.0,0.0,0.0,0.03941741820730902,0.0,0.001624170517474517,18.21022142801647,1.0,0.6666666666666669,0.11766435838746714,0.24204140424337023,0.008310746193967142,0.008230318271633162,0.9287338893100834,0.0,0.3947368421052632,0.15154058490002986,0.06071101315539829,Insurance—Life,Financial Services,CIA
2016Q2,2016,Q2,2016-08-09,2016-06-30,1319000.0,61237000.0,0.0,0.03,61237000.0,1.0,1547002000.0,261077000.0,0.0,0.0,1285925000.0,0.0,-23256000.0,380623200.0,327686200.0,5.212990695259774,0.0,0.0,0.0,0.0,5.212990695259774,0.005052149365895885,6.215575550729135,72.14238059135708,1.4578963294353773,0.0,0.0,0.0,0.03958430564407803,0.0,0.0008526168679807783,17.475812672176307,1.0,1.7500000000000002,-0.6045905559778664,0.2272465582748148,0.05515011062820105,0.1230994956441999,1.676757311441765,0.0,0.009181331293037559,0.1423108491269958,0.04999899455046352,Insurance—Life,Financial Services,CIA
2016Q1,2016,Q1,2016-05-03,2016-03-31,-1949000.0,54525000.0,0.0,-0.04,54525000.0,1.0,1500725000.0,249102000.0,0.0,0.0,1251623000.0,0.0,-24575000.0,362593680.0,317238680.0,4.973882832155265,0.0,0.0,0.0,0.0,4.973882832155265,-0.007824104182222543,6.650044566712517,-46.51022062596203,1.455603246862731,0.0,0.0,0.0,0.03633243932099485,0.0,-0.0012987056256142863,17.48450573825827,1.0,0.08651162790697675,-2.0863516529520805,0.19464556673088856,0.07241315829263757,-0.12346274415239933,0.11126310989512084,0.0,-3.276869158878505,0.10049247164251397,-0.05643896637146686,Insurance—Life,Financial Services,CIA
2015Q4,2015,Q4,2016-03-24,2015-12-31,-2193000.0,62205000.0,0.0,-0.04378818737270876,62205000.0,1.0,1484040000.0,242517000.0,0.0,0.0,1241523000.0,0.0,-22626000.0,372109260.0,289282260.0,4.842398466514916,0.0,0.0,0.0,0.0,4.842398466514916,-0.009042665050285136,5.981983120327948,-42.42011627906977,1.5343636116231025,0.0,0.0,0.0,0.04191598609201908,0.0,-0.0014777229724266192,15.454967811604435,1.0,-22.287402709143784,-1.2402861670196053,0.10734684814396053,0.05702108385680379,0.0702119606358819,-22.29126213592233,0.0,-6.383838383838384,0.15045311633068242,-0.07826063821700595,Insurance—Life,Financial Services,CIA
2015Q3,2015,Q3,2015-11-09,2015-09-30,103000.0,58124000.0,0.0,0.002057,58124000.0,1.0,1475034000.0,249742000.0,0.0,0.0,1225292000.0,0.0,-20433000.0,371608440.0,328777440.0,4.986661874525778,0.0,0.0,0.0,0.0,4.986661874525778,0.000412425623243187,6.393373477393159,901.9622330097088,1.487969344363383,0.0,0.0,0.0,0.0394051933718138,0.0,6.982889885928053e-05,16.30862986044062,1.0,1.0514249999999998,-0.9398973558514097,0.24309747150521785,0.024628008799479063,-0.03254048835699662,1.053814002089864,0.0,-0.9653679816698004,0.09022856572176133,-0.07424424462732075,Insurance—Life,Financial Services,CIA
2015Q2,2015,Q2,2015-08-06,2015-06-30,-1914000.0,60079000.0,0.0,-0.04,60079000.0,1.0,1450184000.0,249247000.0,0.0,0.0,1200937000.0,0.0,-20536000.0,373611720.0,335791720.0,4.976778083942334,0.0,0.0,0.0,0.0,4.976778083942334,-0.007679129538168965,6.218674079129147,-48.79985893416928,1.498961752799432,0.0,0.0,0.0,0.04142853596509133,0.0,-0.0013198325178046372,16.403746048472076,1.0,-5.0,-1.596226245472339,0.29132478843881465,0.09084909399817666,0.0755281059792338,-5.503529411764706,0.0,-5.643262567998904,0.1841585714512268,-0.04598260405653168,Insurance—Life,Financial Services,CIA
2015Q1,2015,Q1,2015-05-06,2015-03-31,425000.0,55860000.0,0.0,0.01,55860000.0,1.0,1444072000.0,262062000.0,0.0,0.0,1182010000.0,0.0,-18622000.0,308505120.0,267075120.0,5.232658440158141,0.0,0.0,0.0,0.0,5.232658440158141,0.0016217536308201876,5.522827067669173,181.4736,1.1772218787920417,0.0,0.0,0.0,0.03868228176988405,0.0,0.0002943066550698303,18.22885369888915,1.0,1.0448120973514674,-0.7372856801449983,0.26438546970229265,0.16937120550583196,-0.11977434960054206,1.038027916964925,0.0,-0.7252181686584266,0.16421359344835001,0.019843569777598078,Insurance—Life,Financial Services,CIA
2014Q4,2014,Q4,2015-04-06,2014-12-31,-11176000.0,63461000.0,0.0,-0.2231540273950721,63461000.0,1.0,1417555000.0,258359000.0,0.0,0.0,1159196000.0,0.0,-19047000.0,380623200.0,329915200.0,5.158719699692504,0.0,0.0,0.0,0.0,5.158719699692504,-0.04325763762826145,5.997749799089204,-8.51429849677881,1.473233756130036,0.0,0.0,0.0,0.044767927875814344,0.0,-0.007883997446307198,12.284111666935614,1.0,-6.5788506848768025,-2.38618293701792,0.16490122104760305,0.18628469021553246,0.10887646339332518,-5.80895008605852,0.0,-10.67705759719693,0.17781742976451803,-0.012199551099026885,Insurance—Life,Financial Services,CIA
2014Q3,2014,Q3,2014-11-05,2014-09-30,2324000.0,57230000.0,0.0,0.04,57230000.0,1.0,1318499000.0,266772000.0,0.0,0.0,1051727000.0,0.0,-7871000.0,323529720.0,266543720.0,5.32670420510363,0.0,0.0,0.0,0.0,5.32670420510363,0.008711558934220983,5.653149047702254,34.803111015490536,1.212757410822725,0.0,0.0,0.0,0.04340541782739312,0.0,0.0017626103622376656,13.834924951892239,1.0,0.3333333333333334,0.02061739743262317,0.2599187880444443,0.2223816389173554,0.012884499663728717,1.0208695652173914,0.0,0.021010994061506878,0.1512937847596911,0.023663472695453554,Insurance—Life,Financial Services,CIA
2014Q2,2014,Q2,2014-08-07,2014-06-30,1150000.0,56502000.0,0.0,0.03,56502000.0,1.0,1298466000.0,265359000.0,0.0,0.0,1033107000.0,0.0,-10195000.0,370606800.0,313169800.0,5.2984904756199835,0.0,0.0,0.0,0.0,5.2984904756199835,0.004333751634578062,6.5591802060104065,80.56669565217392,1.3966241959006478,0.0,0.0,0.0,0.04351442394333005,0.0,0.0008856604639628608,16.21414883843024,1.0,0.4999999999999999,-0.5980744745039343,0.18061462078767462,0.3252916765456584,0.06543219188414542,-0.03926482873851295,0.0,-0.6552533278048115,0.13235274483798348,0.07245593524588083,Insurance—Life,Financial Services,CIA
2014Q1,2014,Q1,2014-05-06,2014-03-31,1197000.0,53032000.0,0.0,0.02,53032000.0,1.0,1260209000.0,256180000.0,0.0,0.0,1004029000.0,0.0,-11345000.0,370606800.0,318299800.0,5.115211053871651,0.0,0.0,0.0,0.0,5.115211053871651,0.004672495901319385,6.988361743852768,77.40325814536341,1.4466656257319073,0.0,0.0,0.0,0.042081908635789776,0.0,0.0009498424467687503,18.32328685849896,1.0,0.24272952853598023,-0.7427319128089837,0.11713858017533035,0.35262222018234707,-0.06742165793268386,0.4851116625310174,0.0,-0.3328050648621653,0.1619338596033467,0.10288477367266384,Insurance—Life,Financial Services,CIA
2013Q4,2013,Q4,2014-03-11,2013-12-31,806000.0,56866000.0,0.0,0.016093606485364002,56866000.0,1.0,1216280000.0,245809000.0,0.0,0.0,970471000.0,0.0,-12542000.0,438217500.0,383624500.0,4.908130665708239,0.0,0.0,0.0,0.0,4.908130665708239,0.0032789686301152522,7.706142510463194,135.92354218362283,1.7827561236569855,0.0,0.0,0.0,0.046754036899398166,0.0,0.0006626763574176999,16.18412305646859,1.0,-0.4635464504878666,1.0367717835087993,1.2956684162463967,0.3480256509183107,0.06061623396001194,-0.5581140350877193,0.0,-0.9116868898231637,0.01230424992451503,0.07136941163612068,Insurance—Life,Financial Services,CIA
2013Q3,2013,Q3,2013-11-06,2013-09-30,1824000.0,53616000.0,0.0,0.03,53616000.0,1.0,1194114000.0,247731000.0,0.0,0.0,946383000.0,0.0,-13348000.0,432708480.0,391021480.0,4.946507727327184,0.0,0.0,0.0,0.0,4.946507727327184,0.0073628249996972525,8.070510295434199,59.30763157894738,1.7466868498492316,0.0,0.0,0.0,0.04490023565589215,0.0,0.0015274923499766354,20.36179379793892,1.0,0.0,2.9741665928319816,0.17611999820033697,0.23108852618287595,0.00014923145799134458,0.3955623565416985,0.0,0.06434197016532743,0.14668491556368723,0.01637738645443603,Insurance—Life,Financial Services,CIA
2013Q2,2013,Q2,2013-08-06,2013-06-30,1307000.0,53608000.0,0.0,0.03,53608000.0,1.0,1178544000.0,248645000.0,0.0,0.0,929899000.0,0.0,-15172000.0,312010860.0,270997860.0,4.964757797212571,0.0,0.0,0.0,0.0,4.964757797212571,0.005256490176758028,5.820229443366662,59.68073068094875,1.2548446982645942,0.0,0.0,0.0,0.04548663435561167,0.0,0.0011089955063196622,21.08608907210921,1.0,0.4999999999999999,-0.6153628503799223,0.09061018121634701,0.2514340795063674,0.08198441852016308,0.5268691588785047,0.0,-0.5928590894292857,0.15223854023249367,0.08821439366241773,Insurance—Life,Financial Services,CIA
2013Q1,2013,Q1,2013-05-02,2013-03-31,856000.0,49546000.0,0.0,0.02,49546000.0,1.0,1187576000.0,264002000.0,0.0,0.0,923574000.0,0.0,-16479000.0,411674040.00000006,369066040.00000006,5.271394912343756,0.0,0.0,0.0,0.0,5.271394912343756,0.003242399678790312,8.308925846687927,120.23190420560749,1.5593595503064372,0.0,0.0,0.0,0.04172027727067573,0.0,0.0007207959743208013,23.00369021010282,1.0,4.372525252525253,-0.7245786964223281,0.09202829515583029,0.3178412525841886,-0.08366931755132236,3.8821548821548824,0.0,-0.4708624522449849,0.12146871610937696,0.17802785980398006,Insurance—Life,Financial Services,CIA
2012Q4,2012,Q4,2013-03-12,2012-12-31,-297000.0,54070000.0,0.0,-0.005930274350065892,54070000.0,1.0,1174948000.0,263108000.0,0.0,0.0,911840000.0,0.0,-17335000.0,553406100.0,497107100.0,5.253544187532447,0.0,0.0,0.0,0.0,5.253544187532447,-0.001128814023138787,10.234993526909562,-465.8300505050505,2.103341973638202,0.0,0.0,0.0,0.04601905786468848,0.0,-0.00025277714417999773,25.788997623374808,1.0,-1.0988379058344315,-1.044044329483671,-0.04757141480253896,0.31436275273154063,0.03618105860258326,-1.1020267949158364,0.0,-1.0368375386805941,-0.007481618284554355,0.20809026305732847,Insurance—Life,Financial Services,CIA
2012Q3,2012,Q3,2012-11-06,2012-09-30,2911000.0,52182000.0,0.0,0.06,52182000.0,1.0,1151719000.0,264045000.0,0.0,0.0,887674000.0,0.0,-17025000.0,525973870.0,486143870.0,5.3865847936514415,0.0,0.0,0.0,0.0,5.3865847936514415,0.011024635952205116,10.079603503123682,45.17123582961182,1.9919857221306974,0.0,0.0,0.0,0.04530792667308606,0.0,0.002527526245551215,30.24228783348666,1.0,4.999999999999999,-0.4731593495036126,0.027422891000467582,0.47508948597938166,0.05201403169227047,6.223325062034739,0.0,0.30612958088224773,0.17369902381705246,0.23612314382357444,Insurance—Life,Financial Services,CIA
2012Q2,2012,Q2,2012-08-06,2012-06-30,403000.0,49602000.0,0.0,0.01,49602000.0,1.0,1129461000.0,255423000.0,0.0,0.0,874038000.0,0.0,-19936000.0,477389250.0,408473250.0,5.216653391336315,0.0,0.0,0.0,0.0,5.216653391336315,0.0015777749067233569,9.624395185677997,296.1471774193549,1.869014340916832,0.0,0.0,0.0,0.04391652301407486,0.0,0.0003568073620957253,32.24949334594339,1.0,-0.6666666666666666,-0.9035861725113357,0.005312816007585806,0.5217756013151345,0.05749920051167253,-0.7334656084656085,0.0,-0.8559323611766957,0.060125226073395384,0.30482207163970254,Insurance—Life,Financial Services,CIA
2012Q1,2012,Q1,2012-05-07,2012-03-31,1512000.0,46905000.0,0.0,0.03,46905000.0,1.0,1106047000.0,251201000.0,0.0,0.0,854846000.0,0.0,-20339000.0,483714920.00000006,422618920.00000006,5.130844175738884,0.0,0.0,0.0,0.0,5.130844175738884,0.0060190843189318515,10.312651529687669,79.97931878306879,1.925609054104084,0.0,0.0,0.0,0.04240778194778341,0.0,0.0013670305149781157,32.25411215576449,1.0,0.30094774136403885,-0.4771545043827243,0.004154159413176715,0.47719887956247975,-0.10948891251518833,0.3392382639503986,0.0,-0.6675757607871554,0.010735011744740435,0.35675610787255935,Insurance—Life,Financial Services,CIA
2011Q4,2011,Q4,2012-03-12,2011-12-31,1129000.0,52672000.0,0.0,0.02306011152188566,52672000.0,1.0,1091270000.0,255685000.0,0.0,0.0,835585000.0,0.0,-14208000.0,474412710.0,441157710.0,5.222431013705346,0.0,0.0,0.0,0.0,5.222431013705346,0.004415589494886286,9.006924172235722,105.05153011514614,1.8554577311926783,0.0,0.0,0.0,0.048266698433934774,0.0,0.001034574394970997,23.051003838491813,1.0,-0.5387977695622868,-0.6914386450488467,0.026664208239644396,0.544610535114863,0.08494685671912335,-0.49212775528565,0.0,1.0526893353172706,1.1751309747814886,0.434348725842298,Insurance—Life,Financial Services,CIA
2011Q3,2011,Q3,2011-11-03,2011-09-30,2223000.0,48548000.0,0.0,0.05,48548000.0,1.0,1074761000.0,254517000.0,0.0,0.0,820244000.0,0.0,-15337000.0,313525920.0,249100920.0,5.203569676153092,0.0,0.0,0.0,0.0,5.203569676153092,0.008734190643454072,6.4580604762297105,35.25932523616734,1.2318466742889473,0.0,0.0,0.0,0.045170972895369296,0.0,0.0020683668276016715,20.63077712706455,1.0,-0.28571428571428575,-0.2758974763898982,0.06351057518802807,0.5236371502399151,0.0007833436404864976,-0.3145235892691952,0.0,3.463568654411393,0.09042251410715589,0.29506619146973184,Insurance—Life,Financial Services,CIA
2011Q2,2011,Q2,2011-08-08,2011-06-30,3243000.0,48510000.0,0.0,0.07,48510000.0,1.0,1040668000.0,240549000.0,0.0,0.0,800119000.0,0.0,-17558000.0,332058980.0,273682980.0,4.940520446096654,0.0,0.0,0.0,0.0,4.940520446096654,0.013481660701146128,6.845165532879818,25.59813290163429,1.380421369450715,0.0,0.0,0.0,0.04661429005215881,0.0,0.003116267628100412,25.635681309349184,1.0,1.3333333333333337,1.8764125724211462,0.07471769897791146,0.5809700023397427,0.07126294635956099,0.8219101123595506,0.0,-0.01831219110532722,0.015130850253172299,0.245324728673493,Insurance—Life,Financial Services,CIA
2011Q1,2011,Q1,2011-05-06,2011-03-31,1780000.0,45283000.0,0.0,0.03,45283000.0,1.0,1009494000.0,230459000.0,0.0,0.0,779035000.0,0.0,-20801000.0,362729700.0,325279700.0,4.638028537503271,0.0,0.0,0.0,0.0,4.638028537503271,0.007723716582993071,8.010284212618421,50.945182584269666,1.5739446061989333,0.0,0.0,0.0,0.0448571264415638,0.0,0.0017632596132319757,26.38034181818182,1.0,-0.8353760353395914,-0.2801760781428373,-0.015489167062595292,0.4468077422809026,-0.18751569957297162,-0.8034235229155163,0.0,-0.4227483613524018,0.005962731631110222,0.15950055706733915,Insurance—Life,Financial Services,CIA
2010Q4,2010,Q4,2011-03-11,2010-12-31,9055000.0,55734000.0,0.0,0.18223349232224437,55734000.0,1.0,986506000.0,227634000.0,0.0,0.0,758872000.0,0.0,-22581000.0,370183050.0,320460050.0,4.581174907927307,0.0,0.0,0.0,0.0,4.581174907927307,0.03977876767091032,6.641960921520077,10.220404472667035,1.6262203800838189,0.0,0.0,0.0,0.056496361907580894,0.0,0.009178859530504629,18.061233899297424,1.0,5.074449744074813,1.4249199153060432,0.18810824681189864,0.3770052860897011,0.22613573864261358,4.435174069627851,0.0,0.35345373670811486,-0.010495730620084473,0.1461454301683855,Insurance—Life,Financial Services,CIA
2010Q3,2010,Q3,2010-11-05,2010-09-30,1666000.0,45455000.0,0.0,0.03,45455000.0,1.0,1000399000.0,236950000.0,0.0,0.0,763449000.0,0.0,-31636000.0,335453430.0,270087430.0,4.866802226467024,0.0,0.0,0.0,0.0,4.866802226467024,0.007031019202363368,7.37990166098339,50.33814975990396,1.415713990293311,0.0,0.0,0.0,0.04543687068859525,0.0,0.001665335531123082,22.40837875751503,1.0,-0.53125,-0.05403645749660148,0.06044710197440548,0.4600625168766098,-0.015272963604852686,-0.47692307692307695,0.0,-0.6964267492129449,-0.09892360774507164,0.3327496121593762,Insurance—Life,Financial Services,CIA
2010Q2,2010,Q2,2010-08-06,2010-06-30,3185000.0,46160000.0,0.0,0.064,46160000.0,1.0,972467000.0,226696000.0,0.0,0.0,745771000.0,0.0,-33302000.0,330928740.0,249603740.0,4.562297490390227,0.0,0.0,0.0,0.0,4.562297490390227,0.014049652397924975,7.169166811091855,25.975568288854003,1.4597908211878463,0.0,0.0,0.0,0.04746690633204006,0.0,0.00327517540440961,30.285415942161617,1.0,1.1333333333333335,6.267613492096928,0.11605502206145792,0.327037757199529,0.05311188173024275,0.9844236760124611,0.0,-0.24915295223046638,-0.07811745060328133,0.33089022520597783,Insurance—Life,Financial Services,CIA
2010Q1,2010,Q1,2010-05-07,2010-03-31,1605000.0,43832000.0,0.0,0.03,43832000.0,1.0,940372000.0,222342000.0,0.0,0.0,718030000.0,0.0,-36487000.0,343344080.0,295321080.0,4.4747625181130255,0.0,0.0,0.0,0.0,4.4747625181130255,0.0072186091696575545,7.833183062602664,53.48038629283489,1.5442160275611445,0.0,0.0,0.0,0.04661134104375715,0.0,0.0017067713628223723,29.146356536502548,1.0,-0.8136467058382298,-0.4379424950944903,0.02317969681687899,0.3668663176092692,-0.18903217450831653,-0.7993499187398425,0.0,-0.4531381354708733,-0.07540069834733093,0.2883092823829192,Insurance—Life,Financial Services,CIA
2009Q4,2009,Q4,2010-03-12,2009-12-31,7999000.0,54049000.0,0.0,0.160984543551763,54049000.0,1.0,927326000.0,216075000.0,0.0,0.0,711251000.0,0.0,-38092000.0,324462640.0,275837640.0,4.348635485429077,0.0,0.0,0.0,0.0,4.348635485429077,0.03701955339581164,6.003120131732317,10.14072509063633,1.501620455860234,0.0,0.0,0.0,0.05828478873664709,0.0,0.008625876983930138,21.28182080545717,1.0,2.8329653226610234,0.3266293489228158,0.19726261736269926,0.321211655519079,0.20526714833645526,2.558274021352313,0.0,1.154092309457446,0.038047670593546086,0.28617269745462365,Insurance—Life,Financial Services,CIA
2009Q3,2009,Q3,2009-11-06,2009-09-30,2248000.0,44844000.0,0.0,0.042,44844000.0,1.0,919820000.0,215455000.0,0.0,0.0,704365000.0,0.0,-46091000.0,313468620.0,235552620.0,4.357644155896689,0.0,0.0,0.0,0.0,4.357644155896689,0.010433733262166114,6.990202033716885,34.86083407473309,1.4549145761295863,0.0,0.0,0.0,0.04875301689460981,0.0,0.0024439564262573113,22.606996971008222,1.0,-0.16,0.24856804258577797,0.5800863250792324,0.36511666369086326,-0.012877237007198046,-0.1723122238586156,0.0,-0.2756182294233307,-0.028180921771452278,0.27594496406522506,Insurance—Life,Financial Services,CIA
2009Q2,2009,Q2,2009-08-07,2009-06-30,2716000.0,45429000.0,0.0,0.05,45429000.0,1.0,890480000.0,190064000.0,0.0,0.0,700416000.0,0.0,-48339000.0,289043200.0,193953200.0,3.9979806478754734,0.0,0.0,0.0,0.0,3.9979806478754734,0.014289923394225103,6.362526139690506,26.60559646539028,1.520767741392373,0.0,0.0,0.0,0.051016305812595454,0.0,0.003050040427634534,26.03289201116815,1.0,-0.2537313432835821,1.6468480043927254,0.7901523878727954,0.3162778104784146,0.017264543866720408,-0.3794836646104638,0.0,1.4672074782478548,0.030784741215280506,0.2793566068974989,Insurance—Life,Financial Services,CIA
2009Q1,2009,Q1,2009-05-08,2009-03-31,4377000.0,44658000.0,0.0,0.067,44658000.0,1.0,853304000.0,178171000.0,0.0,0.0,675133000.0,0.0,-51055000.0,342518780.0,282602780.0,3.781699707093433,0.0,0.0,0.0,0.0,3.781699707093433,0.024566287442962097,7.669819069371669,19.563558373315054,1.9224159936241025,0.0,0.0,0.0,0.052335392779126785,0.0,0.005129473200641272,37.46240621240293,1.0,1.1530862269641124,9.24613175241644,0.9329569425766409,0.202882491275659,0.9164056130112003,1.2122696411251213,0.0,0.8667798252706176,0.02398797448811421,0.1796806274395076,Insurance—Life,Financial Services,CIA
2008Q4,2008,Q4,2009-03-13,2008-12-31,-20620000.0,23303000.0,0.0,-0.43766184149085197,23303000.0,1.0,832276000.0,171541000.0,0.0,0.0,660735000.0,0.0,-55432000.0,457005799.99999994,393213799.99999994,3.640977204228043,0.0,0.0,0.0,0.0,3.640977204228043,-0.12020449921593089,19.61145775222074,-5.540807468477206,2.6641199480007693,0.0,0.0,0.0,0.027999125290168167,0.0,-0.02477543507201938,43.00421567704902,1.0,-20.883092074542596,-9.211717356731905,-0.24522255553092878,0.1751655059153576,-0.41978935836466397,-24.331695331695332,0.0,-6.823819222670609,-0.4760885243241681,0.0944015361820084,Insurance—Life,Financial Services,CIA
2008Q3,2008,Q3,2008-11-07,2008-09-30,-814000.0,40163000.0,0.0,-0.02,40163000.0,1.0,812896000.0,177286000.0,0.0,0.0,635610000.0,0.0,-34812000.0,362691060.0,317021060.0,4.017995149921809,0.0,0.0,0.0,0.0,4.017995149921809,-0.004591451101609828,9.030477304982197,-111.3916031941032,2.0457963967826003,0.0,0.0,0.0,0.049407304255402906,0.0,-0.0010013581073101603,33.89002616333396,1.0,-1.3333333333333335,-1.5619231633772848,0.4569120306463402,0.35135478826605054,-0.07204084933342575,-1.2720588235294117,0.0,-1.5100018935526225,0.033906997115908395,0.20541658329345266,Insurance—Life,Financial Services,CIA
2008Q2,2008,Q2,2008-08-11,2008-06-30,2992000.0,43281000.0,0.0,0.06,43281000.0,1.0,800955000.0,174948000.0,0.0,0.0,626007000.0,0.0,-33998000.0,270320740.0,230792740.0,3.9672547507823483,0.0,0.0,0.0,0.0,3.9672547507823483,0.017102224661042137,6.245713823617754,22.586960227272726,1.5451490728673662,0.0,0.0,0.0,0.054036743637282995,0.0,0.0037355406982914146,23.261400912141813,1.0,0.1999999999999999,80.15075618290732,0.6709915775874682,0.3304686109797968,0.08403045634423684,0.09396709323583181,0.0,6.6928158857536895,0.17912122185125506,0.15395737735354878,Insurance—Life,Financial Services,CIA
2008Q1,2008,Q1,2008-05-12,2008-03-31,2735000.0,39926000.0,0.0,0.05,39926000.0,1.0,794209000.0,176289000.0,0.0,0.0,617920000.0,0.0,-36990000.0,294841680.0,274113680.0,4.0000226901434015,0.0,0.0,0.0,0.0,4.0000226901434015,0.015514297545507661,7.384703701848419,26.950793418647166,1.672490512737607,0.0,0.0,0.0,0.05027140211203852,0.0,0.0034436779235692367,23.8313676042677,1.0,-0.6286484664644422,8.016334563468536,0.7620974556434461,0.27784408062409366,-0.20080867929060411,-0.5390967307044152,0.0,0.07982108130256532,0.050764001288690054,0.22185172122507119,Insurance—Life,Financial Services,CIA
2007Q4,2007,Q4,2008-03-17,2007-12-31,5934000.0,49958000.0,0.0,0.13464331094572518,49958000.0,1.0,787909000.0,176157000.0,0.0,0.0,611752000.0,0.0,-39725000.0,243718160.0,222595160.0,3.9970275912143767,0.0,0.0,0.0,0.0,3.9970275912143767,0.033685859772816296,4.878461107330157,10.267869902258173,1.383528102771959,0.0,0.0,0.0,0.06340579940069221,0.0,0.007531326587207406,15.724766759145751,1.0,1.6928662189145034,2.8098176284559586,0.8344534746475152,0.5050349371506605,0.16705211764431052,0.2742108653639682,0.0,0.10955849546702325,0.24765801230846218,0.21438539942897006,Insurance—Life,Financial Services,CIA
2007Q3,2007,Q3,2007-11-08,2007-09-30,4657000.0,42807000.0,0.0,0.05,42807000.0,1.0,740205000.0,150870000.0,0.0,0.0,589335000.0,0.0,-45659000.0,330520000.0,317347000.0,3.65170035096212,0.0,0.0,0.0,0.0,3.65170035096212,0.030867634387220785,7.721167098838975,17.74318230620571,2.1907602571750515,0.0,0.0,0.0,0.05783127647070744,0.0,0.006291500327611946,49.92749244712991,1.0,-0.28571428571428575,17.65720305521099,0.7179937821640697,0.3803487595950866,0.02819878461797132,0.32038559682449674,0.0,2.0954172815423497,0.8050461923096522,0.1439660563285214,Insurance—Life,Financial Services,CIA
2007Q2,2007,Q2,2007-08-09,2007-06-30,3527000.0,41633000.0,0.0,0.07,41633000.0,1.0,724456000.0,141628000.0,0.0,0.0,582828000.0,0.0,-50316000.0,290857600.0,280825600.0,3.4280043567711487,0.0,0.0,0.0,0.0,3.4280043567711487,0.024903267715423505,6.986227271635482,20.616501275871844,2.053673002513627,0.0,0.0,0.0,0.057467948364013824,0.0,0.004868480625462416,63.16125950054289,1.0,0.4000000000000001,1.6834079345082915,0.7459514026671998,0.2948796373846953,0.05678241445832064,0.44608446084460845,0.0,2.955087690734697,0.8877564024660316,0.12862128820933125,Insurance—Life,Financial Services,CIA
2007Q1,2007,Q1,2007-05-10,2007-03-31,2439000.0,39396000.0,0.0,0.05,39396000.0,1.0,721658000.0,143422000.0,0.0,0.0,578236000.0,0.0,-53843000.0,301844520.0,281865520.0,3.473360457231425,0.0,0.0,0.0,0.0,3.473360457231425,0.017005759228012438,7.661806274748705,30.939372693726938,2.1045900907810515,0.0,0.0,0.0,0.054590955826721244,0.0,0.0033797172621934488,44.155137507314215,1.0,-0.3309630036734493,0.39986448548951314,1.1549199268033385,0.3180781237789133,-0.08952639194811862,-0.2096380732149292,0.0,5.514472403841559,0.9456248223868501,0.10480598765048206,Insurance—Life,Financial Services,CIA
