Quarters,Year,Quarter,FillingDate,Date,NetIncome,Revenue,OperatingIncome,EPSDiluted,GrossProfit,GrossProfitRatio,TotalAssets,CommonStockEquity,CurrentAssets,CurrentLiability,TotalLiability,Inventory,RetainedEarnings,MarketCap,EnterpriseValue,bookValuePerShare,currentRatio,debtToAssets,debtToEquity,roic,shareholdersEquityPerShare,roe,priceToSalesRatio,peRatio,pbRatio,payoutRatio,inventoryTurnover,dividendYield,assetTurnover,quickRatio,returnOnAssets,priceToFreeCashFlowsRatio,grossProfitMargin,epsdilutedGrowth,fiveYNetIncomeGrowthPerShare,fiveYRevenueGrowthPerShare,fiveYShareholdersEquityGrowthPerShare,grossProfitGrowth,netIncomeGrowth,operatingIncomeGrowth,threeYNetIncomeGrowthPerShare,threeYRevenueGrowthPerShare,threeYShareholdersEquityGrowthPerShare,Industry,Sector,Symbol
2023Q1,2023,Q1,2023-05-03,2023-03-31,-1438279.0,1724771.0,-1710069.0,-0.18,1198399.0,0.6948162974,23610048.0,22012748.0,23086169.0,1416955.0,1597300.0,1748115.0,-205154040.0,11570178.9,9373904.9,2.796736320127254,16.292803229460358,0.013923563391315426,0.014933891942977768,-0.06937458239915884,2.796736320127254,-0.06533845751561777,6.708240630205402,-2.011115176540852,0.5256126540857143,0.0,0.3011083366940962,0.0,0.0730524139552787,8.719936765811195,-0.0609180887730512,-10.317463441342516,0.6948162973519383,-1.0547945205479452,-1.1119036354635428,-0.9683382316207749,-0.7072326459508294,-0.02577978735252347,-1.1099994278580325,-0.99665486235897,0.5949243158500079,-0.8529828504219069,0.6210342105506256,Medical Devices,Healthcare,NURO
2022Q4,2022,Q4,2023-03-22,2022-12-31,-681649.0,1847378.0,-856467.0,-0.0876,1230111.0,0.6658685986,24669615.0,23355687.0,24106987.0,1106412.0,1313928.0,1614987.0,-203579866.0,11600773.459999999,7703412.459999999,2.999797707453896,21.78843595333384,0.014426937753183421,0.015238558386229444,-0.0352778346456378,2.999797707453896,-0.029185568379983855,6.279588400424818,-4.25467266144306,0.49670015957997726,0.0,0.3822117453577026,0.0,0.07488475195093235,19.74535525645058,-0.027631116253739672,-7.7523201681874,0.6658685986300584,0.5828571428571429,0.9917739016125728,-0.9869745767816017,-0.8382100215025646,-0.034777061467383116,0.5454209588820934,0.5000166375655214,0.8839532039368871,-0.8052922154371664,0.6606126761755151,Medical Devices,Healthcare,NURO
2022Q3,2022,Q3,2022-10-20,2022-09-30,-1499517.0,1968003.0,-1712991.0,-0.21,1274432.0,0.6475762486,24032390.0,21966268.0,23432006.0,1832429.0,2066122.0,1057239.0,-202887996.0,19600458.66,18210537.66,3.1267578367984985,12.78740185840761,0.01589871003258519,0.017394124482137795,-0.07035330214857193,3.1267578367984985,-0.06826453178118377,9.959567470171539,-3.267795340099512,0.8922980753945094,0.0,0.6560210132240676,0.0,0.08188960814966802,11.748950709686433,-0.06239566684794979,-8.760020674952738,0.6475762486134422,-0.31249999999999994,0.9869491547009326,-0.9830538025474278,-0.8515045091821292,-0.1224008043080059,-0.35149090424036167,-0.4153230803805281,0.8513539894818742,-0.8687650283036581,-0.14411423306206744,Medical Devices,Healthcare,NURO
2022Q2,2022,Q2,2022-07-21,2022-06-30,-1109528.0,2138301.0,-1210318.0,-0.16,1452180.0,0.6791279619,25257053.0,23410571.0,24626950.0,1587570.0,1846482.0,869378.0,-201281742.0,25795972.0,20200946.0,3.3397036281478365,15.512355360708504,0.01612630737243969,0.01739825141385915,-0.04779050720743937,3.3397036281478365,-0.04739431601219808,12.063770254982812,-5.8123751721452726,1.1018941827604292,0.0,0.7892090667120631,0.0,0.08466153988749202,14.812525431949457,-0.04392943230550294,-30.479515276402573,0.6791279618725333,-0.14285714285714277,0.9919313130476881,-0.9883184706201795,-0.882015204821643,-0.19031712551372526,-0.16164642866864753,-0.2581398975041321,0.9539501344991843,-0.8732789182722903,-0.32749074213590723,Medical Devices,Healthcare,NURO
2022Q1,2022,Q1,2022-04-26,2022-03-31,-955134.0,2302391.0,-961990.0,-0.14,1793517.0,0.7789801993,26248371.0,24237908.0,25587251.0,1727254.0,2010463.0,711936.0,-200121819.0,28675562.240000002,5337782.240000002,3.516223899503914,14.813832244707495,0.016442925162860583,0.01780681732103282,-0.03818754697283098,3.516223899503914,-0.03940661875604116,12.454688295776,-7.505638538676249,1.1830873456570592,0.0,0.7147749235886371,0.0,0.08771557671140812,14.156979228301108,-0.03638831529773791,-38.450636974104825,0.7789801992797922,0.06666666666666654,0.9957091236878663,-0.9922357495137909,-0.9551762839038163,0.4432734919001218,0.04772378093341881,0.04088829422901871,-1.0561577243795741,-0.911116205584925,-0.64331088774878,Medical Devices,Healthcare,NURO
2021Q4,2021,Q4,2022-01-28,2021-12-31,-1003001.0,1820163.0,-1003001.0,-0.15,1242673.0,0.6827262174,24888192.0,23215786.0,24187859.0,1365697.0,1672406.0,706553.0,-199163257.0,33536009.599999998,11499120.599999998,3.4751673532440783,17.71099958482738,0.021504776240877602,0.023053925462614103,-0.04129918798383412,3.4751673532440783,-0.04320340478672572,18.424728774291093,-8.358917289215064,1.444534748898874,0.0,0.8173342976393845,0.0,0.0731335968478546,16.755489687683287,-0.04030027572914899,-64.60127869502988,0.6827262173772349,-0.25,0.9963908661342448,-0.99503909286497,-0.9526090998388632,-0.1397364948779046,-0.45978323041119856,-0.4579117433729038,0.9604623459252982,-0.9460716721212231,-0.5793845751545301,Medical Devices,Healthcare,NURO
2021Q3,2021,Q3,2021-10-21,2021-09-30,-687089.0,2064359.0,-687971.0,-0.12,1444526.0,0.6997455384455902,26293669.0,24228011.0,25560390.0,1736489.0,2065658.0,996951.0,-198160256.0,58999072.86000001,36459851.86000001,4.1639981720214445,14.719580717182776,0.025645565097818793,0.027832082460256435,-0.026898408833403196,4.1639981720214445,-0.028359282154857862,28.579851111168168,-21.46704170056572,2.435159570465772,0.0,0.6217286506558497,0.0,0.07851163715493642,13.736512583724975,-0.02613134743576486,-57.04416918212846,0.6997455384455902,0.07692307692307698,0.9980676688892638,-0.9933057943772836,-0.965459442125161,-0.12732121130106241,-0.29253137791957623,-0.29326851679534105,-1.080080590140018,-0.9287364161365873,-0.6538496233587036,Medical Devices,Healthcare,NURO
2021Q2,2021,Q2,2021-07-22,2021-06-30,-531584.0,2213499.0,-531963.0,-0.13,1655278.0,0.7478105930926555,10768893.0,8835129.0,10031222.0,1582869.0,1933764.0,1029154.0,-197473167.0,14171782.68,6616162.68,2.12589979470388,6.337367147881474,0.07508450497186665,0.09151841472829655,-0.05089443138881716,2.12589979470388,-0.060167089807064505,6.402434643069638,-6.664883950607995,1.6040266848395761,0.0,0.5424076474463492,0.0,0.20554563964931213,5.572937495143313,-0.04936291966128738,-23.747557978980105,0.7478105930926555,-5.5,0.998260155992616,-0.9887926323583457,-0.9897578789027409,0.048186308996487424,-7.891892343977385,-7.837328681784201,-1.1633714650067413,-0.8959293605292614,-0.7981787383366836,Medical Devices,Healthcare,NURO
2021Q1,2021,Q1,2021-04-22,2021-03-31,-59783.0,2155472.0,-60195.0,-0.02,1579183.0,0.7326390693082536,7720872.0,5261052.0,6965403.0,2087993.0,2459820.0,979626.0,-196941583.0,12944769.200000001,8737685.200000001,1.3859024477624522,3.3359321606921095,0.12149961817784312,0.17830711424255072,-0.008433958441510403,1.3859024477624522,-0.011363316690274112,6.0055380909610525,-54.132316879380426,2.4604906395146826,0.0,0.5882745047599798,0.0,0.2791746838958087,2.6929477253994625,-0.0077430373149561344,-234.32415328638925,0.7326390693082536,0.767089786887155,0.9998031431930733,-0.987224805640437,-0.991985548922564,0.1836134626987607,0.8164854021432496,0.8154393796776359,-1.0096440969600384,-0.9179593828701028,-0.8549212560077096,Medical Devices,Healthcare,NURO
2020Q4,2020,Q4,2021-01-29,2020-12-31,-325767.0,1809732.0,-326153.0,-0.08587,1334205.0,0.7372389945030535,7994575.0,5247775.0,7089866.0,2285390.0,2746800.0,1051282.0,-196881800.0,11988215.24,7823044.24,1.3832725445793714,3.102256507642022,0.13272025092015524,0.20218892768840127,-0.044254985068235365,1.3832725445793714,-0.062077166037034746,6.624304173214598,-9.199992049532336,2.2844377359928734,0.0,0.45233058304051627,0.0,0.2263700071611061,2.433068316567413,-0.04074850758170384,42.63128314729008,0.7372389945030535,-0.26398374941121067,0.9983964515151266,-0.9911839564602075,-0.9944294541190629,-0.1097073696095192,-0.2670187816251998,-0.264712839344364,0.9919318602070436,-0.9738131313482284,-0.9253950909131333,Medical Devices,Healthcare,NURO
2020Q3,2020,Q3,2020-10-22,2020-09-30,-257113.0,2036228.0,-257887.0,-0.067936,1498614.0,0.735975539085014,8340038.0,5371772.0,7290140.0,2386363.0,2968266.0,1050293.0,-196556033.0,6433916.899999999,2683423.8999999994,1.419355043270764,3.054916624168243,0.14132813303728353,0.2194214497562443,-0.03336556634531984,1.419355043270764,-0.04786372169183651,3.1597232235289954,-6.255923368324433,1.1977271001077485,0.0,0.5118704970898597,0.0,0.24415092593103294,2.330877992996036,-0.030828756415738155,-12.720077381140669,0.735975539085014,0.7573714285714286,0.9991959547006805,-0.9900699020957076,-0.9936612233158335,0.7327160700803452,0.6982043420694318,0.6976688022790286,0.9958461884582611,-0.9674531909204735,-0.9325922137893742,Medical Devices,Healthcare,NURO
2020Q2,2020,Q2,2020-07-23,2020-06-30,-851944.0,1359979.0,-852995.0,-0.28,864893.0,0.63596055527328,8605528.0,5488616.0,7403682.0,2418784.0,3116912.0,1191998.0,-196298920.0,6179772.149999999,2036943.1499999994,1.8207245391725324,3.0609107716935453,0.15015394755557127,0.23542437656414658,-0.10566122014774325,1.8207245391725324,-0.15522018665543372,4.544020275313074,-1.8134326170499468,1.1259253972221777,0.0,0.415341300908223,0.0,0.15803550926799612,2.4904968777699867,-0.09899961977928606,-5.726879097232647,0.63596055527328,0.3777777777777777,0.9919286992514568,-0.9873446782022482,-0.9946158073171025,-0.44266828022883714,-0.2959865890037741,-0.29660312311417625,0.9855934123896644,-0.9827237871828997,-0.9356775822800735,Medical Devices,Healthcare,NURO
2020Q1,2020,Q1,2020-04-23,2020-03-31,-657371.0,2172036.0,-657869.0,-0.45,1551846.0,0.7144660585736148,6206496.0,2514118.0,4877868.0,2882143.0,3692378.0,1153560.0,-195446976.0,1655697.9088,240817.9088000001,1.7252790236778972,1.6924448231749778,0.2258287123684604,0.5574937214561926,-0.12372172640092918,1.7252790236778972,-0.2614718163586594,0.7622792204180778,-0.6296664702276189,0.6585601426822448,0.0,0.5376313325704775,0.0,0.34996171752950456,1.1741051710480708,-0.10591660737395142,-2.1694780363165607,0.7144660585736148,0.403534258341242,0.9943611782291446,-0.9699212601143121,-0.9734381947161075,0.46077541737892813,0.377919619959687,0.6034456464671002,0.9860303820798849,-0.9653518720914677,-0.9780066857645356,Medical Devices,Healthcare,NURO
2019Q4,2019,Q4,2020-01-28,2019-12-31,-1056730.0,1706903.0,-1658963.0,-0.754444,1062344.0,0.6223810023182337,6893686.0,2530234.0,5430814.0,3446778.0,4363452.0,1163714.0,-194789605.0,6022898.2,4401912.2,1.8064403280135135,1.5756204780232437,0.21834762999069005,0.5948935948216647,-0.2994153779847001,1.8064403280135135,-0.41764121421180805,3.5285532921320075,-1.4248905112942758,2.3803720130233015,0.0,0.5538809363812758,0.0,0.24760382181607923,1.0485679669534853,-0.15328954640521775,-88.52126280515587,0.6223810023182337,0.46111142857142856,0.9934511322474409,-0.9781686834192296,-0.9865318899407534,-0.09485983816699456,0.24766481560586645,-0.1748497235252793,0.9818642190049229,-0.977811381751596,-0.9753655509131025,Medical Devices,Healthcare,NURO
2019Q3,2019,Q3,2019-10-17,2019-09-30,-1404600.0,2088001.0,-1412064.0,-1.4,1173679.0,0.5621065315581746,8506777.0,3573510.0,6635857.0,3914759.0,4933267.0,1078653.0,-193732875.0,3130160.0,1547724.0,3.6532420067983744,1.695086977257093,0.18857905879042086,0.44891437270358836,-0.20821037141454252,3.6532420067983744,-0.39305892525835945,1.4991180559779425,-0.5571265840808771,0.8759343054867624,0.0,0.8476516544245462,0.0,0.2454514794498551,1.247769530640328,-0.16511541327579177,-1.7670323615716639,0.5621065315581746,0.5926926738213109,0.9758917186557662,-0.963311453676895,-0.9855418515770513,2.487356546158681,0.5822367021980607,0.7035054274735125,0.9765030286449412,-0.9597250325101373,-0.9696961881937247,Medical Devices,Healthcare,NURO
2019Q2,2019,Q2,2019-07-18,2019-06-30,-3362191.0,2354683.0,-4762529.0,-3.437208,-789104.0,-0.335121118214214,10814277.0,4857650.0,8849313.0,4839893.0,5956627.0,2063431.0,-192328275.0,4195392.574999999,937008.5749999993,4.966033685179032,1.828410876025565,0.15716945293707568,0.3498963490576719,-0.5767869872319213,4.966033685179032,-0.6921435261906478,1.7817228794703996,-0.31195376578843975,0.8636671178450486,0.0,1.5235726321839693,0.0,0.2177383656808495,1.174556544948411,-0.31090298500768937,-1.8644250220199319,-0.335121118214214,-2.393059280265188,0.9702992515376363,-0.966398835667801,-0.9877603071210208,-1.987980528456099,-2.6396876479816944,-0.2867683196191459,0.9532464773843049,-0.949346403938539,-0.976074733859337,Medical Devices,Healthcare,NURO
2019Q1,2019,Q1,2019-04-25,2019-03-31,2050507.0,3122935.0,-3701155.0,2.467381,798704.0,0.2557542824298296,13906763.0,8192411.0,11630142.0,4502872.0,5714352.0,2494268.0,-188966084.0,8975296.8,3566265.8000000007,9.857951304741254,2.582827582040973,0.12884119762449392,0.21871021851808947,-0.3142980784801959,9.857951304741254,0.25029347282503284,2.873994111308753,1.0942777566718866,1.0955623198103708,0.0,0.9318288972957196,0.0,0.22456232266272172,1.8150964539964716,0.14744674947002404,21.35114828506587,0.2557542824298296,1.6497606632381525,1.037343193150613,-0.9476937239672014,-0.9697847693708678,-0.543178221372426,1.731635929499153,-0.3119378151212845,1.0308424491180133,-0.9154520767347107,-0.942993052228783,Medical Devices,Healthcare,NURO
2018Q4,2018,Q4,2019-01-24,2018-12-31,-2802633.0,3728800.0,-2821136.0,-3.797369,1748393.0,0.468888918686977,12113248.0,6097811.0,11631017.0,6015437.0,6015437.0,2861864.0,-191016591.0,5609149.6,-1171279.4000000004,8.262101549225928,1.9335281875614356,0.0,0.0,-0.4626473336087327,8.262101549225928,-0.4596129660299409,1.5042774082814845,-0.5003464242374938,0.9198628163450786,0.0,0.6919989908674905,0.0,0.3078282554769786,1.3072011227114506,-0.2313692413463342,-7.384997886859425,0.468888918686977,-5.746711250000001,0.9863602932612443,-0.9520663881934852,-0.9847239584697164,-0.05270500831947657,-3.580555550440216,-0.051631459896787774,0.9290870982437814,-0.9066288798611073,-0.9667278759104416,Medical Devices,Healthcare,NURO
2018Q3,2018,Q3,2018-10-17,2018-09-30,1086058.0,3666780.0,-2682628.0,0.8,1845669.0,0.5033487146760919,13038326.0,8859725.0,12571603.0,4178601.0,4178601.0,2597340.0,-188213958.0,10090091.1,2559493.0999999996,12.02944862410608,3.008567460736261,0.0,0.0,-0.3027890820539012,12.02944862410608,0.12258371450581142,2.751757972935382,2.3226409409073914,1.1388718159988036,0.0,0.7011446325856453,0.0,0.2812308880756625,2.188876133423603,0.083297349675104,24.465037861062147,0.5033487146760919,1.0,1.0177238506951907,-0.9673992846931703,-0.9821666322199359,0.024652133168708196,0.8923244727561646,0.15828162725499947,1.0174526551002394,-0.9081109027539517,-0.9462770158718384,Medical Devices,Healthcare,NURO
2018Q2,2018,Q2,2018-07-19,2018-06-30,573928.0,3751568.0,-3187085.0,0.4,1801264.0,0.48013630567272136,11808220.0,7721607.0,11339424.0,4086613.0,4086613.0,2424178.0,-189300016.0,9602915.7,2494000.6999999993,10.533576973918453,2.7747731434319816,0.0,0.0,-0.41274892648641665,10.533576973918453,0.07432753311583974,2.5597072210872893,4.182979267434242,1.2436421200923589,0.0,0.8045217801663079,0.0,0.3177081727813337,2.0122803407124676,0.04860410798579295,9.497277482561469,0.48013630567272136,-0.7550463513541651,1.004553928465515,-0.9654779042469526,-0.9871972620170265,-0.09380851524100356,-0.5078868031951929,0.11487514434621095,1.0223602510587602,-0.8564376382498716,-0.9688504181453585,Medical Devices,Healthcare,NURO
2018Q1,2018,Q1,2018-04-20,2018-03-31,1166252.0,4942990.0,-3600718.0,1.632962,1987730.0,0.40213109878838516,10972963.0,6822524.0,10498149.0,4150439.0,4150439.0,1858652.0,-189873944.0,10070135.4,3972343.4000000004,9.552760174406394,2.5294068892471375,0.0,0.0,-0.5277691950955394,9.552760174406394,0.17094142871465165,2.03725587144623,2.1586534042385352,1.4760131880811265,0.0,1.590001786240781,0.0,0.4504699414369665,1.851975658478537,0.10628414585923601,4.90243000499973,0.40213109878838516,1.1534298476198512,1.0048269684139552,-0.9671046796040825,-0.990772050888901,-0.040642142766820245,1.404938206448862,-0.24854079885822908,1.0204117549637006,-0.8603334296451906,-0.852928974273742,Medical Devices,Healthcare,NURO
2017Q4,2017,Q4,2018-02-08,2017-12-31,-2880074.0,4929475.0,-2883941.0,-10.643053,2071938.0,0.4203161594287424,9599224.0,5017389.0,9103374.0,4581835.0,4581835.0,1369647.0,-191338054.0,4678777.74,635096.7400000002,18.54130728808674,1.9868402070349542,0.0,0.0,-0.5747891981267548,18.54130728808674,-0.5740184785353497,0.9491432130196421,-0.406133465667896,0.9325124561798975,0.0,2.0863310035359475,0.0,0.5135284893862254,1.111565562705772,-0.30003196091684076,-1.4326752247483974,0.4203161594287424,0.3492480315049697,0.9619817087203135,-0.9199896593663962,-0.9859050684436155,0.37607849726668896,0.1792282835226047,0.17903425808684878,0.9076141464965851,-0.6736591806454685,-0.8617632903086979,Medical Devices,Healthcare,NURO
2017Q3,2017,Q3,2017-10-20,2017-09-30,-3508983.0,3546680.0,-3512864.0,-16.355007,1505683.0,0.4245330844620885,8772656.0,4517639.0,8220671.0,4255017.0,4255017.0,1786074.0,-188457980.0,4376840.399999999,407622.39999999944,21.056247698682366,1.9319948662954813,0.0,0.0,-0.7775884704377662,21.056247698682366,-0.7767293933844648,1.2340669020041277,-0.31183112029895843,0.968833587632832,0.0,1.1427281288457254,0.0,0.40428805141795143,1.0323488719316516,-0.39999094914926564,-1.5091756883171334,0.4245330844620885,0.1662815658892417,0.958909695133197,-0.9385706048292022,-0.9869565029895723,-0.09874797759204912,-0.08375666657195203,-0.04191211473637535,0.7254124342026312,-0.7158760629475716,-0.9166673453629963,Medical Devices,Healthcare,NURO
2017Q2,2017,Q2,2017-07-20,2017-06-30,-3237796.0,4310059.0,-3371555.0,-19.616943,1670657.0,0.38761812773328624,8382659.0,4671970.0,7793787.0,3669590.0,3710689.0,1477327.0,-184948997.0,4439871.899999999,827922.8999999994,28.306220501541947,2.1238849571750524,0.0,0.0,-0.7216559609757768,28.306220501541947,-0.6930258541899884,1.0301185900239416,-0.3428159077965381,0.9503211493224485,0.0,1.7866064859032564,0.0,0.5141637039034989,1.252582441090149,-0.3862492796140222,-1.3472160978762526,0.38761812773328624,0.7305364972527473,0.9535569805725935,-0.922304614891966,-0.985829849079392,0.03862992067241937,-0.0016693478529884915,-0.017288032494754482,0.8304909485212418,-0.6354949978688291,-0.9302341732925542,Medical Devices,Healthcare,NURO
2017Q1,2017,Q1,2017-04-20,2017-03-31,-3232400.0,4306122.0,-3314258.0,-72.8,1608520.0,0.37354259818927565,11089340.0,7852249.0,10463806.0,3065440.0,3237091.0,1196859.0,-181711201.0,4964860.8,-1932300.2000000002,78.44561329896702,3.4134760425909496,0.0,0.0,-0.42207754746442705,78.44561329896702,-0.4116527634312157,1.152977272822275,-0.3839918326939736,0.632285196253965,0.0,2.2539012531969096,0.0,0.38831183821580006,2.559870687405397,-0.2914871399019238,-1.4802919760260513,0.37354259818927565,-0.7499999999999999,0.9492560212111834,-0.9106155723936411,-0.97862140493443,-0.04772448350721938,-0.14859412349341186,-0.1571669284113691,0.5112632954543137,-0.4012068140028051,-0.7595593420580177,Medical Devices,Healthcare,NURO
2016Q4,2016,Q4,2017-02-09,2016-12-31,-2814223.0,3715432.0,-2864114.0,-41.6,1689133.0,0.4546262722612068,8283891.0,4960764.0,7586923.0,3318486.0,3323127.0,1252238.0,-178478801.0,3997303.2,48168.200000000186,73.32984478935698,2.2862603608995187,0.0,0.0,-0.5773534076605942,73.32984478935698,-0.5672962874266948,1.0758649868978898,-0.35509829889102607,0.8057837865296555,0.0,1.6181420784227918,0.0,0.4485129029341405,1.412651432008452,-0.3397223599393087,-1.099436956047586,0.4546262722612068,0.31578947368421045,0.9255391273076927,-0.8993437290180498,-0.9713982073250373,0.24420154919991396,0.2799097169430163,0.27859214195451937,0.8505785524238377,-0.4789300699336381,-0.8644183023244951,Medical Devices,Healthcare,NURO
2016Q3,2016,Q3,2016-10-20,2016-09-30,-3908153.0,3389427.0,-3970173.0,-60.8,1357604.0,0.4005408583810774,11348732.0,7709541.0,10592420.0,3586761.0,3639191.0,1162156.0,-175664578.0,7981084.8,412898.7999999998,120.55387718722146,2.9531992792382877,0.0,0.0,-0.5149687899707648,120.55387718722146,-0.5069242124790568,2.3547003077511333,-0.5105407081043143,1.035221785577118,0.0,1.7483220841263996,0.0,0.298661295376435,2.2693354812322317,-0.34436913304499567,-2.16074540457301,0.4005408583810774,0.17301414581066377,0.9494683425325864,-0.9583900974650159,-0.9815320293756236,0.26282635630648565,0.045749257725514705,0.049602597990799024,0.26547970203530996,-0.6529470499992254,-0.8212817813707436,Medical Devices,Healthcare,NURO
2016Q2,2016,Q2,2016-07-21,2016-06-30,-4095520.0,2647422.0,-4177382.0,-73.52,1075052.0,0.40607504205978495,14577681.0,11562998.0,13778746.0,2906005.0,3014683.0,1048053.0,-171756425.0,7398022.4,-3932834.5999999996,207.56440726646082,4.741473603796277,0.0,0.0,-0.36127153182937505,207.56440726646082,-0.3541918799951362,2.794425067103016,-0.4515923741063406,0.6398014079047667,0.0,1.5002771806387654,0.0,0.18160789771706487,4.012325512172209,-0.2809445480388822,-1.759439036026296,0.40607504205978495,0.08100000000000004,0.9394774606559534,-0.9629325603947025,-0.9729952129053704,0.3561320695214284,-6.470903521270349e-05,0.004502563701720287,0.5723858220682047,-0.679430826598693,-0.7477217162409785,Medical Devices,Healthcare,NURO
2016Q1,2016,Q1,2016-04-21,2016-03-31,-4095255.0,2275247.0,-4196276.0,-80.0,792734.0,0.3484166773981023,12308170.0,8852226.0,11463801.0,3269957.0,3455944.0,1513322.0,-167660905.0,7494362.4,-1245288.5999999996,172.92543611181654,3.505795641961041,0.0,0.0,-0.4740362480578331,172.92543611181654,-0.462624316188945,3.293867610857195,-0.45750279286637835,0.8466076668173632,0.0,0.9796414774912411,0.0,0.1848566440015047,2.822945378180814,-0.3327265548005918,-2.0551824071291143,0.3484166773981023,-0.49393754541803564,0.9405325407167456,-0.9693220595104101,-0.9803524890700126,-0.30350980157865515,-0.5116461484399454,-0.2636264537072169,0.7635248070209992,-0.7887505810080605,-0.8329543403874246,Medical Devices,Healthcare,NURO
2015Q4,2015,Q4,2016-02-12,2015-12-31,-2709136.0,2737451.0,-3320820.0,-53.549762,1138184.0,0.41578241948440353,16034490.0,12562708.0,15147270.0,3191479.0,3471782.0,1089084.0,-163565650.0,8013614.4,-4449257.6,248.31902907631792,4.746160009199497,0.0,0.0,-0.26433950387129906,248.31902907631792,-0.21564904636802829,2.9274001251529254,-0.7394990875319659,0.6378890920651822,0.0,1.4684514693081525,0.0,0.1707226734370722,4.137763713939525,-0.16895679251413673,-2.3032174455129506,0.41578241948440353,0.3563730528846154,0.9744841573082604,-0.9646206936844747,-0.9753512380086463,0.21698889917732875,0.15439334435781754,0.010879132171403296,0.8087136799246477,-0.7623400710876036,-0.8112301541311806,Medical Devices,Healthcare,NURO
2015Q3,2015,Q3,2015-10-22,2015-09-30,-3203778.0,2054432.0,-3357345.0,-83.2,935246.0,0.4552333686391178,12928804.0,8490456.0,11969396.0,3537810.0,4438348.0,1072162.0,-160856514.0,10708043.2,1591237.1999999993,223.9162403080331,3.3832783558189954,0.0,0.0,-0.39542575805115765,223.9162403080331,-0.37733874364345094,5.212167255961745,-0.8355793691073475,1.2611858774134157,0.0,1.0438590436892932,0.0,0.15890348403456345,2.8318934595130885,-0.24780157545895196,-3.040178344296253,0.4552333686391178,-1.3764638674664385,0.9503261581293475,-0.9682785513098984,-0.9814113968143681,0.4846235048535213,-1.6627011500939988,-0.0053731177019118994,0.7877216834004881,-0.7986595081171879,-0.8612929115937975,Medical Devices,Healthcare,NURO
2015Q2,2015,Q2,2015-07-23,2015-06-30,-1203206.0,1224987.0,-3339402.0,-35.01,629955.0,0.5142544369858619,16032986.0,11620230.0,14999340.0,3361113.0,4412756.0,1221600.0,-157652736.0,9999907.904,-2639074.096000001,338.1611035124989,4.462611045805363,0.0,0.0,-0.28737830490446403,338.1611035124989,-0.10354407787109206,8.163276756406393,-2.077763056367737,0.8605602388248769,0.0,0.48709233791748524,0.0,0.07640417075147449,3.935502317238367,-0.07504565899327799,-2.581215573752719,0.5142544369858619,0.5623750000000001,0.9845113863688997,-0.9815024904594437,-0.975137837613092,-0.024382878090255678,0.4190856825033265,-0.024790563118916326,0.91710314742141,-0.8939353712624354,-0.8307158713756769,Medical Devices,Healthcare,NURO
2015Q1,2015,Q1,2015-04-24,2015-03-31,-2071228.0,1282960.0,-3258619.0,-80.0,645699.0,0.5032884891189126,9130902.0,1681643.0,8222818.0,3318933.0,7449259.0,635163.0,-156449530.0,13918464.0,7515341.0,64.9533796832754,2.477548657957241,0.0,0.0,-1.9377590844192256,64.9533796832754,-1.2316692663068203,10.848712352684418,-1.6799772888354154,8.276705579008148,0.0,1.0033030891283026,0.0,0.14050747669835906,2.206949643153387,-0.22683717337016648,-4.937618088434269,0.5032884891189126,0.3055555555555556,0.9652771822939833,-0.9728786146103539,-0.9958091828792739,-0.13960717950084614,0.28804231814852255,-0.3542993746386831,0.8742868591644357,-0.8970368076420085,-0.982298411039292,Medical Devices,Healthcare,NURO
2014Q4,2014,Q4,2015-02-25,2014-12-31,-2909201.0,1409629.0,-2406129.0,-115.2,750470.0,0.5323883092643525,11402230.0,3387115.0,11090125.0,2698148.0,8015115.0,679740.0,-154378302.0,15757872.0,6535887.0,134.12723240803072,4.110273046548966,0.0,0.0,-0.7103771203516858,134.12723240803072,-0.8589023401921695,11.178737100329236,-1.3541408792311016,4.652299080485901,0.0,0.9697222467414012,0.0,0.12362748339579188,3.632945635302437,-0.2551431605922701,-6.356825837370759,0.5323883092643525,-0.8947368421052633,-1.64446827996254,-0.9817790610421918,-0.9923677535476642,-0.048596417609973595,-0.9902682674369045,-0.2004577060912229,0.7937954878807402,-0.8976963408109951,-0.9476846118463651,Medical Devices,Healthcare,NURO
2014Q3,2014,Q3,2014-10-28,2014-09-30,-1461713.0,1427828.0,-2004343.0,-60.8,788803.0,0.5524495947691178,13568553.0,6200947.0,13369953.0,2554541.0,7367606.0,630236.0,-151469101.0,14135616.0,2448595.0,252.67703027586487,5.233798557157626,0.0,0.0,-0.32323175798793313,252.67703027586487,-0.23572415632644497,9.900083203298998,-2.4176455980072697,2.279589875546429,0.0,1.0139455695961512,0.0,0.10523067566600507,4.814489569750496,-0.10772799428207268,-7.1949170012017305,0.5524495947691178,0.4746392465220773,0.9909468591285472,-0.9870502772595776,-0.9767265916937095,0.1457948703795431,0.326619861704235,0.23479170158318327,0.9507496660138552,-0.9543225982001513,-0.9612917304572268,Medical Devices,Healthcare,NURO
2014Q2,2014,Q2,2014-07-24,2014-06-30,-2170710.0,1343770.0,-2619343.0,-115.73,688433.0,0.5123146074104944,15361706.0,7610313.0,15180621.0,2372589.0,7751393.0,604066.0,-150007388.0,11644345.6,-2049446.4000000004,405.7318867622754,6.398335742094396,0.0,0.0,-0.34418334699242986,405.7318867622754,-0.28523268359658793,8.665430542429135,-1.3410756849141523,1.5300744660567838,0.0,1.0848764870063867,0.0,0.0874753103594093,5.996246716140048,-0.14130657102798347,-6.2941421999330815,0.5123146074104944,-0.722172619047619,0.9222381620892931,-0.9871774819413844,-0.9767667146387791,-0.03911335797313443,-0.7725884146565529,-0.5051662562814793,0.9047282624689796,-0.944121010384152,-0.9472129958897436,Medical Devices,Healthcare,NURO
2014Q1,2014,Q1,2014-04-24,2014-03-31,-1224599.0,1331537.0,-1740235.0,-67.2,716456.0,0.5380669106453669,9455638.0,6046860.0,9256306.0,1969812.0,3408778.0,665695.0,-147836679.0,13878259.2,6294721.199999999,326.2576885723535,4.6990809275199865,0.0,0.0,-0.28779151493502414,326.2576885723535,-0.20251816645333282,10.42273643165755,-2.8332252435286973,2.295118325874917,0.0,0.9239681836276373,0.0,0.14081937146917003,4.119278387988295,-0.12950992836231676,-8.608193820303123,0.5380669106453669,0.7586206896551725,0.9344431445663294,-0.9872956656086228,-0.9823010470744375,-0.164309326017529,0.669351511544896,-0.2635229523527396,0.9508847012700844,-0.9504121425730145,-0.9629311242674974,Medical Devices,Healthcare,NURO
2013Q4,2013,Q4,2014-02-24,2013-12-31,-3703628.0,1402152.0,-1377288.0,-278.4,857322.0,0.6114329972784691,10796763.0,7194975.0,10566527.0,1647908.0,3601788.0,563036.0,-146612080.0,12430323.2,3234570.1999999993,540.853566864617,6.412085504773325,0.0,0.0,-0.19142359771924156,540.853566864617,-0.5147520317999715,8.865175244909253,-0.8390639664674746,1.7276395261971027,0.0,0.9676645898308456,0.0,0.12986781315844387,5.81748192253451,-0.3430313326318268,-9.690967676044753,0.6114329972784691,-2.346153846153846,0.9188799747475498,-0.9796420594902322,-0.9714087902308597,0.16445363221975323,-4.1707582679012205,0.13890115001744346,0.8673430095908697,-0.9310837356936114,-0.946313535086659,Medical Devices,Healthcare,NURO
2013Q3,2013,Q3,2013-10-24,2013-09-30,-716264.0,1314728.0,-1599454.0,-83.2,736244.0,0.5599972009419439,9702906.0,5807177.0,9495771.0,1894924.0,3895729.0,544219.0,-142908452.0,4545552.0,-3290616.0,674.5472180276455,5.011161925227608,0.0,0.0,-0.2754271137249648,674.5472180276455,-0.12334116903962114,3.4574086807309192,-1.5865490936302817,0.782747279788441,0.0,1.0629617856046922,0.0,0.13549837543515314,4.462124602358722,-0.07381953406536144,-2.7069957068509938,0.5599972009419439,0.717391304347826,0.9873380702474719,-0.9749339014962817,-0.969666080690548,0.1166869656353375,0.46779013694151567,0.2479931017427127,0.951086225866957,-0.9105892230880087,-0.9440018707502479,Medical Devices,Healthcare,NURO
2013Q2,2013,Q2,2013-07-26,2013-06-30,-1345830.0,1160472.0,-2126914.0,-294.4,659311.0,0.5681403773636934,11448656.0,6440563.0,11214992.0,2111659.0,5008093.0,753944.0,-142192188.0,4809523.2,-4769628.8,822.7597087378641,5.310986290873669,0.0006361445395861314,0.0011308017637588516,-0.3294920984538032,822.7597087378641,-0.2089615457530654,4.144454325481356,-0.8934120951383161,0.7467550895783489,0.0,0.6647191303332873,0.0,0.1013631643749275,4.805935996294856,-0.11755353641510409,-2.5703939292072193,0.5681403773636934,0.13207547169811323,0.9585532393185157,-0.9792637403773184,-0.9711697960692838,-0.20724445994204432,0.40275981121985965,0.056877842340137215,0.923949334741169,-0.9230769135473651,-0.9395093484390353,Medical Devices,Healthcare,NURO
2013Q1,2013,Q1,2013-04-25,2013-03-31,-2253415.0,1401454.0,-2255184.0,-339.2,831670.0,0.5934336767385872,8891202.0,6895458.0,8627981.0,1939779.0,1995744.0,794665.0,-140846358.0,4945126.399999999,-1928416.6000000006,1035.198618826002,4.447919582591625,0.001422529822177024,0.0018342508938492556,-0.32585813626665533,1035.198618826002,-0.3267970017365054,3.5285684724578896,-0.5486257968461202,0.7171570619384529,0.0,0.7170115709135296,0.0,0.15762255766993033,3.8246681709617434,-0.2534432352341112,-2.7351272064362617,0.5934336767385872,0.8014977302898186,0.9628129043754526,-0.9725266214630229,-0.9676454175525859,-0.017670056577253346,-0.20320999809913948,-0.20244543049366087,0.853167954317789,-0.8848483360231076,-0.9332085856612449,Medical Devices,Healthcare,NURO
2012Q4,2012,Q4,2013-02-25,2012-12-31,-1872836.0,1523152.0,-1875498.0,-1708.796582,846630.0,0.5558407827977773,10877447.0,8800422.0,10573066.0,2005606.0,2077025.0,834526.0,-138592943.0,5555376.0,-3126173.0,1315.459192825112,5.271756267183086,0.0016482727978357422,0.0020372886663844077,-0.21224972499739708,1315.459192825112,-0.21281206742131228,3.647289305335252,-0.7415726737418545,0.6312624553686176,0.0,0.810666174570954,0.0,0.14002844601311318,4.620014599078782,-0.17217606300448993,-2.48843259514083,0.5558407827977773,-3.2380952328987047,0.8445383571661733,-0.9732170148759124,-0.9665574612633484,-0.12788146365683464,0.2825081390546667,0.2824468836047642,-2.5660817489719685,-0.9256816543735268,-0.9251463809594656,Medical Devices,Healthcare,NURO
2012Q3,2012,Q3,2012-10-25,2012-09-30,-2610254.0,1764764.0,-2613741.0,-403.199194,970774.0,0.5500871504631781,13199828.0,10586645.0,12871189.0,2528342.0,2613183.0,787828.0,-136720107.0,7554816.0,-3347699.0,1614.3100030497103,5.090762642079276,0.0017521440430890464,0.002184639231786841,-0.24581635811336905,1614.3100030497103,-0.2465610209844573,4.280921414988066,-0.72357096282584,0.7136175813961836,0.0,1.0078215041861929,0.0,0.1336959845234347,4.563100245140887,-0.19774909188210635,-3.1556462799851133,0.5500871504631781,0.04545454405561022,0.877948042824084,-0.973900316135924,-0.9554114073565505,-0.20589849658195097,0.0583934075194219,0.05850321757971007,0.9395020328330234,-0.9401047951307967,-0.8513102049961302,Medical Devices,Healthcare,NURO
2012Q2,2012,Q2,2012-08-03,2012-06-30,-2772128.0,2205831.0,-2776155.0,-422.399155,1222481.0,0.5542042885425039,15682447.0,13110215.0,15297671.0,2419659.0,2572232.0,1077150.0,-134109853.0,7812595.2,-5483981.8,1997.5948499161968,6.3222425143377645,0.0018011857460764893,0.0021545794634184106,,1997.5948499161968,-0.21144794345477935,3.5417922769242067,-0.704566600099274,0.5959166344716696,0.0,0.912918349347816,0.0,0.1406560468528923,5.721259896539141,-0.17676629163803328,-3.8179409026601867,0.5542042885425039,0.33624491769267295,0.6420643279306529,-0.9679583261329139,-0.94838500026433,0.29144684438378277,-0.007191348436872692,-0.0070818277224425595,0.716182635237742,-0.9398436346536707,-0.8856124137677125,Medical Devices,Healthcare,NURO
2012Q1,2012,Q1,2012-04-24,2012-03-31,-2752335.0,2081542.0,-2756633.0,-636.378035,946598.0,0.4547580591695964,18330825.0,15869952.0,17653956.0,2348996.0,2460873.0,1216645.0,-131337725.0,6144960.0,-9034379.0,3669.353063583815,7.515532593499521,0.0018159575469189194,0.002097548877274487,,3669.353063583815,-0.173430581264518,2.9521191501300477,-0.5581587997100643,0.3872072202864886,0.0,0.9328472972806365,0.0,0.11355419082338084,6.8467617654521336,-0.15014790659994845,-2.3542067976296104,0.4547580591695964,-0.13907572333057974,0.4945134184994819,-0.9552193042390922,-0.9058065402347811,-0.18365829826977623,-0.1390757227615251,-0.13898405788478574,0.368594220441945,-0.914892682429112,-0.8009435197563604,Medical Devices,Healthcare,NURO
2011Q4,2011,Q4,2012-02-24,2011-12-31,-2416288.0,2359863.0,-2420256.0,-558.6793063583815,1159561.0,0.49136793110447513,14220783.0,11088521.0,13495306.0,3012916.0,3132262.0,1763700.0,-128585390.0,10380000.0,127804.0,2563.8198843930636,4.47915109481977,0.002689725312593547,0.003449513239863098,-0.21677128954795516,2563.8198843930636,-0.2179089528711719,4.398560424906022,-1.0739613820869036,0.9361032007785348,0.0,0.6805590519929693,0.0,0.16594466000922733,3.717383425226591,-0.16991244434290292,-7.220708825960048,0.49136793110447513,0.5381279566576932,-4.469979000306971,-0.9579488070170007,-0.9353856181003911,-0.17416478943556296,0.005987225825454719,0.006372501927515562,0.8372155581532928,-0.8946125210656564,-0.8644684687023176,Medical Devices,Healthcare,NURO
2011Q3,2011,Q3,2011-10-27,2011-09-30,-2430842.0,2560226.0,-2435778.0,-1209.597581,1404107.0,0.5484308807113122,16149254.0,13120732.0,15342242.0,2939702.0,3028522.0,2002789.0,-126169102.0,6753600.0,-4918048.0,6527.72736318408,5.21897865838102,0.0026709592901319155,0.003287469022307597,-0.18443083213447414,6527.72736318408,-0.18526725490620494,2.6378921235859645,-0.6945741434449462,0.5147273795394952,0.0,0.5772545185738488,0.0,0.1585352487489515,4.322827619942429,-0.150523485481125,-3.546194624839325,0.5484308807113122,0.045452636047515885,-1.5451535872260116,-0.9091926490741565,-0.8379757102261751,-0.039445410930743406,0.002411440306182332,0.0028488535605756984,0.81594816238449,-0.7909328573069486,-0.7064526399087272,Medical Devices,Healthcare,NURO
2011Q2,2011,Q2,2011-07-28,2011-06-30,-2436718.0,2571840.0,-2442737.0,-1267.194931,1461767.0,0.5683740046037079,17759642.0,15418533.0,16888803.0,2229574.0,2341109.0,1739724.0,-123738260.0,9361504.512,-4214607.488,7686.207876370888,7.574901304015924,0.002608892679255584,0.0030050199976871987,,7686.207876370888,-0.158038251758452,3.640002687569989,-0.9604624449772194,0.6071592227353926,0.0,0.638074200275446,0.0,0.1448137299164026,6.583938007888502,-0.13720535582868168,-5.609695370587869,0.5683740046037079,0.08333333321276955,-1.8594343688735193,-0.9006098115401792,-0.7941558741131635,-0.11368901775390461,0.09659405833407791,0.09670645086855682,0.7071632702653251,-0.8206672573703223,-0.7306687017165885,Medical Devices,Healthcare,NURO
2011Q1,2011,Q1,2011-04-28,2011-03-31,-2697257.0,2904846.0,-2704256.0,-1382.39447,1649271.0,0.5677653823989293,20295586.0,17646790.0,19011881.0,2494003.0,2648796.0,2008386.0,-121301542.0,12010752.0,-3040134.0,8801.391521197007,7.623038544861414,0.002518232289523446,0.002896220785763303,,8801.391521197007,-0.1528468917009836,4.134729345376657,-1.1132376336403984,0.6806196481059729,0.0,0.6251661782147456,0.0,0.1431269833746116,6.557959232607178,-0.1328987002395496,-6.393523622351125,0.5677653823989293,0.34130500979474876,-10.83351727036506,-0.8680265261262878,-0.7485062378949378,24.204722243447698,0.35899661277316985,0.39377154748702414,0.8521237375846714,-0.8108173116884612,-0.7249171874403328,Medical Devices,Healthcare,NURO
2010Q4,2010,Q4,2011-03-07,2010-12-31,-4207867.0,3066466.0,-4460787.0,-2098.686783042394,65435.0,0.021338896306040894,23066429.0,20198972.0,21677193.0,2657411.0,2867457.0,2412805.0,-118604285.0,15704058.24,-1225408.7599999998,10074.300249376558,8.15726020551582,0.0024859504694029577,0.002838857343829181,-0.2195954780370407,10074.300249376558,-0.20832084919965235,5.121223662678797,-0.9330177403420784,0.77746819194561,0.0,1.2437934271522149,0.0,0.13294064720637946,6.991531607267374,-0.18242385936722152,-7.975023926506547,0.021338896306040894,-0.21452267235133407,-3.8062360905091164,-0.8405666510555573,-0.7006730713147746,-0.968335640756267,-0.23754206026090963,-0.2620151788548469,-0.1654596687170632,-0.8200857223178732,-0.7438839774186548,Medical Devices,Healthcare,NURO
2010Q3,2010,Q3,2010-11-09,2010-09-30,-3400181.0,3414335.0,-3534654.0,-1727.993088,2066519.0,0.6052478740369648,27984772.0,24079731.0,26594063.0,3675065.0,3905041.0,4500750.0,-114396418.0,13805573.76,-5076815.24,12045.888444222112,7.236351737996471,0.0014895243741846458,0.001731082461012542,-0.14127680607294296,12045.888444222112,-0.14120510731619054,4.043415118903095,-1.0150616805399477,0.5733275741327841,0.0,0.299464755874021,0.0,0.12200689003290789,5.782330924759154,-0.12150111496352374,-5.213203322717293,0.6052478740369648,0.25000000000000006,-3.337158983968985,-0.8018122376765769,-0.6335680065172705,-0.15553293493433937,0.2475929234127988,0.21980584838692588,0.47841795538093335,-0.8343416393583971,-0.6672824848677366,Medical Devices,Healthcare,NURO
2010Q2,2010,Q2,2010-08-10,2010-06-30,-4519071.0,3852476.0,-4530480.0,-2303.990784,2447128.0,0.635209148609881,31270504.0,27189270.0,29767703.0,3813822.0,4081234.0,4891262.0,-110996237.0,26266284.288,7235701.287999999,13601.435717858929,7.805215607860042,0.0015840486613199454,0.0018218216230152556,,13601.435717858929,-0.16620788274197873,6.81802671528648,-1.4530798635383244,0.9660533102948332,0.0,0.28731807864718756,0.0,0.1231983980814636,6.381645761128862,-0.14451545136592617,-6.253308458135474,0.635209148609881,0.0,-58.07329759688534,-0.7494102292282622,-0.5774763168250192,0.0287955187725392,0.034739436073691864,0.036416615266818386,-0.9157131391393167,-0.8162731996222881,-0.6485583145093348,Medical Devices,Healthcare,NURO
2010Q1,2010,Q1,2010-05-14,2010-03-31,-4681711.0,3712726.0,-4701700.0,-2303.990784,2378634.0,0.6406704938635386,36066278.0,31493922.0,34454042.0,4248969.0,4572356.0,4978525.0,-106394848.0,44710502.4,23974537.4,15498.977362204725,8.108800511371111,0.001575432873888456,0.0018041576403218372,,15498.977362204725,-0.14865442925781044,12.042499877448538,-2.3875086693732275,1.419654954375006,0.0,0.2679693282648977,0.0,0.10294175628546977,6.786588228815037,-0.12980854303845826,-9.322779395617113,0.6406704938635386,-13.889068590202927,-3.0375896882882,-0.7187899698467829,-0.5174777574221886,-0.4583388460409499,-13.889073344510793,-1.485467913109856,-0.8301022212160942,-0.8299952850743657,-0.6021363234141887,Medical Devices,Healthcare,NURO
2009Q4,2009,Q4,2010-03-12,2009-12-31,363231.0,6225078.0,-1891676.0,178.75541338582678,4391369.0,0.7054319640653499,40566520.0,35709871.0,38855838.0,4481912.0,4856649.0,4559607.0,-101713137.0,57819340.800000004,34945511.800000004,17573.75541338583,8.669478115589953,0.0015673269484293944,0.0017804880896937433,,17573.75541338583,0.010171725347313632,9.288131136670096,39.79515845288535,1.619141687742305,0.0,0.402163826838585,0.0,0.15345358684945123,7.532218615626545,0.008953960063618965,-37.312381372765394,0.7054319640653499,1.0272228509413421,1.2236655243742183,-0.4455992285211622,-0.46075866431044626,-0.02399967817587955,1.0392111586815294,0.016781507752487965,0.11025685680599585,-0.7638985057034992,-0.5570994083464479,Medical Devices,Healthcare,NURO
2009Q3,2009,Q3,2009-11-12,2009-09-30,-9263460.0,6325951.0,-1923963.0,-6566.373734,4499352.0,0.7112530590262239,42772852.0,15286513.0,41010060.0,5166946.0,27486339.0,4893159.0,-102076368.0,52066713.599999994,30099523.599999994,10856.8984375,7.93700185757699,0.0016331854607216747,0.0045697799099114365,,10856.8984375,-0.6059890833180857,8.230653952267414,-1.4051637724996922,3.4060556256354864,0.0,0.37329647370951974,0.0,0.14789640400878576,6.867005577375881,-0.21657335358418467,-74.06054885360346,0.7112530590262239,-3.3846153831771804,-3.9982452371713526,-0.027651623744225313,-0.6743135185966882,-0.06758824320552134,-4.14417753333859,-0.03194090147456678,-3.9657106440581957,-0.679696319545733,-0.730521640900081,Medical Devices,Healthcare,NURO
2009Q2,2009,Q2,2009-08-14,2009-06-30,-1800766.0,6760419.0,-1864412.0,-1497.59401,4825499.0,0.7137869708963306,26396120.0,21130700.0,24537328.0,4798001.0,5265420.0,5056832.0,-92812908.0,30108672.0,24718904.0,17463.388429752067,5.114073131706308,0.002867125926083076,0.0035815661572972026,,17463.388429752067,-0.08522036657564586,4.453669513679552,-4.179981185784272,1.424878115727354,0.0,0.3826348195866503,0.0,0.2561141182870816,3.944429565562825,-0.06822085973241522,-54.868139357735636,0.7137869708963306,-0.44444444455161214,-0.15298879419204106,0.30573837220257655,1.3143802022113154,-0.012218767335559108,-0.4802783383545485,-0.44620439722737626,-2.052956151968499,-0.5668695272273883,-0.5323134653441229,Medical Devices,Healthcare,NURO
2009Q1,2009,Q1,2009-05-15,2009-03-31,-1216505.0,6825578.0,-1289176.0,-1036.795853,4885190.0,0.7157181413793821,27402107.0,22249510.0,25335252.0,4633761.0,5152597.0,5120860.0,-91012142.0,21413145.599999998,15574675.599999998,18433.728251864126,5.467535334688172,0.0029591155161900508,0.003644394865325124,,18433.728251864126,-0.054675586114031276,3.1371915462690483,-4.40054615476303,0.9624097609340609,0.0,0.3789183848025527,0.0,0.24908953169185127,4.203859888328293,-0.0443945788548304,-5.316304854356879,0.7157181413793821,0.697904983558993,-0.29732587176721625,0.8736349560283264,1.3388976659196759,0.08938885097918534,0.7063317889160682,-1.4671044312339692,-8.367286534791647,-0.4848780262714538,-0.47326878295113267,Medical Devices,Healthcare,NURO
2008Q4,2008,Q4,2009-03-20,2008-12-31,-4142447.0,6249121.0,2759931.0,-3432.019055509528,4484340.0,0.7175953226061713,31378342.0,22832551.0,29642489.0,8010367.0,8545791.0,5606807.0,-89795637.0,12097036.799999999,-123440.20000000112,18916.77796188898,3.7005157191923916,0.002607116717639192,0.0035829110816395417,,18916.77796188898,-0.18142725269725665,1.9357981386502197,-0.7300658765217756,0.5298153850614414,0.0,0.3147568660736851,0.0,0.19915395784774098,2.928471566908233,-0.13201612118320338,-6.393005501445384,0.7175953226061713,0.477334188619376,-2.6191477381624026,0.810978920043879,1.4173950926839893,-0.10684609121429448,0.4724440334598932,1.3511535044850802,-5.5890867635446,-0.4602818094572954,-0.4379459706590548,Medical Devices,Healthcare,NURO
2008Q3,2008,Q3,2008-11-10,2008-09-30,-7852147.0,7280553.0,-7859614.0,-6566.373734,5020792.0,0.6896168464126283,36113254.0,26573682.0,32492632.0,7049434.0,7570822.0,6311205.0,-85653190.0,13904064.0,-7666529.0,22237.39079497908,4.609254019542562,0.0005953492864420359,0.0008090711704911649,,22237.39079497908,-0.29548584949575296,1.909753833259644,-0.4426835106372818,0.5232268527936776,0.0,0.35805539512660417,0.0,0.2016033503931825,3.5863435277215165,-0.21743116806920806,-11.625121651856633,0.6896168464126283,-0.5833333333132393,-7.444224119128284,1.364749376073916,0.0,-0.16350637467536838,-0.5933940321489435,-1.0782447330038298,-10.028581652969999,-0.2930642237300047,-0.32354583253947033,Medical Devices,Healthcare,NURO
2008Q2,2008,Q2,2008-08-08,2008-06-30,-4927938.0,8493171.0,-3781852.0,-4147.183411,6002188.0,0.7067075418592185,43751062.0,33903282.0,35484671.0,7196235.0,7826530.0,6145290.0,-77801043.0,19158695.424,5669564.423999999,28538.116161616163,4.931005032492686,0.0005651291390366707,0.0007292804277768743,-0.11142812963835531,28538.116161616163,-0.1453528304427872,2.255776484895924,-0.9719427996050275,0.5650985478043099,0.0,0.40534832367553036,0.0,0.19412491061359835,3.863241403317151,-0.11263584870236978,-4.887252744292544,0.7067075418592185,0.5443037975003451,-3.663699529378291,2.4350981699386387,0.0,-0.09078958709476684,0.5440268102284734,0.6387492593449108,-107.39359958190914,-0.07041390530547523,-0.11347373897822464,Medical Devices,Healthcare,NURO
2008Q1,2008,Q1,2008-05-12,2008-03-31,-10807517.0,9097955.0,-10468773.0,-9100.763597,6601539.0,0.7256069083656712,49499950.0,38010565.0,39520808.0,8635216.0,9415635.0,5973248.0,-72873105.0,24908083.200000003,14051952.200000003,31995.425084175084,4.576701729290848,0.000564647034997005,0.0007353218769571039,-0.2751062351188384,31995.425084175084,-0.28432929107999316,2.737767245496378,-0.5761749715498945,0.6552936847952668,0.0,0.4179327561822312,0.0,0.18379725636086502,3.6947815781330773,-0.21833389730696698,-5.916503469295118,0.7256069083656712,-4.053909431618921,-7.7792847656866,3.743257500488354,0.0,-0.08911384678134074,-4.05195075343247,-3.1640141664671257,-14.94229244311877,0.17866111208534458,-0.003901747640826283,Medical Devices,Healthcare,NURO
2007Q4,2007,Q4,2008-03-14,2007-12-31,-2139276.0,10098912.0,-2514106.0,-1800.7373737373737,7247381.0,0.717639781394273,56374574.0,46729871.0,42024235.0,8719924.0,9644703.0,5354338.0,-62065588.0,125908992.0,118842928.0,39334.90824915825,4.819335007965666,0.0005529975268637951,0.000667132164777429,-0.05374396092666672,39334.90824915825,-0.045779625627470705,12.467579873950777,-14.71397239065927,2.694400590149286,0.0,0.5325646233017042,0.0,0.17913948227795035,4.065480043174688,-0.037947532871822676,-38.68149218176607,0.717639781394273,0.44173345222830696,-0.8989214476312306,1.9734447864984028,1.8679172376739228,-0.12067583192893949,0.4009182494731757,0.3711365864261778,-1.2531506113769908,0.5383702734947148,0.20697073360574014,Medical Devices,Healthcare,NURO
2007Q3,2007,Q3,2007-11-08,2007-09-30,-3570925.0,11290004.0,-3997857.0,-3225.587098,8241990.0,0.7300254278032142,50719489.0,39643984.0,47941079.0,10003922.0,11075505.0,4971261.0,-59926312.0,112268160.0,105602872.0,36204.551598173515,4.792228388026216,0.0006782402717030528,0.0008677230825236939,-0.10070198189999749,36204.551598173515,-0.09007482699014308,9.944031906454594,-7.859879443001463,2.8319091239669554,0.0,0.6131269309738515,0.0,0.22259695873513236,4.182765819245692,-0.07040538204160535,-69.78773662607718,0.7300254278032142,-1.8000000003472236,-3.1908859766518,3.0019221291027662,0.0,-0.019729601085839297,-1.7660340002370272,-1.2878705332565723,-1.4774996095724864,1.2314065374653012,0.08606828079612681,Medical Devices,Healthcare,NURO
2007Q2,2007,Q2,2007-08-09,2007-06-30,-1290991.0,11475509.0,-1747414.0,-1151.995392,8407874.0,0.7326798314567136,52672449.0,42339800.0,49820729.0,9102266.0,10332649.0,5184608.0,-56355387.0,121995878.4,117256582.4,38701.8281535649,5.473442437300777,0.0007347294597978537,0.0009140336043155612,-0.041208415184309136,38701.8281535649,-0.030491192683952215,10.630977536595545,-23.624463377358946,2.8813522595760963,0.0,0.5916811839969386,0.0,0.21786549169187103,4.761541356844549,-0.024509796383304677,-73.11297919086368,0.7326798314567136,0.09090909076561005,-0.32674561288213566,4.0401140205738635,0.0,-0.029468896366779452,0.06265310953021966,0.0655839919574773,0.08576242407993649,1.451447289887871,1.6967198038232063,Medical Devices,Healthcare,NURO
2007Q1,2007,Q1,2007-05-09,2007-03-31,-1377282.0,11757786.0,-1870060.0,-1267.194931,8663168.0,0.7368026599565598,54143010.0,42617314.0,51279107.0,10214834.0,11525696.0,4614227.0,-55064396.0,122373964.8,115557808.8,38955.49725776965,5.0200626853064865,0.0,0.0,-0.04388028771592691,38955.49725776965,-0.03231742854559065,10.407908835898187,-22.212946368281877,2.8714612281759475,0.0,0.6706687815748987,0.0,0.21716166131140474,4.436959327973416,-0.025437854304738508,-71.38367660981396,0.7368026599565598,-8.870597227821367,-0.21494103016382465,5.656678586676094,0.0,-0.185058497705217,-8.81933483972794,-5.96868292392082,-0.6204961385373053,2.560910399114956,1.716183232985623,Medical Devices,Healthcare,NURO
