Year,Date,FillingDate,NetIncome,Revenue,OperatingIncome,EPSDiluted,GrossProfit,GrossProfitRatio,TotalAssets,CommonStockEquity,CurrentAssets,CurrentLiability,TotalLiability,Inventory,RetainedEarnings,EnterpriseValue,bookValuePerShare,currentRatio,debtToAssets,debtToEquity,roic,shareholdersEquityPerShare,roe,priceToSalesRatio,peRatio,pbRatio,payoutRatio,inventoryTurnover,dividendYield,assetTurnover,quickRatio,returnOnAssets,priceToFreeCashFlowsRatio,grossProfitMargin,epsdilutedGrowth,fiveYNetIncomeGrowthPerShare,fiveYRevenueGrowthPerShare,fiveYShareholdersEquityGrowthPerShare,grossProfitGrowth,netIncomeGrowth,operatingIncomeGrowth,threeYNetIncomeGrowthPerShare,threeYRevenueGrowthPerShare,threeYShareholdersEquityGrowthPerShare,Industry,Sector,Price,MarketCap,AvgVolume,Symbol
2022,2022-12-31,2022-12-31,40890000.0,80656000.0,11371000.0,3.97,36251000.0,0.4494519937,469337000.0,197023000.0,24544000.0,32235000.0,272314000.0,1026000.0,-317806000.0,271146530.62,19.137911506914197,0.7614084070110129,0.5936374076622981,1.4141293148515655,0.04911806677331309,19.137911506914197,0.20753922130918726,0.16210239312636382,0.3197488535094155,0.06636042807184948,0.32668134018097333,43.27972709551657,1.021681036837099,0.171850930141881,0.6375678610206298,0.0871228988978069,-0.07133053613028179,0.4494519936520532,-0.6583476764199655,1.0002648505336362,-0.9998224621489851,-0.9998390877747536,0.7683414634146342,0.7663829971057066,9.518963922294173,1.000812383244543,-0.9993059055291965,-0.9989404722914513,Marine Shipping,Industrials,0.6315,12848562,317409,TOPS
2021,2021-12-31,2022-05-06,23149000.0,56367000.0,1081000.0,11.62,20500000.0,0.3636879735,330788000.0,93222000.0,75334000.0,107088000.0,237566000.0,671000.0,-336754000.0,215222703.3,46.80761538843914,0.7034775138204094,0.5572541930178846,1.9773551307631245,0.009329277402393702,46.80761538843914,0.24832121173113642,0.5900562971242038,1.4367663095598082,0.35677955096436464,0.07684997192103331,53.45305514157973,0.05348815002808519,0.17040219113147997,0.02284102793963843,0.06998137780088758,-0.33442970779873704,0.3636879734596484,1.3797385620915033,-0.999988951213145,-0.9999990045938113,-0.9999989717357837,-0.17564741836898826,1.6432600661349932,-0.9023839624345313,1.0018495582158942,-0.998746498382104,-0.9991839717227857,Marine Shipping,Industrials,0.6315,12848562,317409,TOPS
2020,2020-12-31,2021-04-23,-35987000.0,60222000.0,11074000.0,-30.6,24868000.0,0.4129387931,293032000.0,134218000.0,45086000.0,25414000.0,158814000.0,514000.0,-345370000.0,156840150.8,114.14318200759605,1.7740615408829778,0.5040814655054738,1.10053793082895,0.05373515335925415,114.14318200759605,-0.26812350057369355,0.4725208528444755,-0.7907341762303054,0.21201441535412538,-1.6728262983855282,68.78210116731518,2.115535598019111,0.20551339102896612,0.760525694499095,-0.12280911299789785,-0.24791258984344372,0.412938793132078,0.9937412433654111,0.9999982012184362,-0.9999960830079572,-0.999996657887096,-0.13209786060796427,-0.2571438552364983,-0.34376296296296294,0.9979592444630608,-0.9988394307726545,-0.9990402801576904,Marine Shipping,Industrials,0.6315,12848562,317409,TOPS
2019,2019-12-31,2019-12-31,-28626000.0,66088000.0,16875000.0,-4889.15,28653000.0,0.4335582859,444890000.0,105757000.0,50742000.0,75417000.0,339133000.0,848000.0,-322552000.0,306937000.0,18062.68146883006,0.6728191256613231,0.6945694441322574,2.9218586003763343,0.07883783627406321,18062.68146883006,-0.2706771182994979,0.03543759835371021,-0.08181373576468945,0.02214510623410271,-9.234542024732761,44.14504716981132,112.87275832621691,0.14854907954775337,0.06701406844610631,-0.06434399514486727,-0.012725771044795584,0.43355828592180123,0.19850000000000007,-1.0016882439809203,-0.9968663390819504,-0.9995752855353093,1.462867457452295,-1.5055579868708973,5.339161738236051,-1.0046474853315062,-0.999603015980487,-0.9996032011276371,Marine Shipping,Industrials,0.6315,12848562,317409,TOPS
2018,2018-12-31,2018-12-31,-11425000.0,41048000.0,-3889000.0,-6100.0,11634000.0,0.2834242837653479,258488000.0,104281000.0,5288000.0,36819000.0,154207000.0,587000.0,-307779000.0,155561958.0,57360.28602860286,0.14362149976914093,0.5441451827550989,1.3488075488343994,-0.015877617010157757,57360.28602860286,-0.10955974722144973,0.36454779770025336,-1.3097556236323853,0.14349649504703638,0.0,50.10902896081772,0.0,0.15880040852960292,0.0350090985632418,-0.04419934387669834,-0.23813170165024905,0.2834242837653479,0.5940614741977125,-1.004463336958696,-0.9988752287602977,-0.9961229951991482,-0.03162976527384718,0.14592210510577858,-3.406559405940594,0.9996306348631807,-0.9982731428018519,-0.9983204905563611,Marine Shipping,Industrials,0.6315,12848562,317409,TOPS
2017,2017-12-31,2017-12-31,-13377000.0,39363000.0,1616000.0,-15026.90583,12014000.0,0.3052104768437365,220448000.0,106089000.0,29055000.0,25581000.0,113174000.0,645000.0,-296645000.0,102257200.0,118933.85650224215,1.135803916969626,0.4715352373348817,0.9798282574065171,0.007693845875508242,118933.85650224215,-0.12609224330514945,0.5687879480730635,-1.6737086043208491,0.21104167255794662,0.0,42.4015503875969,0.0,0.17855911598200028,0.971580469879989,-0.060680976919727105,-0.5496575258390003,0.3052104768437365,0.9571883024786325,0.9997656189551872,-0.998595872350553,-0.9909065022935819,0.7204639839610483,-13.715779467680608,-0.6666666666666666,-1.0051783966751728,-0.9877487718581854,-0.9972034645417893,Marine Shipping,Industrials,0.6315,12848562,317409,TOPS
2016,2016-12-31,2016-12-31,1052000.0,28433000.0,4848000.0,-351000.0,6983000.0,0.24559490732599445,143317000.0,45521000.0,4541000.0,20033000.0,97796000.0,583000.0,-283241000.0,4134412000.0,45521000.0,0.22667598462536814,0.5898741949664031,1.8571428571428572,0.037275103798246965,45521000.0,0.023110212868785836,142.44012239299406,3849.8098859315587,88.96992596823443,0.0,36.79245283018868,0.0,0.19839237494505188,0.014775620226626067,0.007340371344641598,-60.738763328784174,0.24559490732599445,0.988653461854941,1.005562841067727,-0.31805535568666954,-0.40638203536591727,7.61035758323058,1.0618314329375809,2.1183391003460206,-0.2528409090909091,0.41640928564312046,2.0767826968570464,Marine Shipping,Industrials,0.6315,12848562,317409,TOPS
2015,2015-12-31,2015-12-31,-17014000.0,13075000.0,-4335000.0,-30934545.45454,811000.0,0.06202676864244742,75330000.0,34153000.0,5269000.0,18274000.0,41177000.0,402000.0,-284293000.0,5827882000.0,34153000.0,0.2883331509248112,0.33917429974777646,0.7481041196966591,-0.07260941661223054,34153000.0,-0.49816999970719994,443.9770554493308,-341.1896085576584,169.97042719526834,0.0,30.507462686567163,0.0,0.1735696269746449,0.15185509467002298,-0.22585955130757998,-105.93645637534901,0.06202676864244742,-6.340909090908149,-7.770393951452447,-0.856121045392022,-0.8663193493083662,-0.505789152955515,-6.875,-6.372448979591836,0.7340897724431108,-0.5839697085401553,1.6112852664576802,Marine Shipping,Industrials,0.6315,12848562,317409,TOPS
2014,2014-12-31,2014-12-31,2896000.0,3602000.0,-588000.0,5792000.0,1641000.0,0.45558023320377566,75575000.0,42529000.0,1227000.0,9334000.0,33046000.0,324000.0,-275786000.0,19101219000.0,42529000.0,0.13145489607885152,0.2569500496195832,0.4566060805567965,-0.009491831858978499,42529000.0,0.06809471184368314,5297.556912826208,6589.019337016574,448.67737308659974,0.0,6.052469135802469,0.0,0.04766126364538538,0.022605528176558816,0.038319550115779026,-391.7108018228846,0.45558023320377566,-0.7943181818181818,1.0576938401466252,-0.9666416618046102,-0.8279543358306769,-0.8664115923152068,1.0568181818181819,-1.0770844257996854,1.0153136765514617,-0.9136086727107018,-0.4453993010275938,Marine Shipping,Industrials,0.6315,12848562,317409,TOPS
2013,2013-12-31,2013-12-31,1408000.0,20074000.0,7628000.0,28160000.0,12284000.0,0.6119358374016141,27868000.0,14795000.0,10262000.0,8605000.0,13073000.0,0.0,-278683000.0,226790294000.0,14795000.0,1.1925624636839047,0.0,0.0,0.5155795876985468,14795000.0,0.09516728624535316,11298.196672312444,161079.54545454544,15329.503210544102,0.0,0.0,0.0,0.7203243863929956,1.1838466008134805,0.05052389837806803,-20017.65225066196,0.6119358374016141,1.0220055013753437,-0.9450836616092672,-0.9220063719014686,-0.9493410397499067,-0.3256477821695213,1.0220055013753437,-0.12422502870264064,-0.4397134898527656,-0.7791031636863824,-0.9420898536883224,Marine Shipping,Industrials,0.6315,12848562,317409,TOPS
2012,2012-12-31,2012-12-31,-63984000.0,31428000.0,8710000.0,-1279680000.0,18216000.0,0.579610538373425,211415000.0,13079000.0,26735000.0,193630000.0,198336000.0,0.0,-280091000.0,118612619000.0,13079000.0,0.13807261271497184,0.8164936262800653,13.198180289012921,0.04690411312992063,13079000.0,-4.892117134337488,3768.6139747995417,-1851.0877719429857,9055.738206284885,0.0,0.0,0.0,0.14865548802119055,0.0075298249238237875,-0.30264645365749826,7828.673408685307,0.579610538373425,0.6616608147552773,-0.3037737386910099,-0.875413761253315,-0.9381338454552335,-0.43461932400136566,0.6616608147552773,2.198403962575674,-0.27468324169256514,-0.7089434056622121,-0.9470905678085406,Marine Shipping,Industrials,0.6315,12848562,317409,TOPS
2011,2011-12-31,2011-12-31,-189112000.0,41694000.0,-7268000.0,-3782240000.0,32219000.0,0.7727490766057467,296373000.0,76684000.0,14866000.0,219689000.0,219689000.0,0.0,-216107000.0,226205380000.0,76684000.0,0.06766838576351114,0.5870305324709066,2.2687914036826458,,76684000.0,-2.466120703145376,5421.197294574759,-1195.225051821143,2947.5692452141257,0.0,0.0,0.0,0.1406808312498102,0.012494936023196427,-0.6380878150168875,14655.475588406925,0.7727490766057467,-3377001.0,-13.490060101710586,-0.8655218792232046,-0.6124232392408582,-0.6156351402939493,-76.25348189415041,-1.3264462809917354,-8.375950700105308,-0.8380060610770068,-0.7374294215736292,Marine Shipping,Industrials,0.6315,12848562,317409,TOPS
2010,2010-12-31,2010-12-31,2513000.0,90875000.0,22264000.0,1120.0,83824000.0,0.9224099037138928,622091000.0,255482000.0,3420000.0,366609000.0,366609000.0,660000.0,-26995000.0,1373737377000.0,255482000.0,0.009328739883636245,0.5423274086910115,1.3205509585802522,,255482000.0,0.009836309407316366,15113.067400275104,546518.1058495821,5375.721185836967,0.0,10.683333333333334,0.0,0.1460799143533663,0.006464653077256696,0.0040396019231913015,39032.56977206843,0.9224099037138928,1.0449437752809438,-0.9634121483897269,-0.6278893597854349,-0.3088692791715586,0.2809486697535109,1.0500637500996095,8.173465183353935,1.0512062922813594,-0.6397551722634277,0.20847839249224248,Marine Shipping,Industrials,0.6315,12848562,317409,TOPS
2009,2009-12-31,2009-12-31,-50196000.0,107979000.0,2427000.0,-24920.02492,65439000.0,0.606034506709638,675149000.0,247196000.0,3787000.0,427953000.0,427953000.0,489000.0,-29508000.0,1272999087000.0,247196000.0,0.008849102588368348,0.5911095180471274,1.6144557355297011,,247196000.0,-0.20306153821259243,11785.624982635512,-25352.617738465215,5148.141555688603,0.0,86.99386503067484,0.0,0.15993358503085986,0.0007664393052508102,-0.07434803280461054,-9719.103697933373,0.606034506709638,-2.7623767536232293,-2.5306458498505826,0.15080625393002164,-0.23185492015450157,-0.25544430538172713,-2.9577986660946216,-0.9606791633588776,-4.315236774321379,-0.6517289537257736,0.2493795961689116,Marine Shipping,Industrials,0.6315,12848562,317409,TOPS
2008,2008-12-31,2008-12-31,25639000.0,257380000.0,61723000.0,14140.01,87890000.0,0.3414795244385733,698375000.0,292051000.0,57088000.0,386934000.0,406324000.0,965000.0,20688000.0,2054112675000.0,292051000.0,0.14753937363994893,0.5139316269912296,1.228953162290148,,292051000.0,0.0877894614296818,7979.640997746523,80104.52825773237,7032.333393825051,0.0,175.63730569948186,0.0,0.36854125648827635,0.13038399313578025,0.03671236799713621,-9236.913473084864,0.3414795244385733,1.421814627152981,14.69094247246022,10.149231102447477,16.896378454562168,14.368071341143557,1.5224345912462303,1.2239115135421428,-0.6267107332129753,0.053907417644288844,-0.20994270379648217,Marine Shipping,Industrials,0.6315,12848562,317409,TOPS
TTM,,,,,,,,,,,,,,,,270920562.0,19.137911506914197,0.7614084070110129,0.5936374076622981,1.4141293148515655,0.04911806677331309,19.137911506914197,0.28176195972368173,0.15930075877802025,0.1589932291269259,0.03299733096643539,0.32668134018097333,43.27972709551657,0.0,0.171850930141881,0.6375678610206298,0.0871228988978069,-0.07009772225101613,0.4494519936520532,,,,,,,,,,,Marine Shipping,Industrials,0.6315,12848562,317409,TOPS
