Quarters,Year,Quarter,FillingDate,Date,NetIncome,Revenue,OperatingIncome,EPSDiluted,GrossProfit,GrossProfitRatio,TotalAssets,CommonStockEquity,CurrentAssets,CurrentLiability,TotalLiability,Inventory,RetainedEarnings,MarketCap,EnterpriseValue,bookValuePerShare,currentRatio,debtToAssets,debtToEquity,roic,shareholdersEquityPerShare,roe,priceToSalesRatio,peRatio,pbRatio,payoutRatio,inventoryTurnover,dividendYield,assetTurnover,quickRatio,returnOnAssets,priceToFreeCashFlowsRatio,grossProfitMargin,epsdilutedGrowth,fiveYNetIncomeGrowthPerShare,fiveYRevenueGrowthPerShare,fiveYShareholdersEquityGrowthPerShare,grossProfitGrowth,netIncomeGrowth,operatingIncomeGrowth,threeYNetIncomeGrowthPerShare,threeYRevenueGrowthPerShare,threeYShareholdersEquityGrowthPerShare,Industry,Sector,Symbol
2023Q4,2023,Q4,2023-05-19,2023-04-01,47312000.0,476380000.0,54252000.0,5.39,120641000.0,0.2532453084,1307975000.0,976286000.0,804579000.0,293391000.0,330470000.0,263150000.0,869310000.0,2759055890.2400002,2509306890.2400002,112.43161645885195,2.742343834677955,0.016573711271239893,0.02220455890999154,0.043029990125465316,112.43161645885195,0.04846120911290339,5.791712268021328,14.57904913256679,2.826073394722448,0.0,1.351848755462664,0.0,0.36421185420210633,1.4888834354155376,0.0361719451824385,123.62469263554082,0.25324530836726983,-0.19069069069069075,1.2246650217813035,1.0448468171733645,1.2234689829907655,-0.08583141367604268,-0.20516094348498085,-0.2574729004708201,3.157952405069532,0.9677449780767874,0.6947082576031867,Residential Construction,Consumer Cyclical,CVCO
2023Q3,2023,Q3,2023-02-03,2022-12-31,59524000.0,500603000.0,73064000.0,6.66,131968000.0,0.2636180766,1264474000.0,955500000.0,832554000.0,278423000.0,308042000.0,215458000.0,821998000.0,2006965331.25,1643875331.25,107.71579938820132,2.9902486504347703,0.010326823643665271,0.013666143380429095,0.0582977375900856,107.71579938820132,0.062296180010465725,4.009095693094128,8.429227417722263,2.100434674254317,0.0,1.710936702280723,0.0,0.3958982153844207,1.870452512903029,0.04707411935713981,33.72200842224649,0.26361807659962083,-0.19272727272727272,1.8315198584612171,1.301744470609001,1.2331197598913537,-0.16263428067436977,-0.19688056559987047,-0.19448762471749076,1.9342482517663746,0.8840534292629012,0.6536114192132177,Residential Construction,Consumer Cyclical,CVCO
2023Q2,2023,Q2,2022-11-04,2022-10-01,74116000.0,577392000.0,90705000.0,8.25,157599000.0,0.2729497464,1264666000.0,928932000.0,819791000.0,306051000.0,334808000.0,233965000.0,762474000.0,1832025929.28,1511065929.28,104.33097330402867,2.678609120702105,0.00971719015139175,0.013229170703560647,0.07604991318057659,104.33097330402867,0.07978624915494352,3.1729326510931912,6.179589863457283,1.9721851860846649,0.0,1.7942555510439595,0.0,0.45655690909694735,1.624869711257274,0.058605196945280415,18.98059416375711,0.2729497464460886,0.24434389140271495,11.146719375569837,1.917542891246225,1.2789959300334994,0.08896243884911971,0.24351531827791015,0.15418384486181097,2.6349112295896795,1.201201605081896,0.6605141707948747,Residential Construction,Consumer Cyclical,CVCO
2023Q1,2023,Q1,2022-08-05,2022-07-02,59602000.0,588338000.0,78588000.0,6.63,144724000.0,0.2459878505,1183800000.0,851562000.0,748025000.0,304675000.0,331561000.0,254722000.0,688358000.0,1799441355.6000001,1574504355.6000001,95.48500383482016,2.455157134651678,0.011095624260854874,0.01542459621260695,0.06738256819753272,95.48500383482016,0.06999138054539775,3.0585162875761895,7.547738983591155,2.1131066858314487,0.0,1.741561388494123,0.0,0.49699104578476094,1.3680380733568556,0.05034803176212198,54.14622079258569,0.24598785052129898,0.1470588235294117,4.101264437761541,1.8732629746733482,1.1266476777294745,0.11669753086419753,0.11618412674632009,0.12472628912455455,1.8584908410230214,1.274271436313642,0.5793412257074483,Residential Construction,Consumer Cyclical,CVCO
2022Q4,2022,Q4,2022-05-31,2022-04-02,53398000.0,505479000.0,69873000.0,5.78,129600000.0,0.2563904732,1154972000.0,830455000.0,744117000.0,294170000.0,323692000.0,243971000.0,628756000.0,2231316685.44,2011944685.44,90.75275980382354,2.5295475405377843,0.021453333933636486,0.029836655809164857,0.06267292039483001,90.75275980382354,0.06429969113317398,4.414261889099251,10.44663042361137,2.6868604384825185,0.0,1.5406708174332195,0.0,0.4376547656566566,1.4058911513750552,0.046233155435802774,261.21712543198316,0.2563904731947321,-0.32712456344586727,3.815111671514918,1.50926077655483,1.0695611323011278,0.12492188042497049,-0.32929724298185015,0.1814047071554173,1.6584599588039632,1.08443057572227,0.5591320981183935,Residential Construction,Consumer Cyclical,CVCO
2022Q3,2022,Q3,2022-02-07,2022-01-01,79615000.0,431714000.0,59144000.0,8.59,115208000.0,0.2668618576,1112231000.0,806212000.0,703549000.0,272762000.0,306019000.0,200313000.0,575132000.0,2914192253.6,2671237253.6,87.87795022227493,2.5793512292768055,0.021856970359574585,0.030153359166075425,0.09477693708008435,87.87795022227493,0.09875194117676243,6.750284340095526,9.150889447968346,3.614672385923305,0.0,1.5800572104656212,0.0,0.3881513822218586,1.4952192754122642,0.07158135315415592,24.901453943894246,0.2668618576187013,1.1157635467980298,5.353300970143964,1.0916439764461459,1.0580255710442437,0.28111377991281916,1.1127564153597114,0.3274082054044349,4.8990928252913974,0.8319502640874886,0.5705302510776586,Residential Construction,Consumer Cyclical,CVCO
2022Q2,2022,Q2,2021-11-05,2021-10-02,37683000.0,359543000.0,44556000.0,4.06,89928000.0,0.2501175102838882,1056433000.0,733116000.0,632998000.0,282271000.0,323317000.0,190394000.0,495713000.0,2227038740.46,2035552740.46,79.76571522204763,2.2425187142852083,0.031052608163508712,0.04474735239716498,0.04395844214381085,79.76571522204763,0.05140114252041969,6.19408176618652,14.774823796274182,3.03777129466551,0.0,1.4160897927455698,0.0,0.34033677478836805,1.3223887682404498,0.03567003302623072,41.44561619198273,0.2501175102838882,0.3904109589041095,2.959105527336913,0.865671055237659,0.930928187857035,0.2150297920635564,0.39329290837831843,0.3428166721919171,1.3863543502153282,0.4707801617136094,0.4638706764284165,Residential Construction,Consumer Cyclical,CVCO
2022Q1,2022,Q1,2021-08-06,2021-07-03,27046000.0,330422000.0,33181000.0,2.92,74013000.0,0.22399537561058283,970872000.0,699067000.0,667864000.0,242187000.0,271805000.0,150917000.0,458103000.0,2088089965.29,1783170965.29,76.00017351166187,2.7576376931874957,0.0255790670654834,0.035524491929958074,0.034322123279794926,76.00017351166187,0.038688709379787634,6.3194640952781596,19.301282678492196,2.9869668648212544,0.0,1.6990067388034482,0.0,0.34033528621692666,1.8646665593116063,0.027857431257673513,96.3052285439535,0.22399537561058283,0.07749077490774907,3.8664212705953944,0.7344546725968213,0.8938991998162594,0.04427513227513227,0.0723178177781302,0.23289859918998254,0.35117448723518935,0.3191650278089125,0.44568502825172823,Residential Construction,Consumer Cyclical,CVCO
2021Q4,2021,Q4,2021-05-28,2021-04-03,25222000.0,306502000.0,26913000.0,2.71,70875000.0,0.23123829534554424,951833000.0,683640000.0,651799000.0,237104000.0,268193000.0,131234000.0,431057000.0,2139994559.22,1843262559.22,74.24540951071923,2.749000438626088,0.026839792274485123,0.03736908314317477,0.031569206954020206,74.24540951071923,0.03689368673570885,6.981992154113187,21.211586702283718,3.130294539845533,0.0,1.7954722099455933,0.0,0.3220123698169742,1.8814233416559822,0.026498345823269417,779.8813991326531,0.23123829534554424,0.27830188679245277,2.4879475268394673,0.6734511469564708,0.8735412677929013,0.19644484958979033,0.28023958174711944,0.1296591672263264,0.11841656034802865,0.24071296616454746,0.4682913078720086,Residential Construction,Consumer Cyclical,CVCO
2021Q3,2021,Q3,2021-01-29,2020-12-26,19701000.0,288772000.0,23824000.0,2.12,59238000.0,0.20513761722050614,793852000.0,661741000.0,625719000.0,213342000.0,244825000.0,110624000.0,405835000.0,1667571588.3,1340084588.3,72.00464753204862,2.932938661866862,0.007837732977935434,0.00940247015070851,0.034743647682160955,72.00464753204862,0.029771466480088132,5.774699722618537,21.161001831125322,2.5199762268017243,0.0,2.074902371998843,0.0,0.36376049943818245,1.8064188017361795,0.02481696840217068,111.81249753922489,0.20513761722050614,0.30864197530864196,1.3563961511110936,0.5422786640775982,0.8627249321611653,0.10640443772062531,0.3091235298026447,0.31711632021229547,-0.09543549342963148,0.28157052180198827,0.4927708109776392,Residential Construction,Consumer Cyclical,CVCO
2021Q2,2021,Q2,2020-10-30,2020-09-26,15049000.0,257976000.0,18088000.0,1.62,53541000.0,0.2075425620987999,882510000.0,640688000.0,597424000.0,208221000.0,241822000.0,111872000.0,386134000.0,1599669019.0,1308227019.0,69.76933870343338,2.869182263076251,0.02357027115840047,0.032466660839597435,0.032763900862044,69.76933870343338,0.0234888120270709,6.200844338233014,26.574340803375637,2.4967987834952425,0.0,1.8274009582379862,0.0,0.2923207669034912,1.7562301593018956,0.017052497988691347,43.23429781081081,0.2075425620987999,-0.09999999999999996,0.7962196771391334,0.29901720220201683,0.8483782286311053,-0.032210834553440704,-0.09745711886769821,-0.0956,1.3913511281835487,0.26390512073255645,0.5240348470909314,Residential Construction,Consumer Cyclical,CVCO
2021Q1,2021,Q1,2020-08-03,2020-06-27,16674000.0,254801000.0,20000000.0,1.8,55323000.0,0.21712238178029128,838256000.0,624007000.0,547991000.0,179056000.0,214249000.0,106396000.0,371085000.0,1599335148.0600002,1347397148.0600002,68.0177262670394,3.060444777052989,0.022199662155713767,0.029821780845407184,0.02323163158320613,68.0177262670394,0.026720854092982933,6.276800907610253,23.97947625134941,2.563008344553827,0.0,1.8748637166810782,0.0,0.30396561432307073,2.146551916718792,0.01989129812372354,47.26726409918431,0.21712238178029128,0.3953488372093023,1.9832605593004853,0.5224262283258609,0.8510558351337473,0.06599483602450962,0.38938421798183487,0.381406271584473,0.3873005320801352,0.20966010214297692,0.5148948400365412,Residential Construction,Consumer Cyclical,CVCO
2020Q4,2020,Q4,2020-05-27,2020-03-28,12001000.0,255335000.0,14478000.0,1.29,51898000.0,0.20325454794681497,810431000.0,607586000.0,516185000.0,172102000.0,202845000.0,113535000.0,355144000.0,1359730870.89,1137027870.89,66.34275601976658,2.999296928565618,0.023596086526798704,0.031473733759500716,0.019867851513234207,66.34275601976658,0.01975193635139717,5.325281966397086,28.325366029705854,2.23792330779511,0.0,1.7918439247809046,0.0,0.3150607516247528,2.016286853145228,0.014808169973754707,53.18928457557503,0.20325454794681497,-0.42666666666666664,0.9348116636877618,0.749235024138857,0.8357829731156412,-0.13293793333890236,-0.42573452004976553,-0.3708226500369389,0.08128660402311948,0.2664704010006115,0.512905938784034,Residential Construction,Consumer Cyclical,CVCO
2020Q3,2020,Q3,2020-01-31,2019-12-28,20898000.0,273722000.0,23011000.0,2.25,59855000.0,0.21867076815162828,787409000.0,595260000.0,501986000.0,161790000.0,192149000.0,110144000.0,343143000.0,1772811188.0,1575725188.0,65.13972880004185,3.1027010322022375,0.025140682923360032,0.03325605617713268,0.031027658660867482,65.13972880004185,0.03510734804959177,6.476685060024404,21.207904919131018,2.9782131975943282,0.0,1.941703588030215,0.0,0.3476236619088682,1.9953149143952036,0.026540209725822286,79.91395546339704,0.21867076815162828,0.0,2.0690834394496265,0.8060751422485091,0.8388368095107942,0.023739887457882223,0.0006224563083552789,0.028011079342387418,0.6742404893928785,0.3314041983630106,0.5255160961571054,Residential Construction,Consumer Cyclical,CVCO
2020Q2,2020,Q2,2019-10-30,2019-09-28,20885000.0,268675000.0,22384000.0,2.25,58467000.0,0.21761235693681957,773838000.0,573004000.0,486632000.0,169697000.0,200834000.0,115205000.0,322245000.0,1672668937.35,1502210937.35,62.83052270134273,2.867652345062081,0.02587104794543561,0.03493867407557364,0.02832562934451983,62.83052270134273,0.0364482621412765,6.225621800874662,20.022371766219777,2.919122619301087,0.0,1.8246430276463694,0.0,0.34719799234465093,1.7792712894158411,0.026988852964057078,67.13771122059886,0.21761235693681957,-0.025974025974025997,2.6861109698107075,0.8722884426154183,0.8165809520758239,-0.030365849613585856,-0.018654261817498356,-0.1058560357913238,1.2113400945148913,0.4050149546945516,0.5209695920620322,Residential Construction,Consumer Cyclical,CVCO
2020Q1,2020,Q1,2019-07-30,2019-06-29,21282000.0,264042000.0,25034000.0,2.31,60298000.0,0.2283651843267359,756083000.0,550337000.0,479048000.0,175330000.0,205746000.0,118532000.0,301360000.0,1434036994.8999999,1272184994.8999999,60.45875475203196,2.7322648719557407,0.050216709012105815,0.06899045493942803,0.0323878692783714,60.45875475203196,0.03867085076961934,5.431094276289378,16.845655893478057,2.6057433806921937,0.0,1.718894475753383,0.0,0.34922356407960503,1.7266297838361946,0.028147703360609882,97.32181845266372,0.2283651843267359,0.06451612903225812,2.566709604117754,0.843813898463608,0.8018834155895582,0.08074489631315757,0.06564518551900256,0.029951452316300503,2.869490638690061,0.40055999187708297,0.5066121819997014,Residential Construction,Consumer Cyclical,CVCO
2019Q4,2019,Q4,2019-05-29,2019-03-30,19971000.0,241113000.0,24306000.0,2.17,55793000.0,0.2313977263772588,725216000.0,529588000.0,462049000.0,174008000.0,195628000.0,116203000.0,280078000.0,1069325549.6,917170549.6,58.20722946653888,2.6553319387614365,0.04855794687375899,0.06649508674667855,0.033413711869814865,58.20722946653888,0.03771044661132805,4.434956014814631,13.385979039607433,2.0191649916538896,0.0,1.5947953150951353,0.0,0.3324706018620659,1.6435048963266057,0.027538002470987952,70.53598612137203,0.2313977263772588,0.5069444444444444,3.621011237788954,0.785966445104332,0.7720610437899864,0.13814487668550213,0.49215481171548114,0.3363756322850231,1.795032641190901,0.3322845866235969,0.4688267895364882,Residential Construction,Consumer Cyclical,CVCO
2019Q3,2019,Q3,2019-02-05,2018-12-29,13384000.0,233700000.0,18188000.0,1.44,49021000.0,0.20976037655113394,717201000.0,509072000.0,449737000.0,186108000.0,208129000.0,115409000.0,260107000.0,1195931179.85,1058773179.8499999,55.95431871622675,2.4165377092870806,0.07767836352710049,0.10943638620863061,0.02538371798712978,55.95431871622675,0.0262909765219851,5.117377748609328,22.338822098214283,2.349237789251815,0.0,1.6002131549532532,0.0,0.32585007550184675,1.520343026629699,0.01866143521830003,-307.2793370632065,0.20976037655113394,-0.1377245508982036,1.203855913708903,0.6416698160327233,0.7322060935754124,-0.007672064777327935,-0.14205128205128206,-0.06155513131417367,0.6170664915592636,0.26080638194222727,0.44751079419445766,Residential Construction,Consumer Cyclical,CVCO
2019Q2,2019,Q2,2018-11-08,2018-09-29,15600000.0,241500000.0,19381000.0,1.67,49400000.0,0.20455486542443063,715200000.0,494748000.0,448700000.0,196700000.0,220500000.0,111500000.0,246700000.0,2297158787.0,2158941787.0,54.48959153732197,2.281138790035587,0.08009368008948546,0.1157821759764567,0.028030263312512994,54.48959153732197,0.03153120376434063,9.512044666666666,36.81344209935897,4.643088576406575,0.0,1.7228699551569506,0.0,0.3376677852348993,1.4707676664972038,0.02181208053691275,129.5926202753018,0.20455486542443063,-0.2122641509433963,2.365263596797015,0.725859301338282,0.6432162311060208,-0.04032947392959826,-0.20775989030521558,-0.12945245474554193,0.8831629196158604,0.22988419644984143,0.44357645573658433,Residential Construction,Consumer Cyclical,CVCO
2019Q1,2019,Q1,2018-08-08,2018-06-30,19691000.0,246403000.0,22263000.0,2.12,51476000.0,0.20890979411776642,693561000.0,475687000.0,429237000.0,175626000.0,217874000.0,110437000.0,231147000.0,1878937429.3500001,1760707429.3500001,52.57035386440236,2.4440401762836936,0.08543877178791771,0.12457140935110693,0.033881026237210156,52.57035386440236,0.04139486679265988,7.625464906474353,23.855281973363464,3.9499448783548847,0.0,1.76505156786222,0.0,0.35527228318778015,1.5773803423183355,0.028391158095683003,-495.2391748418556,0.20890979411776642,-0.11666666666666659,7.424299706371331,0.4160537380848386,1.0369066030458804,-0.05207719505008839,-0.11061427280939476,-0.1404247104247104,2.571956247535704,0.4926847280942999,0.43066617507476945,Residential Construction,Consumer Cyclical,CVCO
2018Q4,2018,Q4,2018-05-30,2018-03-31,22140000.0,242529000.0,25900000.0,2.4,54304000.0,0.223907244082151,674780000.0,457106000.0,418593000.0,176329000.0,217674000.0,109152000.0,209381000.0,1570667856.25,1444868856.25,50.565857818992974,2.3739316845215477,0.09035092919173657,0.13337606594531684,0.035968664995985763,50.565857818992974,0.04843515508437868,6.476206376350869,17.73563523317525,3.436112972155255,0.0,1.7244301524479624,0.0,0.3594193663119832,1.532657702363196,0.032810693855775216,41.30510325172251,0.223907244082151,0.030042918454935553,11.18976443655097,0.7182268961244195,0.9918625770438315,0.0882565130260521,0.03457943925233645,0.08773256058124396,2.6162095109247256,0.6832793563398949,0.3992174334366809,Residential Construction,Consumer Cyclical,CVCO
2018Q3,2018,Q3,2018-02-07,2017-12-30,21400000.0,221400000.0,23811000.0,2.33,49900000.0,0.22538392050587172,644200000.0,435572000.0,384000000.0,149300000.0,208600000.0,105900000.0,187600000.0,1377993260.0,1297395260.0,48.235567712428434,2.5720026791694575,0.09065818068922694,0.13408116224183372,0.04017800748758407,48.235567712428434,0.04913079812292801,6.223998464317977,16.098052102803738,3.1636405921409088,0.0,1.619452313503305,0.0,0.3436820863085998,1.5673141326188882,0.0332194970506054,203.2138711104557,0.22538392050587172,2.4776119402985075,10.008679534741216,0.49075307591115724,0.9197889850752918,0.4441164554031371,2.4616628922678743,1.8343054398285918,2.1804307110260535,0.4783318082043574,0.36164732446977566,Residential Construction,Consumer Cyclical,CVCO
2018Q2,2018,Q2,2017-11-08,2017-09-30,6182000.0,200507000.0,8401000.0,0.67,34554000.0,0.1723331355015037,649085000.0,412968000.0,387445000.0,172091000.0,236117000.0,101515000.0,166145000.0,1331024056.7,1254420056.7,45.77935920337299,2.251396063710479,0.09272129228067202,0.1457352627806513,0.012883300247327424,45.77935920337299,0.014969682880998043,6.638292212740702,53.8265956284374,3.223068268485694,0.0,1.634763335467665,0.0,0.3089071539166673,1.3294245486399638,0.009524176340540915,214.02541513105,0.1723331355015037,-0.4765625,2.8079395732068484,0.40690224069216674,0.8404278086496291,-0.17532219570405727,-0.4761016949152542,-0.4635719302726518,0.1030703635606197,0.4125873992895922,0.3235909610745163,Residential Construction,Consumer Cyclical,CVCO
2018Q1,2018,Q1,2017-08-08,2017-07-01,11800000.0,206800000.0,15661000.0,1.28,41900000.0,0.20261121856866537,609700000.0,404408000.0,356600000.0,142400000.0,205200000.0,99100000.0,160000000.0,1167757420.3500001,1096968420.3500001,44.89930552895587,2.5042134831460676,0.09629489913072002,0.1451776423809618,0.02535250828289155,44.89930552895587,0.029178453443057507,5.646796036508705,24.7406233125,2.887572501904018,0.0,1.6639757820383452,0.0,0.33918320485484665,1.5231741573033708,0.0193537805478104,-1821.7744467238692,0.20261121856866537,0.0756302521008404,9.547272776297323,0.33832065015172214,0.8113648336013602,-0.004750593824228029,0.08256880733944955,-0.07995535189754435,0.9986038481928294,0.4594324710673626,0.338157134329583,Residential Construction,Consumer Cyclical,CVCO
2017Q4,2017,Q4,2017-06-13,2017-04-01,10900000.0,198000000.0,17022000.0,1.19,42100000.0,0.21262626262626264,607300000.0,394408000.0,356800000.0,140200000.0,212900000.0,93900000.0,148100000.0,1046928721.2,972445721.2,43.85120999200265,2.544935805991441,0.09553268565782974,0.14709894322630374,0.02485458664670689,43.85120999200265,0.027636356260522098,5.287518793939395,24.012126633027524,2.654430744812479,0.0,1.6602768903088392,0.0,0.3260332619792524,1.5271041369472182,0.017948295735221474,69.59574029116533,0.21262626262626264,-0.11851851851851862,4.076054155268543,0.5316444928033122,0.8035295212309923,-0.03316185926878559,-0.11259464300252381,-0.029587822815118865,1.5512956257108093,0.4835935348659579,0.3350063499337812,Residential Construction,Consumer Cyclical,CVCO
2017Q3,2017,Q3,2017-02-07,2016-12-31,12283000.0,202310000.0,17541000.0,1.35,43544000.0,0.2152340467599229,582074000.0,383979000.0,334567000.0,125766000.0,198095000.0,86644000.0,137253000.0,897896731.5999999,835904731.5999999,42.70012552744211,2.6602340855239093,0.09921934324501695,0.1504066628643754,0.028228079647966416,42.70012552744211,0.031988728550259256,4.438222191686026,18.275191964503787,2.3384006198255634,0.0,1.832394626286875,0.0,0.34756749141861687,1.6322615015186934,0.02110212790813539,173.27223689695097,0.2152340467599229,0.31067961165048547,4.6123516721899,0.35313980105250986,0.7682803808437587,0.11365728900255755,0.320752688172043,0.2824243310425501,1.0462985571800503,0.4378438620015505,0.3218893435230099,Residential Construction,Consumer Cyclical,CVCO
2017Q2,2017,Q2,2016-11-09,2016-10-01,9300000.0,188300000.0,13678000.0,1.03,39100000.0,0.20764737121614446,576500000.0,370972000.0,330800000.0,133400000.0,205500000.0,92600000.0,125000000.0,889499012.15,832464012.15,41.30951928904849,2.47976011994003,0.10054640069384214,0.15625168476327053,0.022638140048218257,41.30951928904849,0.02506927746568474,4.723839682156134,23.91126376747312,2.3977524237678316,0.0,1.611231101511879,0.0,0.3266261925411969,1.4475262368815591,0.016131830008673027,68.61829917071665,0.20764737121614446,0.7166666666666668,3.2346640785049137,0.11126123378385219,0.731954238877548,0.17771084337349397,0.7222222222222222,0.596964389959136,1.028415602561543,0.3605611853124375,0.24575117338616562,Residential Construction,Consumer Cyclical,CVCO
2017Q1,2017,Q1,2016-08-10,2016-07-02,5400000.0,185100000.0,8565000.0,0.6,33200000.0,0.17936250675310642,560400000.0,358643000.0,305800000.0,127400000.0,201800000.0,94800000.0,115600000.0,827769484.3000001,787055484.3000001,40.12894325053582,2.400313971742543,0.11025339043540329,0.1722771669877845,0.013023706406443713,40.12894325053582,0.015056755603761959,4.472012340896813,38.32266131018518,2.3080597817328097,0.0,1.6023206751054853,0.0,0.3302997858672377,1.317111459968603,0.009635974304068522,131.16296693075583,0.17936250675310642,-0.22077922077922082,-0.5200051918280922,0.43086816072159395,0.7061878056690217,-0.09536784741144415,-0.22857142857142856,-0.2565749500911379,1.3390286625718275,0.07700051104986366,0.5548479983814366,Residential Construction,Consumer Cyclical,CVCO
2016Q4,2016,Q4,2016-06-21,2016-04-02,7000000.0,177300000.0,11521000.0,0.77,36700000.0,0.20699379582628313,553800000.0,353226000.0,298700000.0,125100000.0,200600000.0,94800000.0,110200000.0,830734472.0,796483472.0,39.62838224438097,2.3876898481215028,0.11475081256771398,0.17991031237791102,0.017651426750157555,39.62838224438097,0.019817340739356672,4.6854736153412295,29.669088285714288,2.351849727936222,0.0,1.4831223628691983,0.0,0.32015167930660887,1.2989608313349321,0.012639942217407007,112.27658764697932,0.20699379582628313,-0.1348314606741573,2.3376850223249566,2.503758660859702,0.7985897389836283,0.008241758241758242,-0.13580246913580246,-0.09011214658031906,2.9086695850993887,0.27391014234948835,0.5610195295000473,Residential Construction,Consumer Cyclical,CVCO
2016Q3,2016,Q3,2016-02-04,2015-12-26,8100000.0,181400000.0,12662000.0,0.89,36400000.0,0.20066152149944874,542500000.0,344179000.0,291500000.0,121100000.0,198300000.0,91700000.0,103200000.0,751831974.48,720150974.48,38.65554505060906,2.40710156895128,0.11892903225806452,0.18745768916755526,0.02080725381789499,38.65554505060906,0.023534265600167355,4.144608459095921,23.20469057037037,2.184421404211181,0.0,1.5812431842966195,0.0,0.3343778801843318,1.3187448389760528,0.014930875576036867,191.8428105332993,0.20066152149944874,0.0,251.14406482128527,2.421255314220618,0.7269130712125604,-0.08080808080808081,0.0,-0.024799753542821934,3.2259705638370924,0.23875486439152063,0.5385014237350796,Residential Construction,Consumer Cyclical,CVCO
2016Q2,2016,Q2,2015-11-05,2015-09-26,8100000.0,192000000.0,12984000.0,0.89,39600000.0,0.20625,536400000.0,335114000.0,284900000.0,124000000.0,201300000.0,89000000.0,95100000.0,620755004.0,593499004.0,37.746245666994255,2.29758064516129,0.12237882177479494,0.19588557923572278,0.020885479811143713,37.746245666994255,0.024170879163508536,3.233098979166667,19.159105061728397,1.852369653312007,0.0,1.7123595505617977,0.0,0.3579418344519016,1.267741935483871,0.015100671140939598,24.546443275732532,0.20625,0.4833333333333334,7.777373589366137,2.083121050038211,0.6763911282845245,0.2413793103448276,0.5,0.415149863760218,4.069602961340694,0.36887405599144757,0.5174795236657298,Residential Construction,Consumer Cyclical,CVCO
2016Q1,2016,Q1,2015-08-06,2015-06-27,5400000.0,161700000.0,9175000.0,0.6,31900000.0,0.19727891156462585,522900000.0,325698000.0,270200000.0,116400000.0,197200000.0,96600000.0,87000000.0,679487255.68,676946255.68,36.74536714454364,2.321305841924399,0.12939185312679288,0.20773538676933848,0.014567704793643735,36.74536714454364,0.016579776357238913,4.202147530488559,31.457743318518517,2.0862493956978554,0.0,1.3436853002070392,0.0,0.3092369477911647,1.1563573883161513,0.010327022375215147,198.85491825577992,0.19727891156462585,-0.09090909090909098,6.6938676658904726,1.5121837935795668,0.641571523429167,0.02903225806451613,-0.1,-0.06720211468076454,3.904780136932648,0.06337703873036167,0.4824119228408256,Residential Construction,Consumer Cyclical,CVCO
2015Q4,2015,Q4,2015-06-10,2015-03-28,6000000.0,141200000.0,9836000.0,0.66,31000000.0,0.21954674220963172,502600000.0,320154000.0,265500000.0,101500000.0,182400000.0,75300000.0,81600000.0,664693921.26,635083921.26,36.138670524420135,2.6157635467980294,0.13328690807799443,0.20924305178133024,0.01647238963586369,36.138670524420135,0.01874098090294046,4.707464031586402,27.6955800525,2.076169347439045,0.0,1.4634794156706508,0.0,0.2809391165937127,1.547783251231527,0.01193792280143255,88.23761068100359,0.21954674220963172,-0.10810810810810806,7.077572862960669,1.8746277886570717,0.6217330039083914,-0.025157232704402517,-0.09090909090909091,0.0032639738882088943,1.8367977423323638,0.10893184061755097,0.4863252156717838,Residential Construction,Consumer Cyclical,CVCO
2015Q3,2015,Q3,2015-02-03,2014-12-27,6600000.0,146900000.0,9804000.0,0.74,31800000.0,0.21647379169503064,489600000.0,313770000.0,252200000.0,95900000.0,175800000.0,71800000.0,75700000.0,705052940.4,680447940.4,35.424420733328525,2.629822732012513,0.13806168300653596,0.21542849858176372,0.016249178410520898,35.424420733328525,0.021034515728081078,4.799543501701838,26.706550772727272,2.2470374490869105,0.0,1.6030640668523677,0.0,0.3000408496732026,1.5745568300312827,0.013480392156862746,86.58392980474027,0.21647379169503064,0.21311475409836067,5.710402498836022,1.9692156694028544,0.5794495941939738,0.006329113924050633,0.2,0.05114184625281441,2.0616392795033307,-0.0024911090628860744,0.46698182761178597,Residential Construction,Consumer Cyclical,CVCO
2015Q2,2015,Q2,2014-11-05,2014-09-27,5500000.0,139300000.0,9327000.0,0.61,31600000.0,0.22684852835606603,487300000.0,306196000.0,249500000.0,101000000.0,181100000.0,73600000.0,69100000.0,601197722.6,588547722.6,34.58724073350307,2.4702970297029703,0.13985224707572338,0.22256985721563965,0.015751148163316363,34.58724073350307,0.017962350912487428,4.315848690595836,27.327169209090904,1.9634408111144495,0.0,1.4633152173913044,0.0,0.28586086599630617,1.3663366336633664,0.011286681715575621,99.48663289756743,0.22684852835606603,-0.04687500000000004,25.803262081233214,2.485598742926737,0.5349233805260963,-0.006289308176100629,-0.05172413793103448,-0.019242902208201892,1.540423373114227,-0.16608006731186079,0.4501141439171813,Residential Construction,Consumer Cyclical,CVCO
2015Q1,2015,Q1,2014-08-06,2014-06-28,5800000.0,139200000.0,9510000.0,0.64,31800000.0,0.22844827586206898,474500000.0,296883000.0,234800000.0,98800000.0,177600000.0,73600000.0,63600000.0,742979743.29,738334743.29,33.55308907832445,2.376518218623482,0.14532139093782928,0.2322632148017906,0.01664855525479412,33.55308907832445,0.019536315652967668,5.337498155818965,32.02498893491379,2.5026011704610904,0.0,1.4592391304347827,0.0,0.2933614330874605,1.3279352226720649,0.012223393045310853,419.9998548841153,0.22844827586206898,0.36170212765957455,3.9436135063319693,6.529761183979446,0.48890128084216145,0.11188811188811189,0.38095238095238093,0.30721649484536084,-0.47925802125949885,0.08688664361804418,0.4265980310159104,Residential Construction,Consumer Cyclical,CVCO
2014Q4,2014,Q4,2014-06-11,2014-03-29,4200000.0,131200000.0,7275000.0,0.47,28600000.0,0.21798780487804878,469200000.0,290433000.0,227800000.0,99000000.0,178800000.0,69700000.0,57800000.0,695330397.52,692517397.52,32.84719207079259,2.301010101010101,0.1493755328218244,0.24131899611958696,0.013038858401112921,32.84719207079259,0.01446116660296867,5.299774371341464,41.38871413809524,2.3941163625345605,0.0,1.4720229555236728,0.0,0.2796248934356351,1.2606060606060605,0.008951406649616368,35.647000795652616,0.21798780487804878,-0.28787878787878796,4.0213423953764185,5.554768775832833,0.443753906991733,-0.0949367088607595,-0.288135593220339,-0.23821989528795812,1.0188088934135362,1.6137129686328577,0.4908159068574867,Residential Construction,Consumer Cyclical,CVCO
2014Q3,2014,Q3,2014-02-06,2013-12-28,5900000.0,138300000.0,9550000.0,0.66,31600000.0,0.2284887924801157,456800000.0,285515000.0,215700000.0,90100000.0,171200000.0,67500000.0,53600000.0,614917542.2399999,628270542.2399999,32.30234492521184,2.3940066592674807,0.1594855516637478,0.2551634765248761,0.01849725290598425,32.30234492521184,0.020664413428366286,4.446258439913231,26.05582806101695,2.1537136130851264,0.0,1.5807407407407408,0.0,0.3027583187390543,1.2941176470588236,0.012915936952714535,183.66712731182793,0.2284887924801157,0.32000000000000006,38.43984268921093,3.05270918846951,0.4082115900742838,0.056856187290969896,0.37209302325581395,0.2240451166367598,184.00924481122996,1.6275323407280902,0.443087702142907,Residential Construction,Consumer Cyclical,CVCO
2014Q2,2014,Q2,2013-11-06,2013-09-28,4300000.0,129800000.0,7802000.0,0.5,29900000.0,0.23035439137134053,458600000.0,279288000.0,215900000.0,95700000.0,179300000.0,69300000.0,47700000.0,484453744.56,498215744.56,33.16032942338085,2.256008359456635,0.16454862625381597,0.27019420812924294,0.015427892251217486,33.16032942338085,0.015396293431869611,3.7323092801232667,28.165915381395347,1.73460279195669,0.0,1.4415584415584415,0.0,0.2830353249018753,1.187042842215256,0.009376362843436545,75.76692908351579,0.23035439137134053,0.923076923076923,5.3910543103590465,2.3277690064433623,0.44877999164821225,0.017006802721088437,1.3888888888888888,0.127782596126048,3.9117176113164023,1.1970979049355297,0.4727208249205083,Residential Construction,Consumer Cyclical,CVCO
2014Q1,2014,Q1,2013-08-06,2013-06-29,1800000.0,134000000.0,6918000.0,0.26,29400000.0,0.21940298507462686,450900000.0,179841000.0,205700000.0,92200000.0,271000000.0,65500000.0,43400000.0,351544327.85,370840327.85,25.808917201108525,2.2310195227765726,0.17541805278332223,0.4398107216930511,0.016920718166967254,25.808917201108525,0.010008841143009659,2.6234651332089554,48.825601090277786,1.954750740098198,0.0,1.5969465648854961,0.0,0.29718341095586603,1.2266811279826464,0.003992015968063872,23.061160315533982,0.21940298507462686,0.3,0.9566076751739289,2.499021695403206,0.13248218986868435,0.225,0.2857142857142857,0.3551420176297747,2.2622484520708057,1.6481328229208478,0.1529938825001535,Residential Construction,Consumer Cyclical,CVCO
2013Q4,2013,Q4,2013-06-11,2013-03-30,1400000.0,108800000.0,5105000.0,0.2,24000000.0,0.22058823529411764,444500000.0,176890000.0,194400000.0,87000000.0,267600000.0,68800000.0,41600000.0,331465571.78000003,365934571.78000003,25.38621810649152,2.2344827586206897,0.18508211473565805,0.46508564644694445,0.01407023708004959,25.38621810649152,0.007914523149980214,3.046558564154412,59.190280675,1.8738513866244557,0.0,1.2325581395348837,0.0,0.24476940382452195,1.1218390804597702,0.0031496062992125984,39.44609922408664,0.22058823529411764,-0.04761904761904753,-0.003728863523087354,1.9494831941594255,0.12073133833248044,-0.09774436090225563,-0.06666666666666667,-0.18554562858966178,2.8029697706443035,1.816159859167439,0.13921367748972216,Residential Construction,Consumer Cyclical,CVCO
2013Q3,2013,Q3,2013-02-06,2012-12-29,1500000.0,114600000.0,6268000.0,0.21,26600000.0,0.23211169284467714,436400000.0,175073000.0,175800000.0,80500000.0,261300000.0,62600000.0,40200000.0,338572884.86,380576884.86,25.125452894780878,2.1838509316770187,0.19363886342804768,0.4826786540471689,0.013668100518543193,25.125452894780878,0.008567854552101123,2.95438817504363,56.428814143333334,1.9338954885105073,0.0,1.4057507987220448,0.0,0.2626031164069661,1.119254658385093,0.0034372135655362053,-174.88268846074382,0.23211169284467714,0.16666666666666666,0.01460072910802925,2.315950096705003,0.11642400533814243,0.03473762010347376,0.19617224880382775,0.12148863839685095,2.360845205940869,1.9444755408699412,0.12025505448180875,Residential Construction,Consumer Cyclical,CVCO
2013Q2,2013,Q2,2012-11-07,2012-09-30,1254000.0,110084000.0,5589000.0,0.18,25707000.0,0.23352167435776316,440214000.0,173323000.0,173115000.0,85510000.0,178134000.0,60033000.0,38741000.0,322267872.5,363240872.5,24.874303131163035,2.024500058472693,0.19936440004179784,0.5063551865591988,0.013022797529262324,24.874303131163035,0.007235046704707396,2.927472407434323,64.24798096092503,1.859348571741777,0.0,1.4055103026668665,0.0,0.25006928448436444,1.0225587650567185,0.0028486145374749553,72.38721305031447,0.23352167435776316,0.5,-0.39444942397617094,1.6403173511195857,0.11805072786337918,0.06867595094574933,0.45813953488372094,0.3698529411764706,8.184920557548214,2.4996837170545603,0.10387959954643822,Residential Construction,Consumer Cyclical,CVCO
2013Q1,2013,Q1,2012-08-09,2012-06-30,860000.0,118781000.0,4080000.0,0.12,24055000.0,0.20251555383436745,437723000.0,171621000.0,171224000.0,84158000.0,178816000.0,57840000.0,37487000.0,355046105.28000003,399855105.28000003,24.78755505023632,2.0345540530906154,0.21008263216691836,0.5358202084826449,0.00897041345270244,24.78755505023632,0.0050110417722772855,2.9890816315740736,103.21107711627907,2.0687800751656265,0.0,1.6377247579529737,0.0,0.2713611119360874,1.0351362912616744,0.001964712843510622,39.2489614503648,0.20251555383436745,-0.49737379310344826,-0.5417752106041293,1.9386642925142636,0.12681741538245841,-0.02354373858331642,-0.47973381730187536,0.03343465045592705,1.5577856386314832,7.21116969990444,0.09993516176977424,Residential Construction,Consumer Cyclical,CVCO
2012Q4,2012,Q4,2012-06-12,2012-03-31,1653000.0,99513000.0,3948000.0,0.23874600717884545,24635000.0,0.24755559575130887,437334000.0,168343000.0,169032000.0,85505000.0,182450000.0,62246000.0,36627000.0,322504828.08,377435828.08,24.314107130374097,1.9768668498918192,0.21956902504721793,0.5704127881765205,0.01807569514089913,24.314107130374097,0.009819238103158432,3.240831128395285,48.775684827586204,1.9157602518667243,0.0,1.2029367348905953,0.0,0.2275446226453923,0.9595579205894392,0.0037797198479880365,42.32902324189526,0.24755559575130887,-0.005224970088143928,-0.13126639351651015,1.7207495555282246,0.12695390026805392,-0.0849491122502043,-0.014311270125223614,-0.3818694222639737,2.51856883345065,5.349131684316797,0.06869369804388652,Residential Construction,Consumer Cyclical,CVCO
2012Q3,2012,Q3,2012-02-08,2011-12-31,1677000.0,114564000.0,6387000.0,0.24,26922000.0,0.23499528647742746,428003000.0,166391000.0,162734000.0,79681000.0,176384000.0,62334000.0,34974000.0,276034111.02000004,340409111.02000004,24.14782519221707,2.042318745999674,0.23311051558049828,0.5996237777283627,0.014947698393434244,24.14782519221707,0.010078670120379107,2.4094315057086,41.149986735241505,1.6589485670499007,0.0,1.4060063528732314,0.0,0.2676710209975164,0.9420690001380505,0.003918196835068913,-82.34907846658713,0.23499528647742746,0.0,-0.30846863512189726,1.7697641893733234,0.1293403746777192,-0.046266118747343064,-0.004747774480712166,-0.03810240963855422,13.380013567262738,3.3064013242280215,0.05271760887634195,Residential Construction,Consumer Cyclical,CVCO
2012Q2,2012,Q2,2011-11-09,2011-09-30,1685000.0,130008000.0,6640000.0,0.24,28228000.0,0.21712509999384652,432888000.0,164339000.0,165625000.0,88374000.0,184745000.0,63848000.0,33297000.0,237295801.67999998,302742801.67999995,23.85139189117406,1.8741371896711703,0.23254513869638335,0.6125508856692569,0.015962652657965024,23.85139189117406,0.010253196137252873,1.8252399981539595,35.20709223738872,1.4439408885291987,0.0,1.5940984838992607,0.0,0.30032710539446694,0.841005273044108,0.003892461791502652,42.65608514830127,0.21712509999384652,-0.808,-0.5165969440797762,1.7862901696843712,0.13811221256997736,0.7467821782178218,-0.8042518587360595,9.0,2.0613323842507594,3.0743195265040884,0.042071051336688,Residential Construction,Consumer Cyclical,CVCO
2012Q1,2012,Q1,2011-08-09,2011-06-30,8608000.0,98981000.0,-830000.0,1.25,16160000.0,0.16326365666137946,428526000.0,160835000.0,159129000.0,88396000.0,186848000.0,59030000.0,29998000.0,307724580.0,278969580.0,23.51965189131138,1.8001832662111408,0.011159182873384578,0.029732334379954612,-0.005193001087350596,23.51965189131138,0.05352068890477819,3.1089257534274255,8.937168331784386,1.9132936239002705,0.0,1.4030323564289344,0.0,0.2309801505626263,0.7923322322277027,0.020087462604369395,73.74181164629763,0.16326365666137946,4.31255748912368,0.8460145940864798,0.70207196177586,0.15155359512938538,2.0404515522107243,4.349906774394033,-26.666666666666668,8.534606115991101,1.6336795084065374,0.03203038977851516,Residential Construction,Consumer Cyclical,CVCO
2011Q4,2011,Q4,2011-06-03,2011-03-31,1609000.0,38822000.0,-30000.0,0.23529157144352913,5315000.0,0.1369069084539694,269442000.0,150669000.0,146831000.0,65740000.0,82954000.0,16036000.0,21390000.0,308818711.84,268305711.83999997,22.033030315615346,2.2335108001216915,0.13360945954973613,0.23893435278657188,-0.00026754502950351655,22.033030315615346,0.010679038156488727,7.954734733913759,47.98301924176507,2.049649973385368,0.0,2.0894861561486655,0.0,0.14408295662888487,1.8731974444782475,0.005971600567097928,63.03709161869769,0.1369069084539694,66.07576433689503,-0.6463738457344321,-0.297637712500776,0.1166114691480119,-0.005240501590866554,66.04166666666667,-1.4411764705882353,0.16670526535999253,0.0723845217144967,-0.027302631311380065,Residential Construction,Consumer Cyclical,CVCO
2011Q3,2011,Q3,2011-02-09,2010-12-31,24000.0,39612000.0,68000.0,0.003507847786299574,5343000.0,0.13488336867615874,245295000.0,148898000.0,120979000.0,42290000.0,60702000.0,16804000.0,19781000.0,310578518.32,275416518.32,22.384186960532343,2.860699929061244,0.057074135224933244,0.09402409703286814,0.00020908004968980343,22.384186960532343,0.00016118416634205965,7.840515962839543,3235.1928991666664,2.085847481631721,0.0,2.0393358724113306,0.0,0.16148718889500396,2.1786474343816504,9.784137467131413e-05,238.90655255384615,0.13488336867615874,-0.9649215221370042,-0.9939424024579486,-0.16741623255361976,0.17829614838893953,-0.2557459256163811,-0.9647058823529412,-0.9597633136094674,-0.9829951467693789,0.20062635936558346,-0.005381364970086777,Residential Construction,Consumer Cyclical,CVCO
2011Q2,2011,Q2,2010-11-05,2010-09-30,680000.0,45888000.0,1690000.0,0.1,7179000.0,0.15644612970711297,233865000.0,147301000.0,106635000.0,31578000.0,51135000.0,15827000.0,19757000.0,234921460.40999997,163935460.40999997,22.516371645094864,3.376876306289189,0.0,0.0,0.007032849795798815,22.516371645094864,0.004616397716240894,5.119453024973849,86.36818397426471,1.594839549018676,0.0,2.4457572502685285,0.0,0.1962157655057405,2.5190322376337955,0.002907660402368888,-50.39070364864864,0.15644612970711297,0.25000000000000006,-0.813733713541262,-0.061230592314807944,0.21829383093099977,0.11457848160223567,0.3127413127413127,0.4024896265560166,-0.650248338845782,0.17227376508193495,0.01206637122234011,Residential Construction,Consumer Cyclical,CVCO
2011Q1,2011,Q1,2010-08-06,2010-06-30,518000.0,47505000.0,1205000.0,0.08,6441000.0,0.13558572781812442,236258000.0,146432000.0,112769000.0,35229000.0,54916000.0,15829000.0,19077000.0,230138378.02,154503378.02,22.384262044083385,3.2010275625195153,0.0,0.0,0.005050335213072127,22.384262044083385,0.003537478146853147,4.844508536364593,111.07064576254827,1.5716399285675262,0.0,2.59422578811043,0.0,0.20107255627322673,2.4131823213829517,0.0021925183485850216,356.8036868527132,0.13558572781812442,1.7178863100137174,-0.8594111303279441,-0.004540685346830436,0.2578169168072957,1.0178571428571428,1.710562414266118,1.7714468629961588,-0.7078852999717025,0.24390107968328395,0.017566123429234044,Residential Construction,Consumer Cyclical,CVCO
2010Q4,2010,Q4,2010-05-21,2010-03-31,-729000.0,36271000.0,-1562000.0,-0.11143825823683885,3192000.0,0.08800419067574647,232342000.0,145776000.0,112912000.0,32294000.0,51988000.0,15751000.0,18559000.0,223334969.46,148346969.46,22.283982898125405,3.496377035981916,0.0,0.0,-0.007059514150522925,22.283982898125405,-0.005000823180770497,6.157397630613989,-76.58949569958848,1.5320421019920976,0.0,2.100120627261761,0.0,0.15611038899553245,2.6139840217997152,-0.003137616100403715,-71.65061580365736,0.08800419067574647,0.3035108860197572,-1.1738970515438598,-0.20831508050522518,0.29385977075919284,-0.021759117376647256,0.2922330097087379,0.07628622117090479,-1.4054943624912926,0.04957094771591158,0.0328580566784172,Residential Construction,Consumer Cyclical,CVCO
2010Q3,2010,Q3,2010-02-09,2009-12-31,-1030000.0,36369000.0,-1691000.0,-0.16,3263000.0,0.0897192664082048,229364000.0,146035000.0,113717000.0,28248000.0,48526000.0,15245000.0,19288000.0,233881729.28,156640729.28,22.428332542898495,4.025665533843104,0.0,0.0,-0.00825183512114084,22.428332542898495,-0.007053103708015202,6.430799012345679,-56.767410019417476,1.601545720409491,0.0,2.17159724499836,0.0,0.1585645524145027,2.949660152931181,-0.004490678572051412,-32.286268536720044,0.0897192664082048,-4.333333333333334,-1.8807526738634357,0.8097092464692676,1.7067440885931804,-0.21335583413693346,-5.319018404907975,-3.3027989821882953,-1.449477425812875,-0.06949689334801204,0.048923506600386,Residential Construction,Consumer Cyclical,CVCO
2010Q2,2010,Q2,2009-11-06,2009-09-30,-163000.0,29377000.0,-393000.0,-0.03,4148000.0,0.1411988970963679,235141000.0,146638000.0,124735000.0,34695000.0,53562000.0,17222000.0,20318000.0,231017918.5,148795918.5,22.53352914700424,3.595186626315031,0.0,0.0,-0.0016345477515160682,22.53352914700424,-0.0011115808999031629,7.8639043639581985,-354.32196088957056,1.5754300965643284,0.0,1.4649285797236093,0.0,0.12493355050799308,2.763135898544459,-0.000693201100616226,70.02665004546833,0.1411988970963679,0.8636363636363636,-1.0739179289825669,-0.26519489918544586,0.3907050399685954,43.12765957446808,0.8875086266390614,0.8345263157894737,-1.04951156899736,-0.33338772414124296,0.07522801317087786,Residential Construction,Consumer Cyclical,CVCO
2010Q1,2010,Q1,2009-08-07,2009-06-30,-1449000.0,13595000.0,-2375000.0,-0.22,94000.0,0.006914306730415594,175517000.0,146636000.0,95586000.0,13690000.0,28881000.0,8726000.0,20481000.0,164819726.34,97886726.34,22.53546928198352,6.98217677136596,0.0,0.0,-0.009995241726166098,22.53546928198352,-0.00988161160970021,12.123554714233174,-28.43680578674948,1.124005880820535,0.0,1.5472152188860875,0.0,0.07745688451830877,5.728049671292915,-0.008255610567637323,-57.229071645833336,0.006914306730415594,-0.39933290322580633,-1.8203965296191196,-0.6343830322412147,0.42141642415662733,-0.5895196506550219,-0.41642228739002934,-0.26397019691325174,-1.3265704857110496,-0.7543136845207022,0.1033666990276623,Residential Construction,Consumer Cyclical,CVCO
2009Q4,2009,Q4,2009-05-21,2009-03-31,-1023000.0,14730000.0,-1879000.0,-0.15721777104850884,229000.0,0.015546503733876442,178631000.0,148040000.0,98426000.0,14492000.0,30591000.0,9333000.0,21930000.0,153562792.8,83005792.80000001,22.751240299141003,6.791747170852885,0.0,0.0,-0.007037638695760099,22.751240299141003,-0.006910294514995947,10.425172627291243,-37.5275642228739,1.0373060848419347,0.0,1.5537340619307833,0.0,0.0824604911801423,5.606886558101022,-0.005726889509659577,175.29999178082193,0.015546503733876442,-8.860888552425441,-1.6362291591543687,-0.5936368034035346,0.4609621619517118,-0.9136826234451564,-10.3,-8.12135922330097,-1.2362868989186553,-0.7199331536630577,0.15300961744507044,Residential Construction,Consumer Cyclical,CVCO
2009Q3,2009,Q3,2009-02-06,2008-12-31,110000.0,25093000.0,-206000.0,0.02,2653000.0,0.10572669668831945,179943000.0,149086000.0,99620000.0,15042000.0,30857000.0,10659000.0,22953000.0,174767844.18,100626844.18,22.938559200118412,6.622789522669858,0.0,0.0,0.0027635056276243243,22.938559200118412,0.00073782917242397,6.96480469373929,397.19964586363636,1.1722619439786433,0.0,2.1052631578947367,0.0,0.13944971463185565,5.440566414040686,0.0006113046909299055,-86.34774910079052,0.10572669668831945,-0.75,-0.9437362874071549,-0.2745011608168055,0.49406547150867003,-0.28316671169954066,-0.7876447876447876,-1.370503597122302,-0.9715842794948097,-0.460202873289126,0.2074781184926453,Residential Construction,Consumer Cyclical,CVCO
2009Q2,2009,Q2,2008-11-06,2008-09-30,518000.0,30030000.0,556000.0,0.08,3701000.0,0.12324342324342324,182120000.0,148417000.0,101692000.0,18061000.0,33703000.0,12489000.0,22843000.0,234409686.29999998,158708686.29999998,22.888450706484306,5.63047450307292,0.0,0.0,0.0023074107238917896,22.888450706484306,0.0034901662208507113,7.805850359640359,113.13208798262548,1.5793991678850805,0.0,2.10817519417087,0.0,0.16489128047441248,4.623941088533304,0.0028442784976938284,138.45817265209686,0.12324342324342324,-0.38461538461538464,-0.5562997846921592,-0.05438906136817472,0.5216064843113709,-0.11628462273161413,-0.39273153575615477,-0.48850045998160074,-0.8568487521517415,-0.3801948708431761,0.23842592113870892,Residential Construction,Consumer Cyclical,CVCO
2009Q1,2009,Q1,2008-08-06,2008-06-30,853000.0,35509000.0,1087000.0,0.13,4188000.0,0.1179419302148751,182264000.0,147244000.0,102364000.0,19900000.0,35020000.0,13398000.0,22325000.0,211468268.15999997,138063268.15999997,22.789689261339436,5.1439195979899495,0.0,0.0,0.0045598157022256145,22.789689261339436,0.005793105321778816,5.955342819003632,61.97780426729191,1.436175790932058,0.0,2.33773697566801,0.0,0.19482179695386911,4.156482412060302,0.004680024579730501,-1031.552527609756,0.1179419302148751,-0.35538836531082113,-0.13342691614413577,0.1513376890376001,0.5076169695053588,-0.1275,-0.34535686876438987,-0.23826208829712683,-0.7655964308607351,-0.24661556443662438,0.28059869140386134,Residential Construction,Consumer Cyclical,CVCO
2008Q4,2008,Q4,2008-05-30,2008-03-31,1303000.0,34204000.0,1427000.0,0.2016718175784771,4800000.0,0.14033446380540288,181250000.0,146351000.0,101198000.0,20152000.0,34899000.0,11293000.0,21472000.0,226393159.68,152783159.68,22.651475191425714,5.0217348154029375,0.0,0.0,0.006707994840512925,22.651475191425714,0.00890325313800384,6.618908890188282,43.43690707597851,1.5469191169175474,0.0,2.6037368281236164,0.0,0.18871172413793103,4.15358277094085,0.007188965517241379,58.864576099843994,0.14033446380540288,0.008359087892385458,1.1838772454391997,0.17222600757636855,0.5215508795973937,0.046207497820401046,-0.04542124542124542,0.12806324110671938,-0.6852953822927305,-0.24410103580034817,0.3151972263001997,Residential Construction,Consumer Cyclical,CVCO
2008Q3,2008,Q3,2008-02-07,2007-12-31,1365000.0,31909000.0,1265000.0,0.2,4588000.0,0.143783885424175,178528000.0,144786000.0,98350000.0,19442000.0,33742000.0,13349000.0,20169000.0,217706898.96,148115898.96,22.50529617299915,5.058635942804238,0.0,0.0,0.006122201991746453,22.50529617299915,0.009427707098752642,6.8227427672443515,39.87305841758242,1.5036460635696822,0.0,2.046670162558993,0.0,0.17873386807671626,4.0370332270342555,0.007645859473023839,-104.31571584091998,0.143783885424175,-0.3103448275862068,0.31547471103623137,0.11822797347865739,0.0,-0.17303532804614274,-0.28496595075956,-0.3652784746613146,0.18131992168028666,0.6069737049450485,1.716032378322841,Residential Construction,Consumer Cyclical,CVCO
2008Q2,2008,Q2,2007-11-08,2007-09-30,1909000.0,38435000.0,1993000.0,0.29,5548000.0,0.14434759984389228,178122000.0,142907000.0,97860000.0,21413000.0,35215000.0,11689000.0,18804000.0,219037496.70000002,212397496.70000002,22.247919983647257,4.570120954560314,0.0,0.0,0.009820423280906463,22.247919983647257,0.01335833794005892,5.6989071601404975,28.684847655840755,1.5327275549833108,0.0,2.8134998716742237,0.0,0.2157790727703484,3.733993368514454,0.01071737348558853,81.8831763364486,0.14434759984389228,0.11538461538461527,1.3032630604383637,0.3108954345393645,0.0,0.019852941176470587,0.10028818443804034,0.06806002143622722,-0.12295608567411627,-0.026031683108514076,0.3730780584003497,Residential Construction,Consumer Cyclical,CVCO
2008Q1,2008,Q1,2007-08-01,2007-06-30,1735000.0,37366000.0,1866000.0,0.26,5440000.0,0.14558689717925385,177512000.0,140798000.0,97278000.0,23354000.0,36714000.0,13303000.0,16895000.0,240148110.72000003,225991110.72000003,21.997845180466136,4.165367817076304,0.0,0.0,0.00906346298646843,21.997845180466136,0.012322618219008792,6.4269151292618965,34.60347416714698,1.7056216048523418,0.0,2.399909794783132,0.0,0.21049844517553742,3.3244840284319603,0.009773987110730542,62.00570893880713,0.14558689717925385,-0.053928732234224015,2.36128099271686,0.3814992803513011,0.0,0.023518344308560677,-0.013644115974985787,-0.0220125786163522,-0.0013517103516686262,0.021601199932674734,0.38750598198402053,Residential Construction,Consumer Cyclical,CVCO
2007Q4,2007,Q4,2007-05-22,2007-03-31,1759000.0,33812000.0,1908000.0,0.2748207337635473,5315000.0,0.15719271264639773,172137000.0,138092000.0,91989000.0,21285000.0,34045000.0,13464000.0,15160000.0,223698733.20000002,210722733.20000002,21.575068088047626,4.321775898520085,0.0,0.0,0.009671263178250608,21.575068088047626,0.012737884888335313,6.615956855554241,31.793452700397953,1.6199253628016106,0.0,2.1165329768270946,0.0,0.19642494059963866,3.381865163260512,0.010218604948384136,54.520773385327814,0.15719271264639773,-0.19170372422486087,1.2505718454902932,0.16973685596688406,0.4492461770952902,-0.15875276986388098,-0.21438142027690935,-0.2526439482961222,0.11214504056681655,-0.051712260098131194,0.3854347149311033,Residential Construction,Consumer Cyclical,CVCO
2007Q3,2007,Q3,2007-02-06,2006-12-31,2239000.0,38189000.0,2553000.0,0.34,6318000.0,0.16544031003692164,170921000.0,136031000.0,90939000.0,22600000.0,34890000.0,13039000.0,13401000.0,,,,,,,,,,,,,,,,,,,,,,,,,,,,,,,Residential Construction,Consumer Cyclical,CVCO
2007Q2,2007,Q2,2006-11-03,2006-09-30,3217000.0,43063000.0,4331000.0,0.49,8049000.0,0.18691219840698511,170579000.0,133265000.0,90547000.0,25404000.0,37314000.0,14015000.0,11162000.0,,,,,,,,,,,,,,,,,,,,,,,,,,,,,,,Residential Construction,Consumer Cyclical,CVCO
2007Q1,2007,Q1,2006-08-09,2006-06-30,4334000.0,54050000.0,6198000.0,0.65,10619000.0,0.19646623496762258,173579000.0,129813000.0,93621000.0,32316000.0,43766000.0,14570000.0,7945000.0,,,,,,,,,,,,,,,,,,,,,,,,,,,,,,,Residential Construction,Consumer Cyclical,CVCO
