Quarters,Year,Quarter,FillingDate,Date,NetIncome,Revenue,OperatingIncome,EPSDiluted,GrossProfit,GrossProfitRatio,TotalAssets,CommonStockEquity,CurrentAssets,CurrentLiability,TotalLiability,Inventory,RetainedEarnings,MarketCap,EnterpriseValue,bookValuePerShare,currentRatio,debtToAssets,debtToEquity,roic,shareholdersEquityPerShare,roe,priceToSalesRatio,peRatio,pbRatio,payoutRatio,inventoryTurnover,dividendYield,assetTurnover,quickRatio,returnOnAssets,priceToFreeCashFlowsRatio,grossProfitMargin,epsdilutedGrowth,fiveYNetIncomeGrowthPerShare,fiveYRevenueGrowthPerShare,fiveYShareholdersEquityGrowthPerShare,grossProfitGrowth,netIncomeGrowth,operatingIncomeGrowth,threeYNetIncomeGrowthPerShare,threeYRevenueGrowthPerShare,threeYShareholdersEquityGrowthPerShare,Industry,Sector,Symbol
2023Q1,2023,Q1,2023-05-11,2023-03-31,11718000.0,0.0,11718000.0,0.46,0.0,0.0,1249739000.0,218038000.0,60254000.0,0.0,3519000.0,0.0,7047000.0,605873580.0,578524580.0,8.860091836320045,0.0,0.0,0.0,0.05374292554508847,8.860091836320045,0.05374292554508847,0.0,12.92613031233999,2.7787522358487973,0.0,0.0,0.0,0.0,0.0,0.009376357783505197,-5.199560433902029,0.0,2.3142857142857145,0.0,0.0,0.0,-1.0,2.4870558375634517,2.7539290525370452,0.0,0.0,0.0,,,NEWTZ
2022Q4,2022,Q4,2023-03-16,2022-12-31,-7880000.0,43063000.0,-6681000.0,-0.35,43063000.0,1.0,998902000.0,375358000.0,72863000.0,387457000.0,623544000.0,0.0,-3292000.0,565999850.0,928824850.0,16.466681289756526,0.18805441636104137,0.416974838372533,1.1096526516019374,-0.009851871855652575,16.466681289756526,-0.020993291737487946,13.143530408935746,-17.956848032994923,1.5078933977695959,0.0,0.0,0.0,0.04311033514799249,0.18805441636104137,-0.007888661750602162,8.682843708771822,1.0,-39.88888888888889,-3.6398659966499163,6.095567638820234,8.389348875603472,1.884133681602036,-39.4390243902439,-33.59024390243903,-3.6398659966499163,6.095567638820234,8.389348875603472,,,NEWTZ
2022Q3,2022,Q3,2022-11-08,2022-09-30,205000.0,14931000.0,205000.0,0.009,14931000.0,1.0,33970000.0,7624000.0,0.0,0.0,26346000.0,0.0,1135000.0,552094900.0,552094900.0,0.33445931125246764,0.0,0.0,0.0,0.026888772298006295,0.33445931125246764,0.026888772298006295,36.976418190342244,673.2864634146341,72.41538562434417,0.0,0.0,0.0,0.43953488372093025,0.0,0.006034736532234324,-4.32662690824739,1.0,1.0910010111223458,0.0,0.0,0.0,0.09988950276243094,1.0909494232475598,1.0909494232475598,0.0,0.0,0.0,,,NEWTZ
2022Q2,2022,Q2,2022-08-08,2022-06-30,-2254000.0,13575000.0,-2254000.0,-0.0989,13575000.0,1.0,32165000.0,4858000.0,0.0,0.0,27307000.0,0.0,930000.0,573294250.0,573294250.0,0.2131169116034218,0.0,0.0,0.0,-0.46397694524495675,0.2131169116034218,-0.46397694524495675,42.23162062615101,-63.58631876663709,118.01034376286538,0.0,0.0,0.0,0.42204259288046014,0.0,-0.07007616974972797,-8.79393560559578,1.0,0.0,0.0,0.0,0.0,0.0,0.0,0.0,0.0,0.0,0.0,,,NEWTZ
2021Q4,2021,Q4,2022-03-01,2021-12-31,5266000.0,10740000.0,4195000.0,0.23,10740000.0,1.0,79751000.0,36155000.0,72441000.0,59056000.0,43596000.0,0.0,3184000.0,587427150.0,635030150.0,1.5860934415441983,1.2266492820373882,0.7405048212561598,1.6334116996266077,0.05704945776522646,1.5860934415441983,0.14565067072327478,54.69526536312849,27.887730250664642,16.24746646383626,0.0,0.0,0.0,0.1346691577535078,0.040588593876998105,0.06603051999347971,-4.413891393535008,1.0,0.0,0.7641541038525962,0.7696490360850223,-0.09560497285939419,0.0,0.0,0.0,0.7641541038525962,0.7696490360850223,-0.09560497285939419,,,NEWTZ
2021Q2,2021,Q2,2021-08-13,2021-06-30,0.0,35816000.0,0.0,0.77,35816000.0,1.0,26707000.0,8187000.0,18798000.0,45000000.0,31033000.0,0.0,0.0,0.0,26202000.0,0.0,0.41773333333333335,1.6849515108398547,5.496518871381459,,0.0,0.0,0.0,0.0,0.0,0.0,0.0,,1.3410716291608942,0.41773333333333335,0.0,0.0,1.0,0.0,0.0,0.0,0.0,0.0,0.0,0.0,0.0,0.0,0.0,,,NEWTZ
2020Q4,2020,Q4,2021-03-29,2020-12-31,2985000.0,6069000.0,3032000.0,0.13,6069000.0,1.0,9006000.0,39977000.0,2073000.0,113947000.0,47534000.0,0.0,0.0,581956350.0,666222350.0,1.7537617898661988,0.018192668521330092,9.586831001554518,2.1597168371813793,0.024003293327844455,1.7537617898661988,0.0746679340620857,95.88999011369253,48.74006281407035,14.55727918553168,0.0,0.0,0.0,0.6738840772818121,0.018192668521330092,0.33144570286475683,32.78073283388723,1.0,7.5,0.0,0.0,0.0,-0.4972247535415458,0.0,0.0,0.0,0.0,0.0,,,NEWTZ
2020Q3,2020,Q3,2020-11-12,2020-09-30,0.0,12071000.0,0.0,-0.02,12071000.0,1.0,45841000.0,6148000.0,5966000.0,46389000.0,39693000.0,0.0,0.0,0.0,19217000.0,0.0,0.12860807519023906,0.5493553805545254,4.096128822381262,,0.0,0.0,0.0,0.0,0.0,0.0,0.0,,0.26332322593311663,0.12860807519023906,0.0,0.0,1.0,0.0,0.0,0.0,0.0,0.0,0.0,0.0,0.0,0.0,0.0,,,NEWTZ
2021Q3,2021,Q3,2021-11-12,2021-09-30,,,,,,,40531000.0,10923000.0,0.0,114986000.0,29608000.0,0.0,0.0,0.0,-67927000.0,0.0,0.0,2.8369889714046037,10.526961457475053,,0.0,,0.0,0.0,0.0,0.0,0.0,,,1.5907414815716696,,0.0,0.0,0.0,0.0,0.0,0.0,0.0,0.0,0.0,0.0,0.0,0.0,,,NEWTZ
