Quarters,Year,Quarter,FillingDate,Date,NetIncome,Revenue,OperatingIncome,EPSDiluted,GrossProfit,GrossProfitRatio,TotalAssets,CommonStockEquity,CurrentAssets,CurrentLiability,TotalLiability,Inventory,RetainedEarnings,MarketCap,EnterpriseValue,bookValuePerShare,currentRatio,debtToAssets,debtToEquity,roic,shareholdersEquityPerShare,roe,priceToSalesRatio,peRatio,pbRatio,payoutRatio,inventoryTurnover,dividendYield,assetTurnover,quickRatio,returnOnAssets,priceToFreeCashFlowsRatio,grossProfitMargin,epsdilutedGrowth,fiveYNetIncomeGrowthPerShare,fiveYRevenueGrowthPerShare,fiveYShareholdersEquityGrowthPerShare,grossProfitGrowth,netIncomeGrowth,operatingIncomeGrowth,threeYNetIncomeGrowthPerShare,threeYRevenueGrowthPerShare,threeYShareholdersEquityGrowthPerShare,Industry,Sector,Symbol
2023Q1,2023,Q1,2023-04-10,2023-03-31,6456000.0,55461000.0,6944000.0,0.03,16025000.0,0.2889417789,401945000.0,323375000.0,138862000.0,46049000.0,78570000.0,23305000.0,-341627000.0,738266099.84,690650099.84,1.6995159337153942,3.015526938695737,0.03491522471979997,0.043398531117124085,0.01053000358536217,1.6995159337153942,0.019964437572477775,13.311445878004363,28.588371276332094,2.2830030145805953,0.0,1.6921690624329544,0.0,0.13798156464192862,2.0250819778931137,0.016061899016034532,-34.959091762477506,0.2889417789077009,-0.28741092636579574,0.8605016870366968,-0.07859836702484192,0.4512685146222336,-0.2599861463865158,-0.18904660218565505,-0.4873385012919897,1.30212252332521,0.885101644448759,1.210764548868921,Other Precious Metals & Mining,Basic Materials,EXK
2022Q4,2022,Q4,2022-12-31,2022-12-31,7961000.0,81989000.0,13545000.0,0.0421,21655000.0,0.2641207967,399437000.0,315894000.0,146333000.0,52749000.0,83543000.0,19184000.0,-348087000.0,613142029.08,545334029.08,1.669265050278357,2.774137898348784,0.039012409967028594,0.04932983849012643,0.024647099385288477,1.669265050278357,0.025201491639600625,7.478345010672164,19.25455436126115,1.9409739630382343,0.0,3.145016680567139,0.0,0.20526140542814011,2.0891012151889137,0.019930552252295106,38.29026597639418,0.2641207966922392,6.329113924050633,1.008929311110077,0.32614335608740397,0.4521081556880695,3.2220705790602455,6.310873915943962,11.435285053929121,1.3237657743258546,0.7242393071101376,0.8724546946522904,Other Precious Metals & Mining,Basic Materials,EXK
2022Q3,2022,Q3,2022-09-12,2022-09-30,-1499000.0,39649000.0,-1298000.0,-0.0079,5129000.0,0.1293601352,372704000.0,307286000.0,139925000.0,38307000.0,65418000.0,36528000.0,-356090000.0,571508928.34,517173928.34000003,1.6237781668529165,3.652726655702613,0.039865415986949426,0.04835234927722057,0.0034623122969383593,1.6237781668529165,-0.004878191652076567,14.414207882670434,-95.31503141094063,1.8598599621850653,0.0,0.9450284713096803,0.0,0.10638200824246587,2.4023807659174565,-0.004021958444234567,-12.568370169334976,0.12936013518625944,0.8777089783281733,-2.0136497080771067,-0.32873928610649494,0.44561125822270625,0.14691413237924866,0.8742766082361821,-0.5288574793875147,0.8387926518068133,0.009431434477297662,0.6423895938583987,Other Precious Metals & Mining,Basic Materials,EXK
2022Q2,2022,Q2,2022-06-30,2022-06-30,-11923000.0,30782000.0,-849000.0,-0.0646,4472000.0,0.1452797089,343510000.0,282509000.0,186454000.0,36733000.0,61001000.0,35664000.0,-354591000.0,568260272.26,465536272.26,1.5610421901781812,5.075926278822857,0.03930598818083898,0.04779316765129606,-0.003853671310829337,1.5610421901781812,-0.04220396518341009,18.46079761743876,-11.915211613268474,2.011476704317385,0.0,0.7377187079407806,0.0,0.08961020057640244,3.7901614352217354,-0.034709324328258274,-16.71402900850025,0.14527970892079786,-1.9656203288490284,-522.7960339380398,-0.33702591314323516,0.4029446461325581,-0.7793675070304406,-2.022380380723718,-1.0675632659557537,0.1398879229343741,-0.23494225141194197,0.5627436629031514,Other Precious Metals & Mining,Basic Materials,EXK
2022Q1,2022,Q1,2022-03-31,2022-03-31,11662000.0,57740000.0,12566000.0,0.0669,20269000.0,0.351039141,355331000.0,292033000.0,209011000.0,40658000.0,63298000.0,25011000.0,-342668000.0,797741073.0000001,660030073.0000001,1.7022483810357851,5.1407103153130995,0.037438332146646366,0.045553071057038076,0.0253112377252351,1.7022483810357851,0.0399338430930751,13.816090630412194,17.101292081118164,2.7316812586248815,0.0,1.498180800447803,0.0,0.1624963766178577,4.389246888681194,0.032820102946267,91.31651476648354,0.3510391409767925,24.892857142857142,0.4315873055131504,0.17383909404166073,0.547767997835945,0.6584028800523646,25.76008492569002,2.080657023780338,1.6726866720231353,0.517452039009592,0.6693156909754455,Other Precious Metals & Mining,Basic Materials,EXK
2021Q4,2021,Q4,2021-12-31,2021-12-31,-471000.0,48517000.0,4079000.0,-0.0028,12222000.0,0.2519117011,294024000.0,237407000.0,161762000.0,40554000.0,56617000.0,27485000.0,-354330000.0,719224415.7199999,627416415.7199999,1.3929693126408424,3.9888050500567145,0.03909544799064022,0.04841895984532891,-0.001391208627166668,1.3929693126408424,-0.001983934761822524,14.82417329430921,-381.7539361571125,3.0294996176186886,0.0,1.3205384755321083,0.0,0.16501033929203057,3.1844454307836463,-0.001601910048159334,258.1566459870782,0.25191170105323907,0.8914728682170543,0.9334719120602378,0.2447746493370984,0.3095388666024103,0.47662196447988403,0.8948425987943738,0.3426596445029625,0.902769299197897,0.08376636357912298,0.23927356412605746,Other Precious Metals & Mining,Basic Materials,EXK
2021Q3,2021,Q3,2021-09-30,2021-09-30,-4479000.0,34562000.0,3038000.0,-0.0258,8277000.0,0.2394826688,282613000.0,237024000.0,161098000.0,32427000.0,45589000.0,30504000.0,-353876000.0,697068213.34,603972213.34,1.3907220863722767,4.968020476763191,0.028236493013414105,0.03366747671121912,0.06886941392922866,1.3907220863722767,-0.01889682057513163,20.16863067357213,-38.90758056150926,2.9409182755332792,0.0,0.8616902701285077,0.0,0.12229444505383687,3.8696148271502144,-0.015848527845498967,-29.629695372779054,0.23948266882703548,-1.6449999999999998,-1.5893883586015929,-0.39606656898139836,0.3108297362275531,-0.18892699657030868,-1.6729266826923077,2.6514423076923075,0.3791203108012799,-0.30495524326259615,0.23260879970563966,Other Precious Metals & Mining,Basic Materials,EXK
2021Q2,2021,Q2,2021-06-30,2021-06-30,6656000.0,47775000.0,832000.0,0.04,10205000.0,0.2136054422,286874000.0,240134000.0,182653000.0,35820000.0,46740000.0,23929000.0,-349397000.0,1030508580.6,914226580.6,1.4261114440641853,5.099190396426577,0.031055445944909613,0.037100119100169075,0.002482213601430862,1.4261114440641853,0.027717857529546003,21.57003831711146,38.706001374699525,4.291389726569332,0.0,1.570061431735551,0.0,0.16653652823190668,4.227889447236181,0.023201823797207137,790.8738147352265,0.21360544217687075,-0.4285714285714286,1.6345484937843775,-0.2781792474126583,0.5031776139123708,0.8017302259887006,-0.456608702751245,1.3314741035856574,1.8971860842306087,-0.061238154015842025,0.24715861611240209,Other Precious Metals & Mining,Basic Materials,EXK
2021Q1,2021,Q1,2021-03-31,2021-03-31,12249000.0,34466000.0,-2510000.0,0.07,5664000.0,0.1643358672,253384000.0,205618000.0,149172000.0,36094000.0,47766000.0,21774000.0,-356053000.0,791967376.32,715741376.32,1.2877617317255707,4.132875270127999,0.03853045180437597,0.04748125164139326,-0.008851991163437132,1.2877617317255707,0.05957163283370133,22.97822132884582,16.163919020328187,3.851644196130689,0.0,1.3227702764765317,0.0,0.1360227954409118,2.955809829888624,0.048341647459981686,-70.75559513267221,0.1643358672314745,-0.4615384615384615,3.3892025496444673,-0.45623327207546965,1.1738931187916388,-0.7278754684347074,-0.3851829543743412,-1.2086623992019287,3.2065181458256355,-0.3176491279125124,0.0996590373254445,Other Precious Metals & Mining,Basic Materials,EXK
2020Q4,2020,Q4,2020-12-31,2020-12-31,19923000.0,60747000.0,12029000.0,0.13,20814000.0,0.3426342042,210592000.0,159071000.0,104970000.0,34553000.0,51521000.0,16640000.0,-368302000.0,787577011.2,737260011.2,1.0179548521590978,3.0379417127311665,0.05112254976447348,0.06768046972735445,0.09506711126386348,1.0179548521590978,0.12524595935148455,12.964870877574201,9.882761270892939,4.951103665658731,0.0,2.3998197115384614,0.0,0.28845825102568,2.4902613376551965,0.09460473332320316,39.26889764658955,0.34263420415823004,43.82758620689655,1.0954274848014351,-0.05592187837564586,1.0404497529454142,2.308536003814974,43.175166297117514,29.608142493638677,5.088430438034508,0.1899077730647048,-0.11447223872807016,Other Precious Metals & Mining,Basic Materials,EXK
2020Q3,2020,Q3,2020-09-30,2020-09-30,451000.0,35586000.0,393000.0,0.0029,6291000.0,0.1767830046,182617000.0,137210000.0,81937000.0,28104000.0,45407000.0,17571000.0,-388225000.0,548491132.8,515365132.79999995,0.8780581329390637,2.9154924565898095,0.06456682565150014,0.08593396982727207,0.0007371727806178247,0.8780581329390637,0.0032869324393265797,15.413115629742032,304.0416478935698,3.997457421470738,0.0,1.6672357862386888,0.0,0.19486685248361324,2.2223171078849986,0.0024696495945065356,78.23293863928112,0.17678300455235205,1.1306306306306306,1.0209047052464366,-0.45660647754832345,-0.5177220823909227,1.0189345314505778,1.137123745819398,1.0854905373069392,-0.6306684652357127,-0.27038836893121615,-0.2182856326915391,Other Precious Metals & Mining,Basic Materials,EXK
2020Q2,2020,Q2,2020-06-30,2020-06-30,-3289000.0,20201000.0,-4597000.0,-0.0222,3116000.0,0.1542497896,167160000.0,128326000.0,65702000.0,21123000.0,38834000.0,13823000.0,-388676000.0,337126256.03999996,318740256.03999996,0.8678744973375346,3.110448326468778,0.07245752572385739,0.09438461418574567,-0.02960855443877899,0.8678744973375346,-0.02563003600205726,16.688592447898618,-25.62528550015202,2.6271079597275686,0.0,1.235983505751284,0.0,0.12084828906436947,2.3621171235146523,-0.019675759751136637,-58.316252558380896,0.15424978961437552,0.7981818181818182,-1.3288901070318373,-0.708038481301121,-0.5459281119726308,2.0796950796950795,0.7934823558960191,0.46658157345091666,-175.84812177402338,-0.4674841913507432,-0.2200211581624827,Other Precious Metals & Mining,Basic Materials,EXK
2020Q1,2020,Q1,2020-03-31,2020-03-31,-15926000.0,21927000.0,-8618000.0,-0.11,-2886000.0,-0.1316185525,150264000.0,109016000.0,50742000.0,23560000.0,41248000.0,13072000.0,-386785000.0,190025678.72,187677678.72,0.7687457873272423,2.1537351443123938,0.08413192780705958,0.11596462904527775,-0.08104333175894446,0.7687457873272423,-0.14608864753797607,8.666287167419163,-2.9829473615471556,1.7430989829015926,0.0,1.8981793145654835,0.0,0.14592317521162754,1.3845076400679117,-0.10598679657136773,-24.17321952932197,-0.1316185524695581,0.15384615384615388,-9.439586711801702,-0.6914850961631454,-0.5969734155462474,0.2387232920073859,0.11013018941722076,0.40992810681273534,-3.3651191201750588,-0.4607222371739001,-0.3010184992084949,Other Precious Metals & Mining,Basic Materials,EXK
2019Q4,2019,Q4,2019-12-31,2019-12-31,-17897000.0,34610000.0,-14605000.0,-0.13,-3791000.0,-0.1095348165,163713000.0,122793000.0,63278000.0,24844000.0,40920000.0,13589000.0,-370859000.0,331953055.37,318698055.37,0.8914848808068677,2.547013363387538,0.06177273643510289,0.08235811487625516,-0.14445440588447386,0.8914848808068677,-0.14574935053301083,9.591246904651834,-4.636993006788848,2.7033548766623507,0.0,2.825888586356612,0.0,0.21140654682279356,1.8671308967960072,-0.10931935765638648,-186.7002561136108,-0.10953481652701531,-1.6476578411405296,0.8027974285194046,-0.4759125156171388,-0.5292597853271103,-1.2117852975495915,-1.644355791962175,-1.5272538501470843,-2.1279277718863683,0.09872938288754197,-0.1619096775421808,Other Precious Metals & Mining,Basic Materials,EXK
2019Q3,2019,Q3,2019-09-30,2019-09-30,-6768000.0,28589000.0,-5779000.0,-0.0491,-1714000.0,-0.0599531288,172782000.0,136179000.0,71110000.0,21664000.0,36603000.0,17865000.0,-352962000.0,305782482.54,292745482.54,0.9886680802928378,3.282403988183161,0.05179358961002882,0.06571497808032076,-0.03914675316482914,0.9886680802928378,-0.049699292842508756,10.695808966385673,-11.295156713209222,2.2454452047672553,0.0,1.6962216624685138,0.0,0.1654628375640981,2.3666912850812407,-0.03917074695280758,-28.41316507526482,-0.05995312882577215,0.35900783289817234,0.5618577196050739,-0.47938504228461093,-0.6095220066239199,0.7192465192465193,0.33142349105996244,0.4895327267909195,-2.1019786602548782,-0.38186759307977713,-0.06812760679782033,Other Precious Metals & Mining,Basic Materials,EXK
2019Q2,2019,Q2,2019-06-30,2019-06-30,-10123000.0,29382000.0,-11321000.0,-0.0766,-6105000.0,-0.2077802736,164343000.0,132015000.0,67077000.0,20455000.0,32328000.0,15053000.0,-346238000.0,260353015.27,241384015.27,0.9989112272438787,3.2792471278416033,0.025172961428232415,0.03133734802863311,-0.07746278497390256,0.9989112272438787,-0.07668068022573192,8.860969820638486,-6.429739584856268,1.9721472201643753,0.0,2.3574702717066365,0.0,0.17878461510377686,2.4377413835248105,-0.06159678233937557,-44.30032589246214,-0.20778027363692056,0.23400000000000004,-25.858512109914734,-0.5886822484486823,-0.622189422141584,-0.06155451225873761,0.23761108600692876,0.07402257484050384,-6.105119648310497,-0.43439423525634985,0.052891764755483864,Other Precious Metals & Mining,Basic Materials,EXK
2019Q1,2019,Q1,2019-03-31,2019-03-31,-13278000.0,29143000.0,-12226000.0,-0.1,-5751000.0,-0.197337268,164697000.0,133988000.0,67029000.0,20272000.0,30709000.0,14888000.0,-337283000.0,317977811.8,298572811.8,1.0197282576557438,3.3064818468823995,0.014396133505771205,0.017695614532644715,-0.09114110977681153,1.0197282576557438,-0.09909842672478132,10.910949861030094,-5.986929729627956,2.373181268471803,0.0,2.3437667920472864,0.0,0.1769491854739309,2.4383879242304656,-0.08062077633472377,-24.535324984567904,-0.19733726795456885,-2.52112676056338,-3.5155518651614934,-0.579449893053565,-0.615188913338918,-15.486146095717885,-2.6268779022125104,-2.4931428571428573,-6.781783395724504,-0.4412723447312032,0.7214211198718996,Other Precious Metals & Mining,Basic Materials,EXK
2018Q4,2018,Q4,2018-12-31,2018-12-31,-3661000.0,33833000.0,-3500000.0,-0.0284,397000.0,0.0117341058,177047000.0,144780000.0,78009000.0,23520000.0,32267000.0,14894000.0,-324005000.0,276931698.15,243555698.14999998,1.1240208400823688,3.3167091836734692,0.0,0.0,-0.018754661221601656,1.1240208400823688,-0.025286641801353777,8.1852539872314,-18.910932678912864,1.912775923124741,0.0,2.2449308446354235,0.0,0.19109614960999058,2.5684948979591837,-0.02067812501765068,119.2129565863108,0.0117341057547365,0.3286052009456264,0.9755100292181297,-0.6139127976998988,-0.5623195424096071,1.0830543933054393,0.328503301540719,0.6521220554616838,0.9787261174756505,-0.362101042351305,1.2530547799708414,Other Precious Metals & Mining,Basic Materials,EXK
2018Q3,2018,Q3,2018-09-30,2018-09-30,-5452000.0,37581000.0,-10061000.0,-0.0423,-4780000.0,-0.1271919321,176369000.0,145328000.0,78986000.0,21566000.0,31041000.0,12230000.0,-320344000.0,287236133.43,258632133.43,1.128275318742164,3.6625243438746176,0.0,0.0,-0.04649418639202556,1.128275318742164,-0.03751513817020808,7.643121083260159,-13.171135978998533,1.9764679444429154,0.0,3.4636958299264107,0.0,0.21308166401124914,3.0087174255772977,-0.030912461940590465,-50.80228748319774,-0.12719193209334503,0.04081632653061231,-1.3433177257200435,-0.570800729712759,-0.6928252305150854,-2.035528596187175,0.03521500619359406,-2.3259504132231403,0.6934144800126376,-0.30380339615815755,-0.3802890141324484,Other Precious Metals & Mining,Basic Materials,EXK
2018Q2,2018,Q2,2018-06-30,2018-06-30,-5651000.0,38765000.0,-3025000.0,-0.0441,4616000.0,0.1190764865,177929000.0,146665000.0,80837000.0,21941000.0,31264000.0,12553000.0,-314917000.0,400174404.24,369117404.24,1.1434884269248835,3.684289685976027,0.0,0.0,-0.019103950084932923,1.1434884269248835,-0.03852998329526472,10.323085366696763,-17.703698648026897,2.7284928526915078,0.0,2.720385565203537,0.0,0.21786780120160287,3.024520304452851,-0.0317598592697087,-53.549364945804896,0.11907648652134657,-3.205,-11.169316106211749,-0.5770364070883657,-0.6766869189142324,0.40946564885496184,-3.4305376344086023,-1.8377110694183865,-3.6128937057287382,-0.3541144756381874,-0.40172691956716133,Other Precious Metals & Mining,Basic Materials,EXK
2018Q1,2018,Q1,2018-03-31,2018-03-31,2325000.0,40330000.0,-1066000.0,0.02,3275000.0,0.0812050583,178427000.0,149296000.0,86276000.0,19639000.0,29131000.0,12344000.0,-310645000.0,311071720.4,274511720.4,1.1710554708463303,4.393095371454758,0.0,0.0,-0.01352967695294414,1.1710554708463303,0.015573089700996677,7.713159444582196,33.4485720860215,2.0835904538634655,0.0,3.0018632534024627,0.0,0.22603081372213846,3.6635775752329547,0.013030539100024099,-105.59121534283774,0.08120505826927846,-0.043062200956937705,-0.8734070545809628,-0.5488000117079977,-0.6689808918471997,-0.5847597312032459,-0.12888722367928063,-1.2961933870519589,0.37048477351966463,-0.36880733466696014,-0.3860564904531056,Other Precious Metals & Mining,Basic Materials,EXK
2017Q4,2017,Q4,2017-12-31,2017-12-31,2669000.0,41640000.0,3599000.0,0.0209,7887000.0,0.1894092219,178580000.0,146517000.0,88499000.0,22253000.0,32063000.0,13131000.0,-313097000.0,331386666.0,293109666.0,1.1495459506508932,3.976946928504022,0.0,0.0,0.03532355710517763,1.1495459506508932,0.018216316195390297,7.958373342939481,31.040339640314723,2.261762566801122,0.0,2.570482065341558,0.0,0.23317280770523016,3.2560553633217992,0.014945682607234853,-124.6283061301241,0.18940922190201728,1.0899999999999999,-0.8620074837389079,-0.5217602618221852,-0.669977703336701,0.08011503697617091,1.679718875502008,0.588962472406181,1.0317818267180263,-0.3185863075893272,-0.3929930622087745,Other Precious Metals & Mining,Basic Materials,EXK
2017Q3,2017,Q3,2017-09-30,2017-09-30,996000.0,39782000.0,2265000.0,0.01,7302000.0,0.1835503494,181069000.0,143165000.0,94327000.0,24041000.0,37904000.0,14020000.0,-315967000.0,303346255.8,261298255.8,1.123246763344425,3.923588869015432,0.008284134777350072,0.01047742115740579,0.011399294558935617,1.123246763344425,0.006957007648517445,7.62521381026595,76.14112846385541,2.118857652359166,0.0,2.316690442225392,0.0,0.21970629980836034,3.2878000083191217,0.005500665492160447,-48.62876816287272,0.1835503494042532,100.99999999999999,46.70059795737225,-0.41241444174843306,-0.6634483790992368,0.3398165137614679,63.25,4.036193029490617,1.0696806348297283,-0.21710731359684934,-0.5563696745554928,Other Precious Metals & Mining,Basic Materials,EXK
2017Q2,2017,Q2,2017-06-30,2017-06-30,-16000.0,32636000.0,-746000.0,-0.0001,5450000.0,0.1669935041,179750000.0,141543000.0,99559000.0,24406000.0,38207000.0,15055000.0,-316963000.0,387984281.04999995,339747281.04999995,1.1126897946269259,4.0792837826763915,0.022253129346314324,0.028259963403347393,0.0006508740285012589,1.1126897946269259,-0.00011303985361338957,11.888230207439635,-6062.25439140625,2.741105395886762,0.0,1.8057788110262372,0.0,0.1815632823365786,3.3930590838318446,-8.90125173852573e-05,-24.796081105004152,0.16699350410589534,-1.002,-1.0014748067789918,-0.44163773948903723,-0.5792227479150452,-0.3048469387755102,-1.0026512013256006,-1.2926637897214595,0.9558963238723497,-0.5253482161752423,-0.579155822039303,Other Precious Metals & Mining,Basic Materials,EXK
2017Q1,2017,Q1,2017-03-31,2017-03-31,6035000.0,36441000.0,2549000.0,0.05,7840000.0,0.2151422848,184373000.0,139781000.0,111682000.0,29986000.0,44592000.0,12688000.0,-317033000.0,404164529.52000004,340179529.52000004,1.0998084877163963,3.7244714199959983,0.03525461971112907,0.04650131276782968,0.023178771280929492,1.0998084877163963,0.04317468039290032,11.090928611179717,16.742524006628006,2.8914124918265003,0.0,2.2541771752837327,0.0,0.1976482456758853,3.2421796838524646,0.03273255845487137,1351.7208345150502,0.21514228478911115,2.2048192771084336,-0.7893459223009203,-0.4871435988607248,-0.5700682252069678,0.7433844785412497,2.159684857801691,2.4392998306041784,0.18202935019077798,-0.4563440419297189,-0.5849693326630313,Other Precious Metals & Mining,Basic Materials,EXK
2016Q4,2016,Q4,2016-12-31,2016-12-31,-5204000.0,28650000.0,-1771000.0,-0.0415,4497000.0,0.1569633508,180510000.0,133259000.0,113430000.0,31860000.0,47251000.0,13431000.0,-323068000.0,440977120.32,377660120.32,1.0637097898857266,3.5602636534839927,0.04985873358816686,0.06753765224112443,-0.015878736229376713,1.0637097898857266,-0.03905177136253461,15.391871564397906,-21.184527302075328,3.309173266496072,0.0,1.798302434666071,0.0,0.15871696858899784,3.074764595103578,-0.028829427732535592,-57.916616800630415,0.15696335078534032,-2.0375,-0.9729486846741726,0.1124909672995797,-0.5465999179938368,-0.7047856627059673,-1.9316147511636232,-1.1763066202090593,0.9642079444113845,-0.6638521490744924,-0.5858039540028025,Other Precious Metals & Mining,Basic Materials,EXK
2016Q3,2016,Q3,2016-09-30,2016-09-30,5586000.0,42066000.0,10045000.0,0.04,15233000.0,0.3621214282,179488000.0,132913000.0,122497000.0,30561000.0,46575000.0,11995000.0,-317864000.0,642674041.83,571210041.83,1.0609479232403183,4.008278524917379,0.06560884293100375,0.08859930932263962,0.05024977585618746,1.0609479232403183,0.04202749166748174,15.277755,28.762712219387755,4.835298592537976,0.0,2.2370154230929553,0.0,0.23436664289534676,3.5755374496907826,0.031121857728650382,59.506855725,0.3621214282318262,3.0,0.22607917875408814,-0.26255947139303465,-0.5184487762705988,0.18222739619712844,2.2878163625662156,0.28419841472769114,-0.6383386272724797,-0.506050357395303,-0.711155222184455,Other Precious Metals & Mining,Basic Materials,EXK
2016Q2,2016,Q2,2016-06-30,2016-06-30,1699000.0,44510000.0,7822000.0,0.01,12885000.0,0.2894855089,156638000.0,107431000.0,102345000.0,30199000.0,49207000.0,12608000.0,-323450000.0,447284190.8,404824190.8,0.9487311618168642,3.3890195039570847,0.09185510540226509,0.1339278234401616,0.018676808914743916,0.9487311618168642,0.015814802058996005,10.049071911929904,65.81580206003532,4.163455527734081,0.0,2.5083280456852792,0.0,0.2841583779159591,2.911155998542998,0.010846665560081205,73.76058555408972,0.28948550887441027,-0.5,-0.9260733799290405,-0.09638210534984817,-0.5361458993607033,1.0524052245938196,-0.07107709130672499,1.5637495902982628,5.144217155560237,-0.44991594957257414,-0.7317531268121525,Other Precious Metals & Mining,Basic Materials,EXK
2016Q1,2016,Q1,2016-03-31,2016-03-31,1829000.0,41541000.0,3051000.0,0.02,6278000.0,0.1511278014,115245000.0,61990000.0,67428000.0,38137000.0,53255000.0,16027000.0,-325514000.0,257430153.84,256999153.84,0.5923758259290018,1.7680467787188294,0.17314417111371427,0.32189062752056785,0.021458400244881173,0.5923758259290018,0.02950475883206969,6.197013886040297,35.187281826134495,4.152769056944669,0.0,2.2002246209521434,0.0,0.3604581543667838,1.2810394105461886,0.015870536682719424,-43.51422478701826,0.1511278014491707,1.0149253731343284,1.9280685272399531,-0.0876274130403654,-0.647701927255062,5.9433070866141735,1.013424345847554,1.53629811917736,-0.8786760200707007,-0.43380738525134194,-0.8325547145528618,Other Precious Metals & Mining,Basic Materials,EXK
2015Q4,2015,Q4,2015-12-31,2015-12-31,-136245000.0,41991000.0,-5689000.0,-1.34,-1270000.0,-0.0302445762,114233000.0,50875000.0,65230000.0,47973000.0,63358000.0,17350000.0,-327343000.0,144807199.42,147574199.42,0.49888748825579626,1.359723177620745,0.2029185962024984,0.4556265356265356,-0.07378273221845551,0.49888748825579626,-2.678034398034398,3.448529432973732,-0.26571103420309,2.846333158132678,0.0,2.4934293948126802,0.0,0.3675908012570798,0.945740312258979,-1.192693880052174,-46.787463463651044,-0.030244576218713536,-8.571428571428571,-16.507835695009245,-0.05265076787962768,-0.7944632836950202,-1.602181128496918,-8.67717877690177,-5.494292237442922,-9.804149433186884,-0.3972308341738705,-0.8567747600193467,Other Precious Metals & Mining,Basic Materials,EXK
2015Q3,2015,Q3,2015-09-30,2015-09-30,-14079000.0,42737000.0,-876000.0,-0.14,2109000.0,0.0493483398,248804000.0,185664000.0,61366000.0,41009000.0,63140000.0,18905000.0,-191098000.0,158064196.55,158178196.55,1.8206475994009663,1.4964032285595845,0.09214482082281636,0.1234811271975181,-0.006633447504839417,1.8206475994009663,-0.07583053257497414,3.698532806467464,-2.806736922899354,0.8513454226452085,0.0,2.149061094948426,0.0,0.1717697464670986,0.9879294788948767,-0.056586710824584815,-30.096000866336635,0.04934833984603505,-13.583333333333336,-72.21733381678376,0.36653293148195654,0.21552992705958965,-0.6914862492685782,-13.45482546201232,-1.4913067863151992,-843.7449631595982,-0.21105195436606933,-0.4544903927939551,Other Precious Metals & Mining,Basic Materials,EXK
2015Q2,2015,Q2,2015-06-30,2015-06-30,-974000.0,47719000.0,1783000.0,-0.0096,6836000.0,0.1432553071,261526000.0,194910000.0,71308000.0,44594000.0,66616000.0,19173000.0,-177180000.0,202934032.99,196853032.99,1.9113151908783734,1.5990491994438714,0.09826556441806933,0.1318505977117644,-0.007438077977919645,1.9113151908783734,-0.004997178184803243,4.252688300048199,-52.08779080852156,1.0411678876917552,0.0,2.132321493767277,0.0,0.18246369385835443,1.1164506435843387,-0.0037242950987664706,20.895184615939044,0.14325530711037532,-1.96,-0.44556557136595243,0.48175896078900987,0.33818985560706427,-0.2458907887479316,-1.7177597641857039,-0.710645894190198,-1.1119918917843215,0.018410686450385474,-0.27721278853313647,Other Precious Metals & Mining,Basic Materials,EXK
2015Q1,2015,Q1,2015-03-31,2015-03-31,1357000.0,51109000.0,6162000.0,0.01,9065000.0,0.1773660216,261505000.0,194514000.0,72345000.0,46542000.0,66991000.0,19297000.0,-177885000.0,193756111.89999998,196456111.89999998,1.9074319585373554,1.5544024751837051,0.11089654117512093,0.14908952568966757,0.006757728343922902,1.9074319585373554,0.006976361598650997,3.791037036529769,35.69567278924097,0.9961036835394882,0.0,2.1787842669845054,0.0,0.1954417697558364,1.0861587383438616,0.005189193323263418,-44.2365552283105,0.17736602164002427,1.0151515151515151,-0.5268537968414705,0.6793100309429704,0.35696330601223053,2.939591481964363,1.0202855220868525,-0.9277074509895937,-0.9409660681355125,-0.10353746539361033,-0.2543559934387576,Other Precious Metals & Mining,Basic Materials,EXK
2014Q4,2014,Q4,2014-12-31,2014-12-31,-66895000.0,48677000.0,85237000.0,-0.66,2301000.0,0.047270785,265837000.0,192273000.0,75806000.0,54589000.0,73564000.0,21604000.0,-179252000.0,219300374.16000003,217255374.16000003,1.8937937593165846,1.3886680466760704,0.10908940440946896,0.15082720922854484,0.2965333974994789,1.8937937593165846,-0.3479167641842588,4.505215484931282,-0.8195693779804171,1.14056770404581,0.0,2.1466395112016294,0.0,0.18310844615309382,0.9442561688252212,-0.25163916234384226,-241.78652057331865,0.04727078497031452,-5.0,-11.953154299747633,0.029717287709598292,0.21199610181737114,1.640768588137009,-4.875197611101353,8.998967717717719,-30.29391740161092,1.3322947988509621,-0.19278147673234894,Other Precious Metals & Mining,Basic Materials,EXK
2014Q3,2014,Q3,2014-09-30,2014-09-30,-11386000.0,40477000.0,-10656000.0,-0.11,-3591000.0,-0.0887170492,354536000.0,257063000.0,89536000.0,49696000.0,97473000.0,27031000.0,-120653000.0,443677145.87,441540145.87,2.5319431493303752,1.8016741790083708,0.07615587697723221,0.10503261846317828,-0.03390924108188771,2.5319431493303752,-0.0442926442156203,10.961216144230058,-9.74172549336905,1.7259471252961336,0.0,1.6302763493766417,0.0,0.11416894194101586,1.2053082743077914,-0.032115215380102445,-35.31617813181565,-0.088717049188428,-38.285714285714285,-2.927951832359015,1.1196564786877543,1.3215705535854658,-1.82475884244373,-38.397923875432525,-4.411884205180295,-4.083731361310272,-0.12442798242162242,0.1492178789035039,Other Precious Metals & Mining,Basic Materials,EXK
2014Q2,2014,Q2,2014-06-30,2014-06-30,-289000.0,54774000.0,-1969000.0,-0.0028,4354000.0,0.0794902691,369327000.0,267929000.0,99212000.0,52466000.0,101398000.0,24117000.0,-109267000.0,553298616.78,538260616.78,2.6439472206048698,1.8909770136850532,0.07852120207837499,0.1082376301184269,-0.0011386934624476258,2.6439472206048698,-0.0010786439691112197,10.101482761529192,-478.63202143598613,2.065094173381754,0.0,2.0906414562341915,0.0,0.14830759733244522,1.3876224602599778,-0.0007825043931258749,211.82948575038284,0.07949026910578011,-1.0699999999999998,0.9193532567260106,2.399950390754719,1.4064081648315387,-0.614860681114551,-1.071587812732227,-1.2939244663382594,-1.0140515691678291,0.24257095253492947,0.2926799598347923,Other Precious Metals & Mining,Basic Materials,EXK
2014Q1,2014,Q1,2014-03-31,2014-03-31,4037000.0,53000000.0,6699000.0,0.04,11305000.0,0.2133018868,370300000.0,266304000.0,96795000.0,50416000.0,103996000.0,27160000.0,-108978000.0,433129816.66999996,420834816.66999996,2.6499451107391248,1.919926213900349,0.08641641911963273,0.1201634222542658,0.019268593845509843,2.6499451107391248,0.01515936673876472,8.172260691886791,26.822505367228135,1.6264487828571856,0.0,1.5351620029455082,0.0,0.1431271941668917,1.3349531894636624,0.010901971374561167,55.01458359837419,0.21330188679245282,1.0344827586206897,2.1562147104182663,2.1120793142626093,1.29874118185972,0.1464354527938343,1.0348744795176144,-0.9492653741290518,5.729918085490407,0.21214520653637958,0.5759767946795934,Other Precious Metals & Mining,Basic Materials,EXK
2013Q4,2013,Q4,2013-12-31,2013-12-31,-115758000.0,67857000.0,132040000.0,-1.16,9861000.0,0.1453203059,366923000.0,256148000.0,87204000.0,54971000.0,110775000.0,23647000.0,-113015000.0,362059866.3,360055866.3,2.5681312030026566,1.5863637190518638,0.08993712577298234,0.12883176913346972,0.39502837637748994,2.5681312030026566,-0.45191842216218747,5.335630315221716,-0.7819327094023739,1.4134791850805002,0.0,2.452573265107625,0.0,0.18493525889628068,1.0954139455349183,-0.31548308500693606,23.037660110715194,0.14532030593748618,-10.666666666666666,-10.053735181436243,3.2232665921292334,1.2301739226867352,-0.5465789957697259,-10.413515491583313,6.575444635685599,-14.471305365001529,0.5652243433574144,0.05804468328313654,Other Precious Metals & Mining,Basic Materials,EXK
2013Q3,2013,Q3,2013-09-30,2013-09-30,12297000.0,67803000.0,17430000.0,0.12,21748000.0,0.3207527691,510020000.0,366356000.0,91100000.0,64261000.0,143664000.0,32007000.0,2743000.0,428886343.0,442685343.0,3.6730728914816484,1.4176561211310126,0.07646758950629387,0.10645383179202743,0.0323065715415488,3.6730728914816484,0.033565712039655415,6.3254773830066515,8.71932875904692,1.17068191322102,0.0,1.4389039897522418,0.0,0.13294184541782675,0.875958979785562,0.02411081918356143,124.27885917125471,0.3207527690515169,34.333333333333336,1.8140792441629887,2.141171719235478,2.0367733887501207,2.3907078266292485,35.06371191135734,8.413866439812846,62.597658042674965,1.2166290853641677,1.452275786558717,Other Precious Metals & Mining,Basic Materials,EXK
2013Q2,2013,Q2,2013-06-30,2013-06-30,-361000.0,71250000.0,-2351000.0,-0.0036,6414000.0,0.0900210526,503219000.0,352656000.0,89532000.0,72636000.0,150563000.0,27941000.0,-9641000.0,329046078.9,345737078.9,3.536783674464264,1.232611927969602,0.07750104825135776,0.11058935619980945,0.0007619482130002594,3.536783674464264,-0.0010236604509777233,4.618190581052631,-227.87124577562327,0.9330511288621205,0.0,2.3204609713324507,0.0,0.14158845353613436,0.7366870422380087,-0.0007173814979164142,-27.50531462843768,0.09002105263157895,-1.0276923076923077,0.9480464843421312,2.4828887792247376,1.6252580589509946,-0.6604912132119416,-1.0251445288012817,-1.203162806774974,0.4520447766190897,1.2627164120174539,1.4762467526194285,Other Precious Metals & Mining,Basic Materials,EXK
2013Q1,2013,Q1,2013-03-31,2013-03-31,14357000.0,69873000.0,11572000.0,0.13,18892000.0,0.2703762541,513280000.0,352570000.0,118214000.0,76228000.0,160710000.0,39993000.0,-9281000.0,612909098.4,617544098.4,3.5377277081713494,1.5507949834706407,0.06429239401496259,0.09359843435346173,0.023109109477951365,3.5377277081713494,0.04072099157614091,8.771758739427247,10.672652685101346,1.738404000340358,0.0,1.27474808091416,0.0,0.13613037718204488,0.831885921183817,0.02797108790523691,-31.95896852643654,0.2703762540609391,-0.13333333333333328,4.509868473258966,2.201764295721993,1.5115820388286814,0.29628104844243175,-0.03130692935699345,0.6164268752619081,4.122241724694821,1.349220305532068,1.5167695577106746,Other Precious Metals & Mining,Basic Materials,EXK
2012Q4,2012,Q4,2012-12-31,2012-12-31,14821000.0,66719000.0,7159000.0,0.15,14574000.0,0.2184385258,477527000.0,340196000.0,98400000.0,47485000.0,137331000.0,40797000.0,-24597000.0,770589616.02,760972616.02,3.4832372305550705,2.0722333368432135,0.018847101839267726,0.026455337511317005,0.017571764840873274,3.4832372305550705,0.043566061917247705,11.549777664833107,12.998272991363605,2.2651342638361416,0.0,1.2781577076745838,0.0,0.13971775417934484,1.0037485521743708,0.031036988484420776,-110.02136151056538,0.21843852575728054,748.9999999999999,2.260208939994264,1.9468702469327486,1.3481381889520823,-0.2870560610507778,925.3125,-0.49484899802427323,1.5226821091640403,0.4671793310835541,1.2292131465579228,Other Precious Metals & Mining,Basic Materials,EXK
2012Q3,2012,Q3,2012-09-30,2012-09-30,16000.0,51880000.0,14172000.0,0.0002,20442000.0,0.3940246723,424179000.0,325964000.0,95287000.0,33482000.0,98215000.0,42885000.0,-39418000.0,982526177.08,965341177.08,3.3375170214248637,2.8459172092467595,0.0,0.0,0.00012375646696471683,3.3375170214248637,4.908517505000552e-05,18.938438262914417,15351.971516875,3.014216837074033,0.0,0.7330768333916288,0.0,0.12230685630358881,1.4196284570814168,3.771992484304975e-05,-338.2189938313253,0.3940246723207402,-0.9966666666666667,1.0021267497131465,2.275728324911648,1.181474063307509,0.04734091607746695,-0.9978680879413724,0.05517087335269154,1.00573791920814,1.8242075244150597,2.060211379974874,Other Precious Metals & Mining,Basic Materials,EXK
2012Q2,2012,Q2,2012-06-30,2012-06-30,7505000.0,40434000.0,13431000.0,0.06,19518000.0,0.4827125686,281609000.0,232703000.0,174565000.0,15532000.0,48906000.0,33326000.0,-39434000.0,714555818.1999999,599111818.1999999,2.644367748288527,11.239054854493949,0.0,0.0,0.03607935163413596,2.644367748288527,0.03225141059633954,17.67215259929762,23.80265883411059,3.070677293373957,0.0,0.6276180759767149,0.0,0.1435820588120408,8.783414885397889,0.026650426655398088,2524.9322197879856,0.4827125686303606,-0.7272727272727273,2.872884151548727,2.2807521657190364,0.6605997127923989,-0.166574149195098,-0.620480404551201,-0.28823529411764703,3.4117178580759027,1.8902249167245149,1.4067909112205756,Other Precious Metals & Mining,Basic Materials,EXK
2012Q1,2012,Q1,2012-03-31,2012-03-31,19775000.0,49046000.0,18870000.0,0.22,23419000.0,0.4774905191,273161000.0,224418000.0,173284000.0,14744000.0,48743000.0,32517000.0,-46939000.0,831665146.6800001,730281146.6800001,2.5581000340015354,11.752848616386327,0.0,0.0,0.06606923155136378,2.5581000340015354,0.08811681772406849,16.95683942992293,10.51409793527181,3.705875405181403,0.0,0.7881108343328105,0.0,0.17954978931838733,9.214527943570266,0.07239320400789279,42.8450438761527,0.4774905191045141,11.42654028436019,13.866189039403421,2.332311945006498,0.9316576622215823,2.416836883571637,12.029001673173452,35.01145038167939,7.487791443510671,2.298975029711439,1.2190685654752718,Other Precious Metals & Mining,Basic Materials,EXK
2011Q4,2011,Q4,2011-12-31,2011-12-31,-1793000.0,17506000.0,524000.0,-0.0211,6854000.0,0.3915229064,249021000.0,199790000.0,154893000.0,12566000.0,49231000.0,34195000.0,-66725000.0,826896997.2,751462997.2,2.3460732189970517,12.326356835906415,0.0,0.0,0.003762078182091196,2.3460732189970517,-0.008974423144301517,47.235062104421345,-115.29517529280535,4.138830758296211,0.0,0.31150753034069306,0.0,0.07029929202758001,9.30487028489575,-0.007200195967408371,-45.6370107180308,0.39152290643208043,-1.5275,-4.256352696381425,0.5108931146591116,0.7168306548686002,-0.6903126694379179,-1.5789473684210527,-0.9674027993779161,0.7994697443734381,0.27609304754691305,1.0373380096793825,Other Precious Metals & Mining,Basic Materials,EXK
2011Q3,2011,Q3,2011-09-30,2011-09-30,3097000.0,38776000.0,16075000.0,0.04,22132000.0,0.5707654219,244149000.0,187622000.0,159451000.0,13756000.0,56527000.0,20948000.0,-65632000.0,764730693.6,671930693.6,2.203188094973046,11.591378307647572,0.0,0.0,0.029657257535890807,2.203188094973046,0.016506593043459722,19.7217529812255,61.73157035841137,4.07591163935999,0.0,0.7945388581248807,0.0,0.15882104780277617,9.601701075894155,0.012684876857984263,219.62397863296957,0.5707654219104601,-0.6666666666666666,10.4047658941273,5.413062232022188,0.5642676511603846,0.15007274994803574,-0.8174584463043735,-0.19969132729264163,1.2401321399586542,1.1040078323431746,0.82152197217256,Other Precious Metals & Mining,Basic Materials,EXK
2011Q2,2011,Q2,2011-06-30,2011-06-30,16966000.0,36363000.0,20086000.0,0.12,19244000.0,0.5292192613,229469000.0,170976000.0,148569000.0,15012000.0,58493000.0,17568000.0,-68750000.0,702186819.6,624445819.6,2.045322355691793,9.896682653876898,0.0,0.0,0.08763750747443652,2.045322355691793,0.09923030132884147,19.310475472320768,10.346970700223979,4.1069320816956765,0.0,0.9744421675774135,0.0,0.1584658494175684,8.028310684785504,0.07393591291198376,75.90388278023998,0.5292192613370734,11.0,4.983266894446014,2.192844011363745,0.4640229787432953,-0.21606648199445982,33.98144329896907,0.16833410888785483,3.9124373693040773,1.1202342032037074,0.518187000296494,Other Precious Metals & Mining,Basic Materials,EXK
2011Q1,2011,Q1,2011-03-31,2011-03-31,485000.0,35352000.0,17192000.0,0.01,24548000.0,0.6943878706,210548000.0,136622000.0,136399000.0,14882000.0,73926000.0,15270000.0,-85723000.0,797893756.2,730020756.2,1.6814620111699528,9.165367558123908,0.0,0.0,0.011878275734991001,1.6814620111699528,0.0035499407123303715,22.569975000000003,411.2854413402062,5.840155730409451,0.0,0.7075311067452521,0.0,0.16790470581530104,7.88691036151055,0.0023035127381879667,109.66104400769655,0.69438787055895,-0.8839907192575407,1.1190656282740385,5.3060428496857295,1.0952154814253878,0.42290748898678415,-0.9140680368532955,1.0813559322033899,1.145430753495905,0.9869243380543763,0.19374076655835654,Other Precious Metals & Mining,Basic Materials,EXK
2010Q4,2010,Q4,2010-12-31,2010-12-31,5644000.0,28475000.0,8260000.0,0.0862,17252000.0,0.6058647937,188423000.0,159013000.0,115166000.0,12955000.0,29410000.0,12971000.0,-39574000.0,480856501.9,413106501.9,2.427242670917912,8.889695098417599,0.0015231686152964341,0.0018048838774188274,0.030932443912044378,2.427242670917912,0.03549395332457095,16.886971093942055,21.299455257795888,3.024007483035978,0.0,0.8652378382545679,0.0,0.15112273979291274,7.7293708992666925,0.029953880364923604,34.1226583806415,0.6058647936786655,44.36842105263158,22.508195031715072,2.194650133868484,0.776229569688569,0.8685151088486949,43.44094488188976,7.978260869565218,1.715449147318357,0.8750028609468433,0.6362655863459976,Other Precious Metals & Mining,Basic Materials,EXK
2010Q3,2010,Q3,2010-09-30,2010-09-30,127000.0,20091000.0,920000.0,0.0019,9233000.0,0.4595590065,123003000.0,98125000.0,51663000.0,9202000.0,24878000.0,11023000.0,-45218000.0,264012493.55,244703493.55,1.4978221094113067,5.614322973266681,0.00273977057470143,0.0034343949044585986,0.0005259976452016408,1.4978221094113067,0.0012942675159235669,13.140833883330846,519.709632972441,2.6905731826751595,0.0,0.9850312981946838,0.0,0.16333747957366893,4.281351880026081,0.001032495142394901,-55.18655801630435,0.4595590065203325,1.287878787878788,1.0288620657251994,0.0,2.1903873483148506,-0.020371352785145888,1.308252427184466,-0.4733829421866056,1.025166732768547,0.8911944238065935,-0.020990735881145344,Other Precious Metals & Mining,Basic Materials,EXK
2010Q2,2010,Q2,2010-06-30,2010-06-30,-412000.0,19692000.0,1747000.0,-0.0066,9425000.0,0.4786207597,118458000.0,89062000.0,51582000.0,9198000.0,29396000.0,8944000.0,-45345000.0,210763094.1,196517094.1,1.4282840232795766,5.607958251793868,0.060190109574701584,0.08005658979138129,-0.005045567440080503,1.4282840232795766,-0.004625990882755833,10.702980606337599,-127.89022700242718,2.366476096427208,0.0,1.1479203935599285,0.0,0.16623613432609027,4.635572950641444,-0.003478025967009404,-51.34301926918392,0.4786207596993703,-1.22,0.8492601125609409,0.0,2.8817818691986337,0.037310147479639004,-1.2395348837209301,-0.34495688038995126,0.8549025769708809,1.254855987767679,-0.10307178705416246,Other Precious Metals & Mining,Basic Materials,EXK
2010Q1,2010,Q1,2010-03-31,2010-03-31,1720000.0,18252000.0,2667000.0,0.03,9086000.0,0.4978084593,111978000.0,85966000.0,48535000.0,6377000.0,26012000.0,7659000.0,-44933000.0,196313787.03,181081787.03,1.405662150248419,7.610945585698604,0.07423779671006805,0.09670102133401577,0.014541545233787314,1.405662150248419,0.0200079101039946,10.755741125904011,28.533980672965114,2.283621280855222,0.0,1.196761979370675,0.0,0.16299630284520172,6.409910616277246,0.015360160031434747,-72.84370576252319,0.49780845934692086,-0.5016611295681063,3.8555611902258753,0.0,2.6405225816093623,-0.2907657481851534,-0.45100542610916056,0.12912785774767147,2.60530026879085,0.7788810626244168,0.06143545089394023,Other Precious Metals & Mining,Basic Materials,EXK
2009Q4,2009,Q4,2009-12-31,2009-12-31,3133000.0,24250000.0,2362000.0,0.0602,12811000.0,0.5282886598,105881000.0,81381000.0,45033000.0,6260000.0,24500000.0,6100000.0,-46653000.0,189580187.16,171506187.16,1.5625411306825718,7.193769968051118,0.08148770789848982,0.10601983263906808,0.011358886830914097,1.5625411306825718,0.038497929492141904,7.817739676701031,15.127688091286307,2.3295386780698197,0.0,1.8752459016393443,0.0,0.22903070428122138,6.055111821086262,0.0295898225366213,40.638839691318324,0.5282886597938145,3.1048951048951046,4.5712882678412665,0.0,3.62914139631262,2.9057926829268292,3.1069266980497647,3.695825049701789,16.01776224571995,2.4221511039960073,0.14345046477096077,Other Precious Metals & Mining,Basic Materials,EXK
2009Q3,2009,Q3,2009-09-30,2009-09-30,-1487000.0,9796000.0,503000.0,-0.0286,3280000.0,0.3348305431,78080000.0,56802000.0,19839000.0,7880000.0,21278000.0,8660000.0,-49786000.0,145830913.2,150909913.2,1.0906164989989242,2.5176395939086293,0.10736424180327869,0.14758283159043695,0.006575607050068869,1.0906164989989242,-0.02617865568113799,14.886781665986115,-24.517638399462005,2.5673552550966514,0.0,0.7524249422632795,0.0,0.12546106557377049,1.4186548223350255,-0.019044569672131147,-59.57145147058823,0.33483054307880766,0.192090395480226,-0.595473326248472,0.0,1.8194445324344959,0.26348228043143296,0.18831877729257643,1.237937559129612,-6.383433598798476,1.6490603047261594,-0.2256602542931402,Other Precious Metals & Mining,Basic Materials,EXK
2009Q2,2009,Q2,2009-06-30,2009-06-30,-1832000.0,8236000.0,-2114000.0,-0.0354,2596000.0,0.3152015542,76588000.0,56920000.0,20444000.0,6726000.0,19668000.0,6365000.0,-48299000.0,89106595.2,90661595.2,1.0987110413124617,3.0395480225988702,0.11060479448477568,0.14882290934645115,-0.04121503806229913,1.0987110413124617,-0.032185523541813074,10.819159203496843,-12.159742794759826,1.5654707519325368,0.0,0.8860958366064414,0.0,0.10753642868334465,2.093220338983051,-0.02392019637541129,-81.22752525068368,0.31520155415250123,-0.020172910662824183,0.4968974611962067,0.0,0.7400510351093561,-0.0030721966205837174,-0.052873563218390804,-3.8375286041189933,0.30597135099336537,0.16688032722001786,-0.2135527160282961,Other Precious Metals & Mining,Basic Materials,EXK
2009Q1,2009,Q1,2009-03-31,2009-03-31,-1740000.0,8487000.0,-437000.0,-0.0347,2604000.0,0.3068221987,74916000.0,57732000.0,20755000.0,5015000.0,17184000.0,3768000.0,-46467000.0,77624979.60000001,77108979.60000001,1.1527809792815713,4.138584247258225,0.0970019755459448,0.12587473151804893,-0.006192871265495137,1.1527809792815713,-0.030139264186239866,9.146339059738425,-11.153014310344828,1.3445745790895864,0.0,1.5613057324840764,0.0,0.11328688130706391,3.387238285144566,-0.023226013134710875,-13.070378784307124,0.3068221986567692,0.6529999999999999,0.6771413364067581,0.0,13.289024301877049,2.863501483679525,0.6620703049135754,0.5715686274509804,0.306960966798411,1.4561840623495597,0.4364431301084804,Other Precious Metals & Mining,Basic Materials,EXK
2008Q4,2008,Q4,2008-12-31,2008-12-31,-5149000.0,7900000.0,-1020000.0,-0.1,674000.0,0.0853164557,67292000.0,56472000.0,13098000.0,5339000.0,10820000.0,3159000.0,-44727000.0,50021287.56,46439287.56,1.1515385310885429,2.453268402322532,0.0,0.0,-0.014823316458848173,1.1515385310885429,-0.09117792888511121,6.331808551898734,-2.4286894328995925,0.8857714895877603,0.0,2.287432731877176,0.0,0.11739879926291387,1.7093088593369545,-0.07651726802591689,-16.267085385365853,0.08531645569620253,0.33333333333333326,-9.39419440051512,0.0,11.00845764211804,-0.772681281618887,0.3067187289618958,0.5306028531983433,-25.212267470351616,0.18399917432632712,-0.157316730600447,Other Precious Metals & Mining,Basic Materials,EXK
2008Q3,2008,Q3,2008-09-30,2008-09-30,-7427000.0,10613000.0,-2173000.0,-0.15,2965000.0,0.2793743522,73652000.0,59316000.0,17664000.0,6794000.0,14336000.0,2949000.0,-39578000.0,102985003.8,99868003.8,1.2095314405377533,2.599941124521637,0.0,0.0,-0.039131731442650634,1.2095314405377533,-0.12521073572054758,9.703665674173184,-3.46657478793591,1.7362095185110258,0.0,2.593421498813157,0.0,0.144096562211481,2.16588166028849,-0.10083908108401672,-23.734732380732886,0.2793743522095543,-1.152080344332855,-21.26795811622896,0.0,370.8319550039822,-0.19843200865098676,-1.173544044483465,0.2337799717912553,-1.2547679474173428,0.0,1.5763231701776308,Other Precious Metals & Mining,Basic Materials,EXK
2008Q2,2008,Q2,2008-06-30,2008-06-30,-3417000.0,10060000.0,-2836000.0,-0.0697,3699000.0,0.367693837,81286000.0,66059000.0,24316000.0,7564000.0,15227000.0,2908000.0,-32151000.0,152985437.28,144633437.28,1.3472137195828657,3.2147012162876787,0.0,0.0,-0.062001824568388035,1.3472137195828657,-0.051726486928351925,15.207299928429423,-11.192964389815629,2.3158909047972265,0.0,2.187414030261348,0.0,0.12376054917205916,2.830248545742993,-0.042036759097507564,-23.27128647398844,0.36769383697813124,-0.6999999999999998,-8.518714161344116,0.0,141.12142848787488,-0.11124459394521864,-0.6991546494281452,-0.5463467829880043,-0.5898579268056248,0.0,2.6614494773976514,Other Precious Metals & Mining,Basic Materials,EXK
2008Q1,2008,Q1,2008-03-31,2008-03-31,-2011000.0,10729000.0,-1834000.0,-0.041,4162000.0,0.3879205891,82014000.0,69014000.0,27710000.0,6165000.0,13000000.0,2187000.0,-28734000.0,166586223.2,151725223.2,1.4085654593314534,4.494728304947283,0.0,0.0,-0.03790138582222088,1.4085654593314534,-0.029139015272263598,15.526724130860284,-20.70937633018399,2.413803332657142,0.0,3.0027434842249656,0.0,0.1308191284414856,4.139983779399838,-0.024520203867632356,-51.08439840539712,0.3879205890576941,0.6583333333333332,-0.9153315308907626,0.0,38.050035121096116,0.8845031524127309,0.6479874950381428,0.34456205737211765,-3.1673569216150455,0.0,2.6480418580416902,Other Precious Metals & Mining,Basic Materials,EXK
2007Q4,2007,Q4,2007-12-31,2007-12-31,-5712865.229653999,10997843.674456,-2798129.129734,-0.12,2208539.685737001,0.2008157009,82151000.0,70376000.0,30494000.0,5129000.0,11775000.0,2916000.0,-26723000.0,188345688.83,171768688.83,1.4834038503115337,5.945408461688438,0.0,0.0,-0.04976941319153607,1.4834038503115337,-0.08117632757835057,17.125692490743315,-8.242172765267876,2.676277265402978,0.0,3.0141646051848423,0.0,0.13387352161819088,5.37687658412946,-0.06954103090228968,-32.35852720407271,0.20081570088749642,-0.5584415584415584,-4.187857563947488,0.0,28.449018352233615,1.7106284552914257,-0.5632604889059641,-0.08562483806398856,-6.14899310267677,0.0,3.3946914651308773,Other Precious Metals & Mining,Basic Materials,EXK
2007Q3,2007,Q3,2007-09-30,2007-09-30,-3654455.076551,7693272.56245,-2577436.54311,-0.077,814770.3464949997,0.1059068608,83971383.964545,72583618.04996,38781662.973409,5396100.926672,11387765.914585,4096873.489122,-22056851.329573,155136121.53,134789886.638783,1.5299366045932192,7.1869788019934715,0.0,0.0,-0.06063920820872368,1.5299366045932192,-0.05034820769110192,20.16516641919097,-10.612808084948078,2.1373434625870855,0.0,1.6789637840218323,0.0,0.0916177892899599,6.352810742976623,-0.04352024349264043,-82.07195836696427,0.1059068608165272,-0.6923076923076923,-19.005635272313594,0.0,297.10246413147854,-0.3687926860759624,-0.7633174274389025,0.5586660062819093,-3.304548385814294,0.0,2.9551679245189963,Other Precious Metals & Mining,Basic Materials,EXK
2007Q2,2007,Q2,2007-06-30,2007-06-30,-2072488.4922500001,6374199.154533,-5840104.2743069995,-0.0455,1290812.5880699996,0.2025058453,79671996.242367,72475191.169563,39344330.671677,3272454.673556,7196805.072804,3973267.261625,-18352900.892438,205262218.37,181173037.533927,1.5924173224394111,12.022880252432538,0.0,0.0,-0.04333824872892116,1.5924173224394111,-0.0285958333990621,32.20204034949679,-24.76035682919001,2.832172155155388,0.0,1.279397088527083,0.0,0.08000551580435242,10.79835327862893,-0.026012759689682755,-23.588990817393476,0.20250584532678756,-1.5999999999999996,-256.5099452806537,0.0,17620.59138734934,-0.6474661680489349,-1.7461214041772264,-5.149947320664871,0.3521535348178926,0.0,1.5219437195486925,Other Precious Metals & Mining,Basic Materials,EXK
2007Q1,2007,Q1,2007-03-31,2007-03-31,-754696.601941,7227095.180305,-949618.5852979999,-0.0175,3661528.2593620005,0.5066389978,67666803.918169,57047071.775312,41759216.366158,4187317.094313,7939809.292649,3054772.018031,-16301448.509015,194277513.54,163123035.38466,1.3243029984202725,9.972785778004067,0.0,0.0,-0.027086011833375924,1.3243029984202725,-0.013229366178749364,26.88182578104652,-64.35616413282462,3.4055650446913317,0.0,1.1672121192341025,0.0,0.10680414563461413,9.179517436020292,-0.01115312913040302,-54.062763973140115,0.5066389978286512,-3.3750000000000004,0.9881710695685998,0.0,3.042193112888251,-0.6403442842458834,-3.6958504123727756,0.03884008200685031,0.8371981269116617,0.0,15.415084970667182,Other Precious Metals & Mining,Basic Materials,EXK
