Quarters,Year,Quarter,FillingDate,Date,NetIncome,Revenue,OperatingIncome,EPSDiluted,GrossProfit,GrossProfitRatio,TotalAssets,CommonStockEquity,CurrentAssets,CurrentLiability,TotalLiability,Inventory,RetainedEarnings,MarketCap,EnterpriseValue,bookValuePerShare,currentRatio,debtToAssets,debtToEquity,roic,shareholdersEquityPerShare,roe,priceToSalesRatio,peRatio,pbRatio,payoutRatio,inventoryTurnover,dividendYield,assetTurnover,quickRatio,returnOnAssets,priceToFreeCashFlowsRatio,grossProfitMargin,epsdilutedGrowth,fiveYNetIncomeGrowthPerShare,fiveYRevenueGrowthPerShare,fiveYShareholdersEquityGrowthPerShare,grossProfitGrowth,netIncomeGrowth,operatingIncomeGrowth,threeYNetIncomeGrowthPerShare,threeYRevenueGrowthPerShare,threeYShareholdersEquityGrowthPerShare,Industry,Sector,Symbol
2023Q1,2023,Q1,2023-05-04,2023-03-31,35653000.0,161519000.0,107050000.0,0.44,161519000.0,1.0,20103370000.0,2440236000.0,2623842000.0,245000000.0,17663134000.0,0.0,929806000.0,2622866542.0499997,2886539542.0499997,32.609463893328936,10.70955918367347,0.03159420534965033,0.26028220221322856,0.02889683549450285,32.609463893328936,0.014610472101878672,16.238749262006326,18.391625824264437,1.0748413440544275,0.7119737469497658,0.0,0.009677960961048435,0.008034424079146929,10.70955918367347,0.0017734837492420425,45.26632280085601,1.0,-0.5111111111111111,0.877085509381079,0.13572467179442727,0.16745573235070835,-0.13622507914777102,-0.4944557881005048,-0.17068220201112472,4.328970030196525,0.06155441998054504,0.06603552768902345,Banks—Regional,Financial Services,AUB
2022Q4,2022,Q4,2023-02-24,2022-12-31,70524000.0,186992000.0,129082000.0,0.9,186992000.0,1.0,20461138000.0,2372737000.0,3060307000.0,1016000000.0,18088401000.0,0.0,919537000.0,2625381085.6,3872753085.6,31.75842876195055,3.012113188976378,0.07652863687249457,0.6599395550370732,0.028083784627463724,31.75842876195055,0.029722636769266883,14.040071690767519,9.30669376949691,1.1064779137342233,0.35987748851454826,0.0,0.009667167992946707,0.009138885627964584,3.012113188976378,0.00344672911154795,33.9815566548881,1.0,0.21621621621621626,1.7188280066433776,0.22636650602363523,0.32760700105430113,51.408071748878925,0.21446530049939727,0.45870201489417,0.359874230359886,0.24636699346900565,0.016519215492065833,Banks—Regional,Financial Services,AUB
2022Q3,2022,Q3,2022-11-03,2022-09-30,58070000.0,3568000.0,88491000.0,0.74,3568000.0,1.0,19950231000.0,2281150000.0,3107077000.0,133800000.0,17669081000.0,0.0,874393000.0,2269498375.62,2403120375.62,30.53597118397042,23.22180119581465,0.026234082201855205,0.22943515332178946,0.026188874063954537,30.53597118397042,0.025456458365298206,636.0701725392377,9.77052856733253,0.994892214725029,0.437024281040124,0.0,0.011182206725777907,0.00017884504695710038,23.22180119581465,0.002910743239013122,17.933185113114664,1.0,-0.06329113924050639,0.6446323076617511,-0.9761112613252836,0.28160333532267845,-0.9796330757023963,-0.06678880210844342,0.03717811976230383,0.1939267949129392,-0.978558027534641,-0.011140171671351421,Banks—Regional,Financial Services,AUB
2022Q2,2022,Q2,2022-08-04,2022-06-30,62226000.0,175186000.0,85319000.0,0.79,175186000.0,1.0,19661799000.0,2391476000.0,3192409000.0,290000000.0,17270323000.0,0.0,841701000.0,2538840734.08,2977142734.08,31.951144012739757,11.008306896551725,0.03454872059265787,0.2840463379101442,0.023136581032141123,31.951144012739757,0.026019914061441555,14.492258137522404,10.200080087423265,1.0616208291782983,0.3837463439719731,0.0,0.009405473797336498,0.008909968004453712,11.008306896551725,0.0031648172173868727,29.30062706675284,1.0,0.36206896551724155,1.0230135088707286,0.19228540565242927,0.3542506162151851,0.09966856655033018,0.4242618448157473,0.397572402044293,0.3973751058988345,0.15167893228248172,0.04366464582889252,Banks—Regional,Financial Services,AUB
2022Q1,2022,Q1,2022-05-05,2022-03-31,43690000.0,159308000.0,61048000.0,0.58,159308000.0,1.0,19782430000.0,2498335000.0,3584645000.0,0.0,17284095000.0,0.0,803354000.0,2771732988.3599997,2769372988.3599997,33.07097456174392,0.0,0.019664166636757973,0.15570569999619746,0.0174414658039982,33.07097456174392,0.01748764677275065,17.398580035905287,15.860225385442893,1.1094320771073534,0.552300297550927,0.0,0.008705744781815157,0.008053004610657033,0.0,0.002208525444043022,25.049552538273833,1.0,-0.07936507936507943,0.3201662602255469,0.09492834297544946,0.42147767532076186,-0.07929884585820873,-0.08558153163523724,-0.0597729827965932,0.24123460936435426,0.07369037924546974,0.028276400395969434,Banks—Regional,Financial Services,AUB
2021Q4,2021,Q4,2022-02-25,2021-12-31,47779000.0,173029000.0,64929000.0,0.63,173029000.0,1.0,20064796000.0,2710071000.0,4281327000.0,0.0,17354725000.0,0.0,783794000.0,2821150189.44,2410197189.44,35.82175382518723,0.0,0.019373433948693026,0.14343683246675087,0.017941085857740714,35.82175382518723,0.01763016540895054,16.304493405382914,14.761454767994307,1.040987556945925,0.5054312564097198,0.0,0.008559983828721146,0.008623511547289093,0.0,0.002381235273959426,28.902266053068335,1.0,-0.32978723404255317,0.41578666046792523,0.2457484488078355,0.6667724297601582,0.042827094495639546,-0.3592302018373231,0.0,-0.05476484997481786,0.1566586674739521,0.22811243107287596,Banks—Regional,Financial Services,AUB
2021Q3,2021,Q3,2021-11-04,2021-09-30,74565000.0,165923000.0,0.0,0.94,165923000.0,1.0,19935657000.0,2694439000.0,0.0,0.0,17241218000.0,0.0,760164000.0,2811999731.75,2039710731.75,35.30941914002549,0.0,0.014576093479136404,0.10784582616270029,0.0,35.30941914002549,0.027673664165342025,16.947618664983153,9.428014925735935,1.0436308752025933,0.32544759605713136,0.0,0.008629801676722724,0.00832292610170811,0.0,0.0037402830516195178,28.061629128911864,1.0,-0.10476190476190485,1.086665533934789,0.12173854188190507,0.5368064483447403,-0.007073396965979474,-0.12670992223367375,0.0,0.6877395282087365,0.14904905779589908,0.23909174037011025,Banks—Regional,Financial Services,AUB
2021Q2,2021,Q2,2021-08-05,2021-06-30,85384000.0,167105000.0,0.0,1.05,167105000.0,1.0,19989356000.0,2747597000.0,15427921000.0,0.0,17241759000.0,0.0,709866000.0,2854849425.3399997,2283226425.3399997,34.8592687434462,0.0,0.014524229795096951,0.1056668790947144,0.0,34.8592687434462,0.03107588194338544,17.08416519757039,8.358853606471937,1.039034991427054,0.293872388269465,0.0,0.008789255145045576,0.008359699031824737,0.0,0.004271473278078594,57.41737747309989,1.0,0.5671641791044776,1.4507373779894663,0.11859005260290852,0.5416218679565376,0.01889565015914052,0.5195856840306822,0.0,0.5088418877866642,0.10895990083177406,0.23219851976760364,Banks—Regional,Financial Services,AUB
2021Q1,2021,Q1,2021-05-06,2021-03-31,56189000.0,164006000.0,0.0,0.67,164006000.0,1.0,19854612000.0,2709732000.0,15463485000.0,0.0,17144880000.0,0.0,649574000.0,3025202632.48,2914715632.48,34.359787474727845,0.0,0.014610106709715607,0.10705043893639667,0.0,34.359787474727845,0.02073599898440141,18.445682673072938,13.459941592126574,1.1164213407377555,0.40340636067557706,0.0,0.0074927212334924,0.008260347772094464,0.0,0.0028300225660415827,37.41608391129581,1.0,-0.06944444444444435,0.8588732421271892,0.16420581894454467,0.5499475409698534,-0.06731042640552314,-0.05453474676089517,0.0,1.8070592565677983,0.09426240692631764,0.23011929852453958,Banks—Regional,Financial Services,AUB
2020Q4,2020,Q4,2021-02-26,2020-12-31,59430000.0,175842000.0,0.0,0.72,175842000.0,1.0,19628449000.0,2708490000.0,15386605000.0,100000000.0,16919959000.0,0.0,616052000.0,2593087198.2,2691635198.2,34.40596238411525,153.86605,0.030049699800529323,0.21777041820350085,0.0,34.40596238411525,0.021942115348404463,14.746688494216398,10.908157488642098,0.9573921994173874,0.38107016658253406,0.0,0.008733605262376248,0.008958527492416747,30.317,0.00302774814250479,59.62902012555476,1.0,-0.027027027027027053,0.9026947935228801,0.2677859842311545,0.5520053873945291,0.037575085263816276,-0.025737704918032785,0.0,1.1744408437762166,0.09450295236794291,0.4382826329836632,Banks—Regional,Financial Services,AUB
2020Q3,2020,Q3,2020-11-03,2020-09-30,61000000.0,169474000.0,0.0,0.74,169474000.0,1.0,19930650000.0,2660885000.0,15787087000.0,150200000.0,17269765000.0,0.0,579269000.0,1682125723.6100001,2366687723.61,33.80431774621841,105.10710386151797,0.060120267025912354,0.45031483886000334,0.0,33.80431774621841,0.02292470362304271,9.925568073037752,6.893957883647541,0.6321677650894345,0.3667049180327869,0.0,0.013298054768459291,0.008503184793270667,19.68717709720373,0.003060612674448651,36.14986941481131,1.0,0.8974358974358974,0.9181305664896946,0.22516010831043287,0.5317896670489478,-0.007391528441570612,0.9863883552053144,0.0,0.639589026643503,0.07686095499173684,0.41877676366827055,Banks—Regional,Financial Services,AUB
2020Q2,2020,Q2,2020-08-04,2020-06-30,30709000.0,170736000.0,0.0,0.39,170736000.0,1.0,19752317000.0,2618226000.0,16020606000.0,0.0,17134091000.0,0.0,540638000.0,1822964477.4,2031620477.4,33.26346448971129,0.0,0.053047650055434006,0.40019998273640245,0.0,33.26346448971129,0.01172893401868288,10.677094914956424,14.840636925656975,0.6962594051850375,0.6407567813995897,0.0,0.010793956900391328,0.008643846694035945,0.0,0.0015547036836235466,26.820922748940678,1.0,3.333333333333334,0.14716803421514776,0.23378812415676792,0.5191632343284464,0.05903807267178603,3.3319226971364087,0.0,-0.05063648846008971,0.10495832188156162,0.40987337619842334,Banks—Regional,Financial Services,AUB
2020Q1,2020,Q1,2020-05-08,2020-03-31,7089000.0,161218000.0,0.0,0.09,161218000.0,1.0,17847376000.0,2425450000.0,14156300000.0,355000000.0,15421926000.0,0.0,529606000.0,1736458708.8,2679466708.8,30.58947197005759,39.876901408450706,0.08027415346659363,0.5906875012884207,0.0,30.58947197005759,0.0029227566018676945,10.770873654306591,61.23778772746508,0.7159325934568843,2.796586260403442,0.0,0.011416914148048067,0.00903314862644234,6.936839436619718,0.00039720124683875096,39.14293108516298,1.0,-0.8695652173913044,-0.7431548709193901,0.2013809296164213,0.39805999133440595,-0.0019315297467962607,-0.8730388996346443,0.0,-0.7959132104465596,0.05571082519862663,0.3148161516711632,Banks—Regional,Financial Services,AUB
2019Q4,2019,Q4,2020-02-25,2019-12-31,55836000.0,161530000.0,0.0,0.69,161530000.0,1.0,17562990000.0,2513102000.0,13892099000.0,370200000.0,15049888000.0,0.0,581395000.0,3020484712.85,4070319712.85,31.24232998052798,37.52592922744462,0.08242873223750626,0.5760589900449723,0.0,31.24232998052798,0.02221796011463124,18.699218181452363,13.523912497537431,1.2018949938561982,0.3600902643455835,0.0,0.006656547511882238,0.009197181117793725,6.3298352242031335,0.003179185320950476,37.23523111539836,1.0,0.06153846153846142,1.088218729166186,0.23317152331791305,0.44841406364553316,-0.11315958515655454,0.048799729516510765,0.0,0.5561167663749582,0.09378452222363216,0.4536935993457345,Banks—Regional,Financial Services,AUB
2019Q3,2019,Q3,2019-11-05,2019-09-30,53238000.0,182141000.0,0.0,0.65,182141000.0,1.0,17441035000.0,2525031000.0,13789419000.0,344600000.0,14916004000.0,0.0,545665000.0,3045493593.285,3938157593.285,30.87997945632165,40.015725478816016,0.08496749189483307,0.5868922005313995,0.0,30.87997945632165,0.021084097581376228,16.72052746655064,14.301314818761973,1.2061212687230374,0.3855328900409482,0.0,0.00673946582756093,0.01044324491063747,7.278340104468949,0.0030524564625895195,41.45841344539131,1.0,0.10169491525423738,0.9915031049857024,0.2507245293634364,0.4418417242935819,0.09212956300666762,0.09042869139544886,0.0,0.3903611483995226,0.14916089362263868,0.3440196046565144,Banks—Regional,Financial Services,AUB
2019Q2,2019,Q2,2019-08-06,2019-06-30,48823000.0,166776000.0,0.0,0.59,166776000.0,1.0,17159384000.0,2512295000.0,13419448000.0,618050000.0,14647089000.0,0.0,512952000.0,2906656760.7000003,4427002760.700001,30.61437803842031,21.712560472453685,0.10713094362827943,0.7317217922258333,0.0,30.61437803842031,0.019433625430134598,17.428507463304076,14.883644802142435,1.1569727124800233,0.38662105974643096,0.0,0.006494058829104458,0.00971923001431753,3.7496141088908663,0.0028452653078921714,228.8886338058115,1.0,0.2553191489361702,0.8595106828141849,0.16638056896367026,0.4475664220251222,0.11038909158699299,0.37023939827678143,0.0,0.3459666762105787,0.07227116991287684,0.35389514350585094,Banks—Regional,Financial Services,AUB
2019Q1,2019,Q1,2019-05-07,2019-03-31,35631000.0,150196000.0,0.0,0.47,150196000.0,1.0,16897655000.0,2459465000.0,13040378000.0,939700000.0,14438190000.0,0.0,483005000.0,2543464853.1956224,3940852853.1956224,32.16156137494639,13.87717143769288,0.09938236992055999,0.6828025607195061,0.0,32.16156137494639,0.014487297034111076,16.934304862949894,17.845870542474408,1.0341537095244788,0.5286969212202857,0.0,0.0074064322046093305,0.008888570633025707,2.544432265616686,0.0021086357840777313,218.6986116247311,1.0,-0.29850746268656725,1.8008163406619582,0.18001411437567894,0.5377578188994838,0.15120066835800075,-0.19176590677101055,0.0,0.21562278962009754,0.0995139530290983,0.45078699929426763,Banks—Regional,Financial Services,AUB
2018Q4,2018,Q4,2019-02-27,2018-12-31,44085000.0,130469000.0,0.0,0.67,130469000.0,1.0,13765599000.0,1924581000.0,10575687000.0,1048600000.0,11841018000.0,0.0,467345000.0,1862680441.92,3318778441.92,29.168138778542804,10.085530230783903,0.12473710733546721,0.8921843247958906,0.0,29.168138778542804,0.022906284536738125,14.276804772934568,10.563005795168424,0.9678368652293668,0.3442440739480549,0.0,0.008147398586714635,0.009477902123983126,1.9414495517833301,0.0032025486141213323,25.015517410725078,1.0,0.1551724137931036,1.0561237080421837,0.04935575598887811,0.659904101478963,0.04505623017525872,0.1541482315365081,0.0,0.6839155001881595,0.12226834971093208,0.31573440728604135,Banks—Regional,Financial Services,AUB
2018Q3,2018,Q3,2018-11-06,2018-09-30,38197000.0,124844000.0,0.0,0.58,124844000.0,1.0,13371742000.0,1880029000.0,10291630000.0,1016250000.0,11491713000.0,0.0,438513000.0,2516275068.3052983,3756502068.3052983,28.496210562648695,10.127065190651907,0.11322518786258365,0.8053163009719531,0.0,28.496210562648695,0.0203172397872586,20.155354428769492,16.469062153476045,1.3384235393737534,0.39730868916407047,0.0,0.006031137132484081,0.00933640508469278,2.122442312423124,0.0028565462899299136,27.631940924023745,1.0,-0.19444444444444448,0.8138840659075336,0.0005777199096163553,0.6358105274053146,-0.009355435118986217,-0.1929131362647115,0.0,0.43302602824930786,0.07679724423192709,0.29126111100997965,Banks—Regional,Financial Services,AUB
2018Q2,2018,Q2,2018-08-07,2018-06-30,47327000.0,126023000.0,0.0,0.72,126023000.0,1.0,13066106000.0,1864870000.0,10495340000.0,742900000.0,11201236000.0,0.0,415492000.0,2562932924.319055,3242408924.319055,28.290302401938256,14.127527258042806,0.0956656099376509,0.6702756760524863,0.0,28.290302401938256,0.02537817649487632,20.33702518047543,13.538429037964876,1.3743225663553251,0.2924546242102817,0.0,0.005400453468237922,0.009645031197512097,2.865189123704402,0.003622119704217921,156.47676441291014,1.0,1.88,0.8756367881585586,-0.030230460889451617,0.6324440630803878,0.011542320504073524,1.8443416070677325,0.0,1.1110524155280024,0.08741163388297504,0.29203581035137566,Banks—Regional,Financial Services,AUB
2018Q1,2018,Q1,2018-05-09,2018-03-31,16639000.0,124585000.0,0.0,0.25,124585000.0,1.0,13149292000.0,1831077000.0,10760106000.0,1022000000.0,11318215000.0,0.0,382299000.0,2406510401.7453704,3575726401.7453704,27.932077413906537,10.528479452054794,0.1143356615702199,0.8210648705652466,0.0,27.932077413906537,0.009087001802764165,19.316213041259946,36.15767777128088,1.3142595323655806,0.8298575635555021,0.0,0.005737768675333989,0.009474654604977971,1.553225048923679,0.0012653913229700884,69.03159409498782,1.0,-0.28571428571428564,-0.29182125581819157,-0.0052535459242394516,0.6251565332314651,0.3956445270928787,0.09568023179244041,0.0,-0.27082704094613763,0.12292289459525842,0.2766065378788756,Banks—Regional,Financial Services,AUB
2017Q4,2017,Q4,2018-02-27,2017-12-31,15186000.0,89267000.0,0.0,0.35,89267000.0,1.0,9315179000.0,1046329000.0,7708006000.0,745000000.0,8268850000.0,0.0,379468000.0,1582075748.689998,2553460748.6899977,23.921558666631032,10.346316778523489,0.12562957727382373,1.1184455367288875,0.0,23.921558666631032,0.014513599451033088,17.722963118397594,26.04497149825494,1.5120251361569812,0.6048992493085736,0.0,0.0058062959422810565,0.009582961315075104,1.5746295302013422,0.001630242424756411,123.1379007386362,1.0,-0.2553191489361702,-0.05096328950307017,0.3774886398231837,0.4165172618614356,0.021536877038393316,-0.264885274469939,0.0,0.04446284583254456,0.253282991993031,0.10901850209843199,Banks—Regional,Financial Services,AUB
2017Q3,2017,Q3,2017-11-07,2017-09-30,20658000.0,87385000.0,0.0,0.47,87385000.0,1.0,9029436000.0,1041371000.0,7421258000.0,574000000.0,7988065000.0,0.0,373468000.0,1542844171.793365,2375524171.793365,23.826382424544924,12.929020905923345,0.1117179411870243,0.9686749486974383,0.0,23.826382424544924,0.019837310622247018,17.65570946722395,18.67126744836583,1.4815509283371295,0.42312905411946944,0.0,0.0056655105938791415,0.00967779161400557,1.9937822299651569,0.0022878505368441617,33.80538950882721,1.0,0.14634146341463414,0.2709917866998305,-0.04714804147594574,0.39236174349786873,0.01878191526569823,0.1504789485408777,0.0,0.4457389096139329,0.12262105109566855,0.11249660535804969,Banks—Regional,Financial Services,AUB
2017Q2,2017,Q2,2017-08-08,2017-06-30,17956000.0,85774000.0,0.0,0.41,85774000.0,1.0,8915187000.0,1030869000.0,7311565000.0,602000000.0,7884318000.0,0.0,361552000.0,1481207262.6868541,2336235262.6868544,23.593228336152254,12.145456810631229,0.11623536331879522,1.0052295684514716,0.0,23.593228336152254,0.017418314063183588,17.26872085581708,20.622734220968674,1.4368530460095843,0.4866896858988639,0.0,0.005899917060997786,0.00962111058354693,1.896626245847176,0.0020140912355512005,-312.8209636086281,1.0,-0.06818181818181825,0.2625458821390211,-0.03267849660098965,0.40808270614650605,0.020183879063239648,-0.06107508889353692,0.0,0.2844372644688686,0.12665635420073745,0.1155792576848939,Banks—Regional,Financial Services,AUB
2017Q1,2017,Q1,2017-05-09,2017-03-31,19124000.0,84077000.0,0.0,0.44,84077000.0,1.0,8669920000.0,1015631000.0,7073716000.0,522500000.0,7654289000.0,0.0,352335000.0,1535765239.64,2289172239.6400003,23.2652085473529,13.538212440191387,0.10799165390222747,0.9218692615723624,0.0,23.2652085473529,0.018829673375468058,18.266175525292294,20.076412356724536,1.5121291489133357,0.4563375862790211,0.0,0.005682509132740694,0.009697551995866168,2.1740287081339713,0.0022057873659733886,32.45488672104818,1.0,-0.0833333333333333,0.4296732955665046,-0.0072860689591881,0.4117833747896897,-0.016792768351010956,-0.07955912788179237,0.0,1.6333578438134755,0.15712577001711417,0.11239177522918566,Banks—Regional,Financial Services,AUB
2016Q4,2016,Q4,2017-02-28,2016-12-31,20777000.0,85513000.0,0.0,0.48,85513000.0,1.0,8426793000.0,1001032000.0,6837683000.0,517500000.0,7425761000.0,0.0,341938000.0,1664684732.3152678,2416704732.3152676,21.491688478637624,13.212914009661835,0.11045815412814816,0.9298483964548586,0.0,21.491688478637624,0.02075558024119109,19.467036968826587,20.03037893241647,1.6629685487729342,0.41945420416807044,0.0,0.00523522552398198,0.010147751345025326,2.1749797101449277,0.002465588035685699,73.8841921048896,1.0,0.02127659574468087,0.3796720395476963,-0.05461953235765262,0.3179729192278247,0.012623302189539,0.01843046909465222,0.0,0.37274947978337575,-0.02568898914563661,0.22305170461003235,Banks—Regional,Financial Services,AUB
2016Q3,2016,Q3,2016-11-03,2016-09-30,20401000.0,84447000.0,0.0,0.47,84447000.0,1.0,8258230000.0,1000964000.0,6658457000.0,601500000.0,7257266000.0,0.0,329876000.0,1166260133.49,1872380133.49,22.97584004677783,11.069753948462179,0.10430830819679278,0.8605724081984967,0.0,22.97584004677783,0.02038135237630924,13.810557313936553,14.291703023013579,1.1651369414784147,0.4054703200823489,0.0,0.007092757235254435,0.010225798990824911,1.845828761429759,0.00247038408956883,47.8485325957988,1.0,0.06818181818181812,0.34152873095548303,-0.019812189481293183,0.3221675271972921,0.018489036833345393,0.055024047163468995,0.0,0.4671080668339622,0.024938382151759673,0.3189164552904813,Banks—Regional,Financial Services,AUB
2016Q2,2016,Q2,2016-08-04,2016-06-30,19337000.0,82914000.0,0.0,0.44,82914000.0,1.0,8100561000.0,989201000.0,6506605000.0,557000000.0,7111360000.0,0.0,317747000.0,1080978022.183417,1695742022.183417,22.61207463906381,11.681517055655297,0.10265301378509464,0.8406249083856567,0.0,22.61207463906381,0.01954809993115656,13.037340161895663,13.975513551525793,1.0927789419778355,0.4279360810880695,0.0,0.007655104757158443,0.010235587387095783,2.094157989228007,0.0023871186205498608,53.86575753355676,1.0,0.15789473684210525,0.6831750757703403,-0.007356369658789083,0.3252312975248177,0.04893353237355464,0.1400860798301987,0.0,0.15477055096331058,-0.03857938891981109,0.3047915315299457,Banks—Regional,Financial Services,AUB
2016Q1,2016,Q1,2016-05-05,2016-03-31,16961000.0,79046000.0,0.0,0.38,79046000.0,1.0,7832611000.0,980978000.0,6248449000.0,466000000.0,6851633000.0,0.0,306685000.0,1089908883.628724,1714881883.628724,22.16835510008796,13.408688841201716,0.09673172841087091,0.7723537123156686,0.0,22.16835510008796,0.017289888254374716,13.78828636020449,16.06492664979547,1.1110431463587604,0.4958434054595838,0.0,0.007716241354047771,0.010091909326277022,2.3006394849785408,0.002165433723186304,53.08601060000604,1.0,-0.050000000000000044,0.6063038763141886,-0.06034896389859466,0.3213854863361656,-0.0007963695660417905,-0.04793713163064833,0.0,0.06941111104771432,-0.06501614112769585,0.2898090817966243,Banks—Regional,Financial Services,AUB
2015Q4,2015,Q4,2016-02-25,2015-12-31,17815000.0,79109000.0,0.0,0.4,79109000.0,1.0,7693291000.0,995367000.0,6141765000.0,304000000.0,6697924000.0,0.0,298134000.0,1133266635.96,1587471635.96,22.16871324259717,20.203174342105264,0.07736585032335316,0.5979683875394703,0.0,22.16871324259717,0.017897921068309477,14.325381890303253,15.903264607914677,1.1385414987235862,0.45366264383946114,0.0,0.007131596169469569,0.010282855542575993,3.4351480263157894,0.0023156539899504645,39.97413177989418,1.0,0.0,1.3280977354293728,-0.1255938806008359,0.3442613984737605,-0.0015776055733649696,-0.022013614404918752,0.0,0.08457971954961031,0.1892112721644389,0.31272236140696313,Banks—Regional,Financial Services,AUB
2015Q3,2015,Q3,2015-11-05,2015-09-30,18216000.0,79234000.0,0.0,0.4,79234000.0,1.0,7594313000.0,995012000.0,6058225000.0,332000000.0,6599301000.0,0.0,288841000.0,1082097816.0,1525872816.0,22.06851141080207,18.2476656626506,0.08199978062531792,0.6258537585476356,0.0,22.06851141080207,0.018307316896680643,13.656988363581291,14.850925230566535,1.0875223776195664,0.39926438296003514,0.0,0.006721203843553456,0.010433333469400063,3.2158102409638554,0.0023986369800665314,27.190436867100534,1.0,0.1764705882352941,0.2952556177018686,-0.10821165192572557,0.3264648519026825,-0.0013486091680215777,0.18686473807662235,0.0,0.08642457548692527,-0.16248573303860142,0.28963560127755583,Banks—Regional,Financial Services,AUB
2015Q2,2015,Q2,2015-08-06,2015-06-30,15348000.0,79341000.0,0.0,0.34,79341000.0,1.0,7497706000.0,988134000.0,5954675000.0,261000000.0,6509572000.0,0.0,278297000.0,1048790941.52,1474270941.52,21.89591199817021,22.814846743295018,0.07486209782031998,0.5680342949438032,0.0,21.89591199817021,0.015532306347114866,13.218776439923873,17.083511557206148,1.061385339964013,0.47537138389366695,0.0,0.0069565818230904975,0.010582036692289616,3.9240459770114944,0.0020470261170550032,56.404804857480904,1.0,-0.02857142857142844,0.008339695524418732,-0.11966837918143651,0.3413985894169796,0.03932459162420257,-0.022482644417553023,0.0,0.044846924250121045,-0.13368436266459857,0.3067840729827579,Banks—Regional,Financial Services,AUB
2015Q1,2015,Q1,2015-05-07,2015-03-31,15701000.0,76339000.0,0.0,0.35,76339000.0,1.0,7388559000.0,986916000.0,5841411000.0,335000000.0,6401643000.0,0.0,270618000.0,1001803526.3840309,1499667526.3840308,21.879942319829112,17.43704776119403,0.08593204710147134,0.6433313473487106,0.0,21.879942319829112,0.01590915538911113,13.123089461271839,15.951269447551606,1.0150848971787172,0.4095917457486784,0.0,0.006419422402327164,0.01033205527627241,3.6618328358208956,0.002125042244367271,54.947538744187746,1.0,0.06060606060606049,3.5927304592530485,-0.13577094576043983,0.18243538699958958,0.03391345567820139,0.04173301486199575,0.0,0.13600531980842656,-0.1276548366221519,0.32772241201365515,Banks—Regional,Financial Services,AUB
2014Q4,2014,Q4,2015-02-27,2014-12-31,15072000.0,73835000.0,0.0,0.33,73835000.0,1.0,7359171000.0,978025000.0,5796533000.0,343000000.0,6381146000.0,0.0,262532000.0,1091831844.32,1602276844.32,21.570026668958,16.899513119533527,0.08731173660728905,0.656979116075765,0.0,21.570026668958,0.01541064901203957,14.787456413895848,18.11026811836518,1.1163639419442242,0.42953821656050956,0.0,0.005929484502288033,0.010033059430199408,3.5982827988338193,0.002048056771611911,72.07286582084626,1.0,0.0,1.615472767254033,0.17654422722307953,0.714103772649495,-0.09182041820418205,0.009916912355936747,0.0,0.028115859154353034,-0.16147713147187107,0.3227769909733369,Banks—Regional,Financial Services,AUB
2014Q3,2014,Q3,2014-11-05,2014-09-30,14924000.0,81300000.0,0.0,0.33,81300000.0,1.0,7194334000.0,977673000.0,5629184000.0,195000000.0,6216661000.0,0.0,254260000.0,1054499037.9000001,1400280037.9,21.417038317053166,28.867610256410256,0.06868766448708108,0.5054471177991006,0.0,21.417038317053166,0.015264817582156816,12.97046787084871,17.6644840173546,1.0785805048313701,0.4366791744840525,0.0,0.006180185818830513,0.011300559579246668,6.3795743589743585,0.0020744102233785644,17.90442539221679,1.0,0.03125000000000003,0.7419978698036181,-0.07342538401713673,-0.059161708043719036,0.01006336190831159,0.009742895805142085,0.0,-0.06341625965197253,-0.09940720453689406,0.23246473399430936,Banks—Regional,Financial Services,AUB
2014Q2,2014,Q2,2014-08-06,2014-06-30,14780000.0,80490000.0,0.0,0.32,80490000.0,1.0,7307080000.0,976969000.0,5733286000.0,200000000.0,6330111000.0,0.0,246178000.0,1184898672.0,1525115672.0,21.148858921161825,28.66643,0.0682606458393777,0.5105443468523566,0.0,21.148858921161825,0.015128422703279224,14.721066865449124,20.04226441136671,1.2128313917841815,0.4175236806495264,0.0,0.005208040270299164,0.011015344022509676,6.26673,0.0020226957964056777,-245.32063602484473,1.0,0.8823529411764705,3.557779863742112,-0.15465305582907035,0.04610461666012457,0.02940236088552391,0.891234804862444,0.0,0.21832995268760064,-0.08744780637228854,0.23947626198093017,Banks—Regional,Financial Services,AUB
2014Q1,2014,Q1,2014-05-08,2014-03-31,7815000.0,78191000.0,0.0,0.17,78191000.0,1.0,7294637000.0,982513000.0,5728287000.0,216600000.0,6312124000.0,0.0,237864000.0,1194165914.72,1567451914.72,20.914581593845007,26.446385041551245,0.07060214236842766,0.5241833950288698,0.0,20.914581593845007,0.007954093228282985,15.272421566676472,38.201084923864364,1.2154199636238912,0.8102367242482406,0.0,0.005302445767332661,0.010718970662967876,5.634487534626039,0.0010713350095419415,24.44806868092947,1.0,-0.46875,0.28710418778255464,-0.09870349131872255,0.03183735216112724,0.6638507043452355,-0.035661401776900296,0.0,-0.3028248333337239,-0.12445163783624112,0.2466520157280702,Banks—Regional,Financial Services,AUB
2013Q4,2013,Q4,2014-03-11,2013-12-31,8104000.0,46994000.0,0.0,0.32,46994000.0,1.0,4176571000.0,438239000.0,3345028000.0,211500000.0,3738332000.0,0.0,236639000.0,618745496.66064,956732496.66064,17.572183087296548,15.81573522458629,0.0983723250484668,0.93752267598274,0.0,17.572183087296548,0.01849219261635774,13.16647862834915,19.087657226697928,1.4118905361244436,0.3996791707798618,0.0,0.005234785574167139,0.01125181398807778,3.547139479905437,0.0019403477158654791,37.195401061655545,1.0,0.0,0.9381144942110897,0.018051958532336876,-0.12953520766038074,-0.0018478791869331577,0.019884218474704254,0.0,0.906655639108094,-0.06483734711067722,0.06553804691637734,Banks—Regional,Financial Services,AUB
2013Q3,2013,Q3,2013-11-07,2013-09-30,7946000.0,47081000.0,0.0,0.32,47081000.0,1.0,4047108000.0,433671000.0,3302848000.0,72000000.0,3613437000.0,0.0,232024000.0,581788322.574664,777653322.574664,17.420239132369893,45.87288888888889,0.0669102480091957,0.6244203555229656,0.0,17.420239132369893,0.018322645507769714,12.357178534327309,18.304440050801155,1.3415430650762075,0.4068713818273345,0.0,0.005557003938636276,0.011633245270449911,9.227291666666666,0.001963377305473439,12.493038772029976,1.0,-0.15789473684210525,0.011339686774921393,-0.13177127695821542,0.09773667548159093,-0.033958470124753774,-0.1603085702208602,0.0,0.023293080461699596,-0.04027921416113048,0.04707265889795322,Banks—Regional,Financial Services,AUB
2013Q2,2013,Q2,2013-08-08,2013-06-30,9463000.0,48736000.0,0.0,0.38,48736000.0,1.0,4056557000.0,428429000.0,3318167000.0,28000000.0,3628128000.0,0.0,227563000.0,514212812.078229,669047812.078229,17.330028661781554,118.50596428571428,0.05576872209610268,0.5280431530078497,0.0,17.330028661781554,0.02208767380359406,10.550985146056899,13.584825427407509,1.200228770877389,0.3169185247807249,0.0,0.0058322156304883195,0.012014129223378347,23.346642857142857,0.0023327664322231882,19.019559553122836,1.0,0.05555555555555561,0.19618756277614574,-0.02882505198968292,0.09923606674522005,0.01779299974939437,0.05343426472225314,0.0,0.1348988052209427,-0.012875938513019429,0.061681103002800615,Banks—Regional,Financial Services,AUB
2013Q1,2013,Q1,2013-05-09,2013-03-31,8983000.0,47884000.0,0.0,0.36,47884000.0,1.0,4051135000.0,430773000.0,3310410000.0,0.0,3620362000.0,0.0,221330000.0,485979805.07657397,606920805.076574,17.18731509411363,0.0,0.048794720491911525,0.4588820562105796,0.0,17.18731509411363,0.02085321039155193,10.149106279270194,13.524986226109707,1.1281575332636309,0.3410887231437159,0.0,0.006304788734003499,0.01181989738678173,0.0,0.0022174032709351824,7.834593020741157,1.0,-0.027027027027027053,0.3274470358750609,-0.023856124588629707,0.08399360304047816,0.2522293993043751,-0.04861258208006778,0.0,3.728883613951845,-0.024412113052781563,-0.0711634757659241,Banks—Regional,Financial Services,AUB
2012Q4,2012,Q4,2013-03-13,2012-12-31,9442000.0,38239000.0,0.0,0.37,38239000.0,1.0,4095865000.0,435863000.0,3349896000.0,78000000.0,3660002000.0,0.0,215634000.0,407018448.59,599396448.5899999,16.887587119973304,42.947384615384614,0.0671714033543586,0.6312189839467907,0.0,16.887587119973304,0.02166277018237382,10.644066230549962,10.77680704803008,0.9338219775250479,0.3083033255666172,0.0,0.007152009964374672,0.00933600106448821,8.56575641025641,0.0023052517600067384,-25.70209955733771,1.0,0.0,0.3706968035940084,-0.2115942974987589,0.07703743695038728,-0.29596420812313584,-0.01911489715354249,0.0,1.878459915689958,0.07045737197189804,0.34200468258816613,Banks—Regional,Financial Services,AUB
2012Q3,2012,Q3,2012-11-08,2012-09-30,9626000.0,54314000.0,0.0,0.37,54314000.0,1.0,4028193000.0,442949000.0,3242455000.0,59500000.0,3585244000.0,0.0,209308000.0,408464858.15999997,542048858.16,17.112207036577054,54.49504201680672,0.04859747286190111,0.44194704130723855,0.0,17.112207036577054,0.02173162147335246,7.520434108333026,10.608374666528153,0.9221487308019658,0.25202576355703304,0.0,0.005939311427985098,0.013483465166639235,1.0449747899159665,0.00238965709934951,-13.813021479151871,1.0,0.15624999999999997,-0.07030998526867255,0.09642047535230215,0.10047602526450385,0.034611501609615784,0.14323040380047505,0.0,0.9815030491888328,0.09166188935003201,-0.2482704937276019,Banks—Regional,Financial Services,AUB
2012Q2,2012,Q2,2012-08-08,2012-06-30,8420000.0,52497000.0,0.0,0.32,52497000.0,1.0,3982288000.0,433436000.0,3186045000.0,0.0,3548852000.0,0.0,202278000.0,373795114.29999995,457200114.29999995,16.755569991140465,0.0,0.0390792931098906,0.3590495482608736,0.0,16.755569991140465,0.01942616672357626,7.120313814122711,11.098429759501187,0.8623997875118817,0.230166270783848,0.0,0.005184658455553281,0.013182622653107962,0.0,0.0021143623966925545,-34.60104732944552,1.0,0.03225806451612906,-0.225008364371096,0.07171156699989072,0.10366717973393497,0.04648659423901126,0.0627287643569355,0.0,3.6368075671974642,-0.015409558448022902,-0.17120449912477037,Banks—Regional,Financial Services,AUB
2012Q1,2012,Q1,2012-05-09,2012-03-31,7923000.0,50165000.0,0.0,0.31,50165000.0,1.0,3947799000.0,426104000.0,3156259000.0,0.0,3521695000.0,0.0,195933000.0,361996824.0,406650824.0,16.479304801856493,0.0,0.03938979669430992,0.36494142275125324,0.0,16.479304801856493,0.018594052156281096,7.216123273198445,11.422340780007573,0.8495504008411092,0.213807901047583,0.0,0.004679599067421652,0.012707080578317183,0.0,0.002006941082866681,16.149757929957616,1.0,-0.03125000000000003,-0.2143152487564792,0.05089739445662565,0.07240066546953379,-0.000975823475524754,-0.05227272727272727,0.0,1.3707555559812836,0.050567926983875584,-0.18698052093913833,Banks—Regional,Financial Services,AUB
2011Q4,2011,Q4,2012-03-14,2011-12-31,8360000.0,50214000.0,0.0,0.32,50214000.0,1.0,3907087000.0,421639000.0,3095557000.0,0.0,3485448000.0,0.0,189824000.0,343638413.64,402677413.64,16.30662372883139,0.0,0.03976901461370069,0.3685166694731749,0.0,16.30662372883139,0.019827387883948118,6.843478186163221,10.276268350478468,0.8150062343379051,0.28696172248803825,0.0,0.006981175284184682,0.012852030169791459,0.0,0.0021397015218755045,-32.49228570726172,1.0,-0.030303030303030328,-0.33760758195118,-0.024457388985829238,0.07938898193010764,-0.02288382953882078,-0.07838165582625951,0.0,0.928389927044627,0.04920639548812531,-0.19222661365627164,Banks—Regional,Financial Services,AUB
2011Q3,2011,Q3,2011-11-08,2011-09-30,9071000.0,51390000.0,0.0,0.33,51390000.0,1.0,3914457000.0,451581000.0,3135474000.0,0.0,3462876000.0,0.0,184845000.0,278577177.44,284417177.44,17.377404583125422,0.0,0.039662716948991907,0.34380985913933493,0.0,17.377404583125422,0.020087204731819984,5.420844083284686,7.67768651306361,0.6168930434185672,0.2519016646455738,0.0,0.00820239483003644,0.013128257635733385,0.0,0.0023173073557839568,15.61618798363137,1.0,0.3750000000000001,-0.28762554264566403,-0.01635927930006822,0.19291180192328947,0.036381236639374016,0.330058651026393,0.0,0.1060103138604014,-0.09213220855989049,0.09503745560716309,Banks—Regional,Financial Services,AUB
2011Q2,2011,Q2,2011-08-09,2011-06-30,6820000.0,49586000.0,0.0,0.24,49586000.0,1.0,3851524000.0,443116000.0,3085805000.0,2900000.0,3408408000.0,0.0,178125000.0,316312237.08,411300237.08,17.062738166007094,1064.0706896551724,0.04103206938344406,0.3566470179366125,0.0,17.062738166007094,0.015391003710089458,6.379063386439721,11.595023353372435,0.7138361898013161,0.3350439882697947,0.0,0.007223874805141004,0.012874384269707264,21.740689655172414,0.0017707276392409863,20.507795453838174,1.0,0.09090909090909087,-0.48168553092585664,-0.05871736068010288,0.21021216805966084,0.004843252882647375,0.10106554730384243,0.0,-0.1793354174459371,-0.05937278652470931,0.08228194860798592,Banks—Regional,Financial Services,AUB
2011Q1,2011,Q1,2011-05-10,2011-03-31,6194000.0,49347000.0,0.0,0.22,49347000.0,1.0,3812700000.0,435489000.0,3056974000.0,0.0,3377211000.0,0.0,173655000.0,292028861.25,422899861.25,16.776599508107694,0.0,0.05647546358223831,0.4944418802771138,0.0,16.776599508107694,0.014223091742845398,5.917864535838045,11.786763854133032,0.6705768945943525,0.36745237326444946,0.0,0.007793750214474735,0.01294279644346526,0.0,0.0016245705143336743,6.890398311783304,1.0,0.29411764705882343,-0.5028851666892259,-0.0016137637353503631,0.1997523147928882,-0.056552910811585894,0.4000904159132007,0.0,-0.11624031391276006,-0.028704559052713966,0.058090018596859444,Banks—Regional,Financial Services,AUB
2010Q4,2010,Q4,2011-03-09,2010-12-31,4424000.0,52305000.0,0.0,0.17,52305000.0,1.0,3837247000.0,428085000.0,3089732000.0,23500000.0,3409162000.0,0.0,169801000.0,383661028.38,561963028.38,16.49137085076381,131.47795744680852,0.062206576746297544,0.5576042141163554,0.0,16.49137085076381,0.010334396206360886,7.335073671350731,21.680663900316453,0.8962262830512633,0.5149186256781193,0.0,0.005937532956158731,0.013630866087067109,2.570212765957447,0.0011529098856550022,15.080422482606815,1.0,-0.4137931034482758,-0.6187073954411773,0.10444395447316579,0.20833251984435994,0.025548017724795105,-0.45200049547875637,0.0,-0.3614400580328915,0.07224884141644008,0.0517680037249194,Banks—Regional,Financial Services,AUB
2010Q3,2010,Q3,2010-11-09,2010-09-30,8073000.0,51002000.0,0.0,0.29,51002000.0,1.0,3859323000.0,430596000.0,3105900000.0,41200000.0,3428727000.0,0.0,167718000.0,338014923.64,515078923.64,16.63708720147916,75.38592233009709,0.06642978574221438,0.5953933617590502,0.0,16.63708720147916,0.018748432405317282,6.627483699462766,10.467450874520004,0.7849931807076703,0.2500929022668153,0.0,0.005973109051688852,0.013215271175799487,1.925,0.0020918176581747627,37.691226989295274,1.0,-0.09375000000000008,-0.40774817089649606,0.021680897205793418,0.22564064663670177,-0.012889989935743593,-0.07483382993353198,0.0,-0.22020173795424675,0.029692519171232428,0.06992134657605326,Banks—Regional,Financial Services,AUB
2010Q2,2010,Q2,2010-08-09,2010-06-30,8726000.0,51668000.0,0.0,0.32,51668000.0,1.0,3874199000.0,422307000.0,3136998000.0,35000000.0,3451892000.0,0.0,161726000.0,317185668.88,433816668.88,16.323195932155382,89.62851428571429,0.06463065010341493,0.5929146331933878,0.0,16.323195932155382,0.020662693253959797,6.138919038476426,9.08737304836122,0.7510784071303578,0.23114829245931698,0.0,0.006359051489060455,0.013336434189364046,3.821742857142857,0.00225233654750311,-46.927898931794644,1.0,4.333333333333334,-0.33431343986103096,0.08415824899267096,0.2449458634684215,0.17697441855167545,4.135962330782814,0.0,-0.196949569276556,0.054648574751791,0.07518727373715305,Banks—Regional,Financial Services,AUB
2010Q1,2010,Q1,2010-05-10,2010-03-31,1699000.0,43899000.0,0.0,0.06,43899000.0,1.0,3849699000.0,414801000.0,3137579000.0,45000000.0,3434898000.0,0.0,155067000.0,338491671.7,478763671.7,18.50413355384188,69.72397777777778,0.06773828291510584,0.62866772259469,0.0,18.50413355384188,0.004095939980858291,7.710692081824187,49.807485535609175,0.8160338854052908,0.9582107121836374,0.0,0.004809571803713007,0.011403229187528688,2.6777777777777776,0.00044133320553113375,21.408618790715323,1.0,-0.5384615384615385,-0.8166326916008907,0.1940475207180002,0.46892267831625856,0.414910075420615,-0.40365040365040367,0.0,-0.8056619988863529,0.060766534940518875,0.20416761360234267,Banks—Regional,Financial Services,AUB
2009Q4,2009,Q4,2010-03-16,2009-12-31,2849000.0,31026000.0,0.0,0.13,31026000.0,1.0,2587272000.0,282088000.0,2043795000.0,115201000.0,2305184000.0,0.0,155047000.0,277742504.13,547824504.13,12.583851113994779,17.74112203887119,0.12194736386433278,1.1184843027707665,0.0,12.583851113994779,0.010099685204617,8.951927548830014,24.37192910933661,0.9845952473341653,0.6535626535626535,0.0,0.00670405131484115,0.011991781304787437,0.394345535195007,0.001101159831668259,-17.67259507062866,1.0,0.0,-0.6834615253291422,-0.1692279287096043,0.02001438401396989,0.07999164578111946,0.01568627450980392,0.0,-0.7396202481991101,-0.304730948797624,-0.16703356448463974,Banks—Regional,Financial Services,AUB
2009Q3,2009,Q3,2009-11-09,2009-09-30,2805000.0,28728000.0,0.0,0.13,28728000.0,1.0,2583284000.0,340231000.0,2040573000.0,15000000.0,2243053000.0,0.0,155073000.0,186079617.29999998,330638617.29999995,22.763782575771668,136.0382,0.08334739811805439,0.6328347505077433,0.0,22.763782575771668,0.00824439865855845,6.477291050543023,16.584636122994652,0.5469214072203884,0.5536541889483066,0.0,0.00834588990741653,0.011120728499073272,4.716733333333333,0.0010858271874095145,6.205135964385754,1.0,12.0,-0.4480185139157981,0.20126189878597553,0.8551037216910514,0.02665999571152884,1.9433368310598111,0.0,-0.6169924513900031,-0.043941274554752635,0.5626720757496313,Banks—Regional,Financial Services,AUB
2009Q2,2009,Q2,2009-08-07,2009-06-30,953000.0,27982000.0,0.0,0.01,27982000.0,1.0,2615447000.0,274459000.0,2064872000.0,65000000.0,2340988000.0,0.0,153947000.0,203229830.79000002,388588830.79,20.21677238045591,31.76726153846154,0.10143963918978285,0.9666653307051326,0.0,20.21677238045591,0.003472285477976674,7.2628772350082205,53.31317701731375,0.7404742813680731,1.6316894018887722,0.0,0.007651435785560445,0.01069874480346954,1.2300153846153845,0.00036437366155766106,-10.318330157900082,1.0,-0.8571428571428571,-0.8013252617693242,0.36864971949658043,0.7091027376642262,0.11717970215993931,-0.45636052481460354,0.0,-0.8614505172555806,0.016114795538161798,0.4339189698440835,Banks—Regional,Financial Services,AUB
2009Q1,2009,Q1,2009-05-11,2009-03-31,1753000.0,25047000.0,0.0,0.07,25047000.0,1.0,2602033000.0,274912000.0,2109053000.0,65000000.0,2327121000.0,0.0,154672000.0,187847550.0,289622550.0,20.26926196269262,32.446969230769234,0.10196258079739957,0.9650724595506925,0.0,20.26926196269262,0.006376585962053312,7.499802371541502,26.78943953223046,0.6833006562099871,1.1968054763262979,0.0,0.01116863115861772,0.009625934797906098,2.5159230769230767,0.0006737039845382438,782.698125,1.0,-0.5882352941176471,-0.5875041622525679,0.3467003506181441,0.8918782995191502,-0.0022705544933078396,-0.22911169744942833,0.0,-0.7307318863107699,-0.03013555966467049,0.4495246159468497,Banks—Regional,Financial Services,AUB
2008Q4,2008,Q4,2009-03-16,2008-12-31,2274000.0,25104000.0,0.0,0.17,25104000.0,1.0,2551932000.0,273798000.0,2098587000.0,55000000.0,2278134000.0,0.0,155140000.0,336362386.437,453546386.437,20.187126741871268,38.156127272727275,0.1039643689565396,0.9689990430901614,0.0,20.187126741871268,0.008305393026976093,13.398756629899617,36.97915418172823,1.2285056371375978,1.1007036059806508,0.0,0.00744137900350165,0.00983725271676518,2.6932,0.0008910895744870945,-43.43522552130681,1.0,-0.4516129032258064,-0.5388683231997264,0.31546100017477174,0.9626963403448608,-0.14516293799162325,-0.4655699177438308,0.0,-0.6248964151479529,0.014520653662583883,0.4791227451714848,Banks—Regional,Financial Services,AUB
2008Q3,2008,Q3,2008-11-10,2008-09-30,4255000.0,29367000.0,0.0,0.31,29367000.0,1.0,2448165000.0,213949000.0,2013933000.0,70000000.0,2234216000.0,0.0,155387000.0,323568000.0,604972000.0,15.869233051476042,28.77047142857143,0.1367595729862979,1.5649056550860252,0.0,15.869233051476042,0.019887917213915467,11.018081520073553,19.011045828437133,1.5123604223436427,0.5870740305522915,0.0,0.0077201701033476735,0.011995515008179596,0.7629428571428571,0.0017380364477067518,21.350577367205542,1.0,-0.03125000000000003,-0.13925638908647722,0.41107631143848533,0.5736240746925678,0.06843483955468238,-0.018001384721901683,0.0,-0.4007481298938886,0.1293434178354362,0.16907345758880005,Banks—Regional,Financial Services,AUB
2008Q2,2008,Q2,2008-08-11,2008-06-30,4333000.0,27486000.0,0.0,0.32,27486000.0,1.0,2395930000.0,213475000.0,1963286000.0,86750000.0,2182455000.0,0.0,153630000.0,201619906.25,431652906.25,15.76552042464805,22.631538904899134,0.12377657110182685,1.3892024827263145,0.0,15.76552042464805,0.020297458718819533,7.335367323364622,11.6328125,0.9444661260100714,0.5758135241172397,0.0,0.01237477016235841,0.01147195452287838,0.7668818443804034,0.0018084835533592385,26.574391228417028,1.0,0.18518518518518512,-0.1578947601476015,0.36714260899467693,0.5727376747126087,0.03826540248555132,0.18647316538882805,0.0,-0.368421052631579,0.10196282990290796,0.20241278237850835,Banks—Regional,Financial Services,AUB
2008Q1,2008,Q1,2008-05-12,2008-03-31,3652000.0,26473000.0,0.0,0.27,26473000.0,1.0,2362083000.0,214461000.0,1931984000.0,197809000.0,2147622000.0,0.0,151792000.0,261997200.14592597,525407200.145926,15.85555029651944,9.766916571035695,0.13658241475849917,1.5043247956504913,0.0,15.85555029651944,0.017028737159670057,9.896770299774335,17.935186209332283,1.2216542874738343,0.6829134720700986,0.0,0.009519185695919283,0.011207480854821782,0.29932409546582817,0.001546093003505804,-127.67894743953508,1.0,0.0,-0.22115385568519125,0.4709315742954297,0.6483818852277543,0.04150601935636163,0.011634349030470914,0.0,-0.34677419393129294,0.19336741949123323,0.2586688990312561,Banks—Regional,Financial Services,AUB
2007Q4,2007,Q4,2008-03-14,2007-12-31,3610000.0,25418000.0,0.0,0.27,25418000.0,1.0,2301397000.0,212082000.0,1874630000.0,200837000.0,2089315000.0,0.0,152238000.0,285938062.114074,558609062.114074,15.67966585060424,9.3340868465472,0.14367229991174926,1.5590526305862826,0.0,15.67966585060424,0.017021718014730153,11.249431981826815,19.801804855545292,1.348242953735225,0.6858725761772854,0.0,0.008659217949837712,0.011044595956282205,0.288671908064749,0.0015686124558257442,-147.39075366704844,1.0,-0.325,-0.23764946893883093,0.359505333466438,0.6909941137532127,-0.008271556769410847,-0.3261153630763487,0.0,-0.3352699818627574,0.12798028390689803,0.27095310960587055,Banks—Regional,Financial Services,AUB
2007Q3,2007,Q3,2007-11-09,2007-09-30,5357000.0,25630000.0,0.0,0.4,25630000.0,1.0,2219032000.0,208251000.0,1798288000.0,129700000.0,2010781000.0,0.0,151104000.0,324902050.0,534864050.0,15.549822661937652,13.864980724749422,0.116947389672614,1.2461404747156075,0.0,15.549822661937652,0.02572376603233598,12.676630901287554,15.1625,1.5601464098611773,0.4620123203285421,0.0,0.007617680467082309,0.011550081296709556,0.3820200462606014,0.0024141157045053877,36.200785515320334,1.0,-0.04761904761904753,0.13207549239591135,0.44340981716237343,0.6920671548508985,0.007745842016278064,-0.05034568338946995,0.0,0.1764706304689253,0.19604828942248145,0.2672117999624025,Banks—Regional,Financial Services,AUB
2007Q2,2007,Q2,2007-08-09,2007-06-30,5641000.0,25433000.0,0.0,0.42,25433000.0,1.0,2166914000.0,203905000.0,1759278000.0,76769000.0,1963009000.0,0.0,148222000.0,311598099.830952,476181099.830952,15.181723529352201,22.916515781109563,0.10132104919715319,1.076746524116623,0.0,15.181723529352201,0.02766484392241485,12.251724131284236,13.809524013071796,1.528153305857885,0.4259882999468179,0.0,0.007711857040539317,0.011736967872282887,0.7160572626971825,0.0026032412915325664,-113.51479046664917,1.0,0.1052631578947368,0.36956530383299663,0.5362526297140104,0.7486513754155704,0.04366202962780582,0.09576534576534576,0.0,0.18867931895988516,0.25739002278517453,0.28344548566817807,Banks—Regional,Financial Services,AUB
2007Q1,2007,Q1,2007-05-10,2007-03-31,5148000.0,24369000.0,0.0,0.38,24369000.0,1.0,2118855000.0,202841000.0,1718198000.0,25500000.0,1916014000.0,0.0,144984000.0,342408013.2,459693013.2,15.366742424242425,67.3803137254902,0.08122783295695081,0.8484970987127849,0.0,15.366742424242425,0.025379484423760482,14.05096693339899,16.628205769230767,1.688061157261106,0.452991452991453,0.0,0.006810588275099398,0.011501022958154286,2.15,0.0024296141076194456,-186.1925030995106,1.0,-0.2083333333333333,0.42682928384565083,0.5344883833412131,0.8706285591388012,-0.0726110286562393,-0.2009933260903306,0.0,0.24468089473684224,0.3462781457831048,0.434290334805192,Banks—Regional,Financial Services,AUB
