Quarters,Year,Quarter,FillingDate,Date,NetIncome,Revenue,OperatingIncome,EPSDiluted,GrossProfit,GrossProfitRatio,TotalAssets,CommonStockEquity,CurrentAssets,CurrentLiability,TotalLiability,Inventory,RetainedEarnings,MarketCap,EnterpriseValue,bookValuePerShare,currentRatio,debtToAssets,debtToEquity,roic,shareholdersEquityPerShare,roe,priceToSalesRatio,peRatio,pbRatio,payoutRatio,inventoryTurnover,dividendYield,assetTurnover,quickRatio,returnOnAssets,priceToFreeCashFlowsRatio,grossProfitMargin,epsdilutedGrowth,fiveYNetIncomeGrowthPerShare,fiveYRevenueGrowthPerShare,fiveYShareholdersEquityGrowthPerShare,grossProfitGrowth,netIncomeGrowth,operatingIncomeGrowth,threeYNetIncomeGrowthPerShare,threeYRevenueGrowthPerShare,threeYShareholdersEquityGrowthPerShare,Industry,Sector,Symbol
2023Q1,2023,Q1,2023-05-15,2023-03-31,-658546.0,0.0,-1315104.0,-0.0331,-1315104.0,0.0,47262657.0,32174697.0,411229.0,2749600.0,15087960.0,0.0,-14677506.0,204385087.79,205348119.79,1.6167233224446975,0.14955957230142566,0.02050024398755237,0.030113601380612847,-0.026479299047803995,1.6167233224446975,-0.02046782289822341,0.0,-77.58952593668475,6.352354702516702,0.0,0.0,0.0,0.0,17.041494035496072,-0.013933749006112797,-232.17478424004352,0.0,-1.0894594594594595,-1.0753643905715158,0.0,-0.7847136571651169,-0.18831119544592032,-1.048854343660106,-4.508935079297258,-1.0753643905715158,0.0,-0.7847136571651169,Shell Companies,Financial Services,CSTA
2022Q4,2022,Q4,2023-03-31,2022-12-31,13479784.0,0.0,-238722.0,0.37,-1106700.0,0.0,314588465.0,302031689.0,71197.0,1232776.0,12556776.0,0.0,-12486354.0,366667538.88,366888575.88,8.327817578608556,0.05775339558849296,0.0008225985018236444,0.000856797513058307,-0.004051689285172146,8.327817578608556,0.0446303632729081,0.0,6.800322966599465,1.2140035374897367,0.0,0.0,0.0,0.0,255.1599082071682,0.04284894552634026,-4536.617080075225,0.0,1.4666666666666668,10.350957352388876,0.0,0.044530652219164794,-2.990049213130712,1.2527555335030058,0.13932183224271266,10.350957352388876,0.0,0.044530652219164794,Shell Companies,Financial Services,CSTA
2022Q3,2022,Q3,2022-11-10,2022-09-30,5983687.0,0.0,-277365.0,0.15,-277365.0,0.0,312170665.0,299404358.0,276130.0,1198987.0,12766307.0,0.0,-12490952.0,384787500.0,384927713.0,7.726564077419355,0.23030274723579156,0.0008289696278796728,0.0008643160765215047,-0.0019411581676664188,7.726564077419355,0.019985303620730865,0.0,16.076521883581144,1.2851766840347727,0.0,0.0,0.0,0.0,0.0988893123945464,0.019167999017460528,-6412.056323946009,0.0,-0.06250000000000006,1.2295236565802519,0.0,0.03708043398406457,0.22786441659382325,-0.05756241770564925,0.22786441659382325,1.2295236565802519,0.0,0.03708043398406457,Shell Companies,Financial Services,CSTA
2022Q2,2022,Q2,2022-08-12,2022-06-30,6349160.0,0.0,-359218.0,0.16,-359218.0,0.0,310708372.0,296551197.0,429414.0,1074906.0,14157175.0,0.0,-13728536.0,380912500.0,380992703.0,7.652934116129032,0.39948981585366533,0.000733630054873449,0.0007686531105116396,-0.0026688928844771642,7.652934116129032,0.021409996197047892,0.0,14.998539176835992,1.2844746669493297,0.0,0.0,0.0,0.0,0.13744643717683222,0.02043446708285028,-2133.569144079806,0.0,-0.3333333333333333,2.4454389570700195,0.0,0.036836380544288394,0.0,-0.314646432208755,-0.5524017372890512,2.4454389570700195,0.0,0.036836380544288394,Shell Companies,Financial Services,CSTA
2022Q1,2022,Q1,2022-05-13,2022-03-31,9264065.0,0.0,-231395.0,0.24,0.0,0.0,310485954.0,293671745.0,438035.0,724308.0,16814209.0,0.0,-16329030.0,380137500.0,380039169.0,7.578625677419355,0.6047634431761074,0.0,0.0,-0.0016162452140246694,7.578625677419355,0.03154564631336937,0.0,10.25838819136092,1.294429942519666,0.0,0.0,0.0,0.0,0.13575854470750012,0.029837307873837024,-3039.9326658563114,0.0,6.339449541284403,-0.45551148385899143,0.0,0.009186038919136878,0.0,6.801015708023099,0.15934010041634272,-0.45551148385899143,0.0,0.009186038919136878,Shell Companies,Financial Services,CSTA
2021Q4,2021,Q4,2022-03-18,2021-12-31,1187546.0,0.0,-275254.0,0.0327,0.0,0.0,310698099.0,289155410.0,628115.0,709390.0,21542689.0,0.0,-20845365.0,353973806.08,353750428.08,7.972784293994278,0.885429735406476,0.0,0.0,-0.002478271525333661,7.972784293994278,0.004106947194935762,0.0,74.5179146913046,1.224164562855663,0.0,0.0,0.0,0.0,0.31488743850350304,0.0038221862438881544,-1358.7202751420236,0.0,-0.5328571428571429,0.0,0.0,0.0,0.0,-0.5575199872123572,0.6948386631854944,0.0,0.0,0.0,Shell Companies,Financial Services,CSTA
2021Q3,2021,Q3,2021-11-12,2021-09-30,2683841.0,0.0,-901995.0,0.07,0.0,0.0,311059170.0,288699264.0,1021661.0,801286.0,22359906.0,0.0,-21301511.0,378200000.0,377716102.0,7.450303587096774,1.275026644668695,0.0,0.0,-0.0031243411829411523,7.450303587096774,0.009296320893980527,0.0,35.22935971244198,1.3100137311053208,0.0,0.0,0.0,0.0,0.6039017279722846,0.008628072273194839,-3817.0404311580305,0.0,1.6363636363636362,0.0,0.0,0.0,0.0,1.6109986732074413,-2.741382743087529,0.0,0.0,0.0,Shell Companies,Financial Services,CSTA
2021Q2,2021,Q2,2021-08-11,2021-06-30,-4392548.0,0.0,-241086.0,-0.11,0.0,0.0,311965494.0,286015424.0,1931974.0,809603.0,25950070.0,0.0,4998939.0,379362499.99999994,378779519.99999994,7.3810432,2.38632267914027,0.002243834697948998,0.0024474169616810594,-0.0008408546616622015,7.3810432,-0.015357731197042018,0.0,-21.591255235002553,1.326370776423582,0.0,0.0,0.0,0.0,1.5847013906816056,-0.014080236707204548,-5954.707415081308,0.0,-1.25,0.0,0.0,0.0,0.0,-1.2586938134072663,-0.9816536384484502,0.0,0.0,0.0,Shell Companies,Financial Services,CSTA
2021Q1,2021,Q1,2021-05-27,2021-03-31,16979718.0,0.0,-121659.0,0.44,0.0,0.0,312122082.0,290407972.0,2102447.0,738990.0,21714110.0,0.0,16976575.0,373178508.2,372531820.2,7.5096418154340006,2.845027672904911,0.002242708992310259,0.0024103987062724297,-0.00041791710334170137,7.5096418154340006,0.05846849824081275,0.0,5.494474469481767,1.285014683412341,0.0,0.0,0.0,0.0,1.8223345376798061,0.05440088663768429,-445.09308873272363,0.0,0.0,0.0,0.0,0.0,0.0,0.0,0.0,0.0,0.0,0.0,Shell Companies,Financial Services,CSTA
