Year,Date,FillingDate,NetIncome,Revenue,OperatingIncome,EPSDiluted,GrossProfit,GrossProfitRatio,TotalAssets,CommonStockEquity,CurrentAssets,CurrentLiability,TotalLiability,Inventory,RetainedEarnings,EnterpriseValue,bookValuePerShare,currentRatio,debtToAssets,debtToEquity,roic,shareholdersEquityPerShare,roe,priceToSalesRatio,peRatio,pbRatio,payoutRatio,inventoryTurnover,dividendYield,assetTurnover,quickRatio,returnOnAssets,priceToFreeCashFlowsRatio,grossProfitMargin,epsdilutedGrowth,fiveYNetIncomeGrowthPerShare,fiveYRevenueGrowthPerShare,fiveYShareholdersEquityGrowthPerShare,grossProfitGrowth,netIncomeGrowth,operatingIncomeGrowth,threeYNetIncomeGrowthPerShare,threeYRevenueGrowthPerShare,threeYShareholdersEquityGrowthPerShare,Industry,Sector,Price,MarketCap,AvgVolume,Symbol
2022,2022-12-31,2023-02-21,45788000.0,358535000.0,77921000.0,0.34,193073000.0,0.5385053063,4750389000.0,1387768000.0,3927632000.0,1479280000.0,3361365000.0,0.0,-1466568000.0,3677182460.0,10.901384110226077,2.655097074252339,0.6716104723213193,2.2989512656294138,0.01608485826984497,10.901384110226077,0.03299398746764589,2.2120335811008687,17.320945662619028,0.5714870641202275,2.170677906875164,0.0,0.1253209812648846,0.07547487163682806,2.5923942728895137,0.00963878958123219,6.330702842501018,0.5385053063159803,0.6190476190476192,-0.48026824209391306,1.1967140776100638,1393.1430858221238,0.006332808639723128,0.7256350342956207,-0.5392779433328603,1.092435180172434,-0.34173620868643223,-0.3394879301413406,REIT—Diversified,Real Estate,6.935,901175510,992116,BRSP
2021,2021-12-31,2022-02-22,26534000.0,323088000.0,169128000.0,0.21,191858000.0,0.5938258307,5638369000.0,1455288000.0,4738989000.0,1041291000.0,4147054000.0,0.0,-1410562000.0,5028043960.0,11.325550989914083,4.551070738151007,0.7039973793840028,2.7275680140288383,0.02509714217860317,11.325550989914083,0.018232817146846533,4.080525924825435,49.686023969247,0.9059161897851147,1.9565840054269994,0.0,0.03937896110660858,0.057301677133937134,3.639159466469988,0.004705970822413361,-61.9825557122708,0.5938258307334224,1.1122994652406417,-0.652756684538024,1.2698033315295711,0.18150625225632488,-0.09657338475375175,1.1103693258627934,2.5500119141448394,1.147891383283248,-0.35899500185824534,-0.49509365241489384,REIT—Diversified,Real Estate,6.935,901175510,992116,BRSP
2020,2020-12-31,2021-02-25,-240411000.0,424349000.0,-109114000.0,-1.87,212367000.0,0.500453636,6211937000.0,1665673000.0,4862716000.0,679158000.0,4253259000.0,0.0,-1234224000.0,4590961000.0,12.957595606310484,7.15991860509631,0.660288087274549,2.462468923972472,-0.018029500131770702,12.957595606310484,-0.14433265112660168,2.2719742476122247,-4.0102574341440285,0.5788110871701708,-0.215077513092163,0.0,0.05363184698841418,0.06831186472110068,3.984460169798486,-0.03870145495680333,10.005707999501848,0.5004536360401463,0.519280205655527,-3.969119020173002,2.7455311200662775,0.0,-0.1108101091980974,0.5187834023899598,0.3391676154945614,-3.7024136033514417,1.5747499670958882,1656.105385954725,REIT—Diversified,Real Estate,6.935,901175510,992116,BRSP
2019,2019-12-31,2020-02-28,-499590000.0,549327000.0,-165116000.0,-3.89,238832000.0,0.4347720028,7414306000.0,2119022000.0,5133736000.0,1338628000.0,5212956000.0,0.0,-819738000.0,6571418560.0,16.504443457874775,3.835072925413184,0.6678186737909118,2.336649643090067,-0.023417801152336652,16.504443457874775,-0.23576442339909637,3.0758101458694003,-3.382024379991593,0.7973610278704043,-0.4357993554714866,0.0,0.12885754403478603,0.07409014410789087,2.200186310162345,-0.0673818965659092,4.111431241148731,0.4347720028325569,-1.7588652482269507,-7.177571086018976,3.8545828235252495,0.0,0.08430868692738648,-1.9649610084392692,-0.8847137247739932,-7.5433467181650835,2.8623655417646865,0.7217796425847864,REIT—Diversified,Real Estate,6.935,901175510,992116,BRSP
2018,2018-12-31,2019-03-01,-168498000.0,473363000.0,-87608000.0,-1.41,220262000.0,0.46531308953171246,8660730000.0,2706905000.0,5640381000.0,1527126000.0,5815528000.0,0.0,-193327000.0,7422417830.0,22.430993478459026,3.6934614432600847,0.6459322712981469,2.066657307884835,-0.012937548655705223,22.430993478459026,-0.06224747451425151,4.025430441331494,-11.308679212809647,0.7039367210892145,-1.0996629040107302,0.0,0.09724061345423186,0.054656247221654526,1.576610574373038,-0.019455403874731114,18.918308115406763,0.46531308953171246,-3.1785718148430266,-3.216709800760397,3.4506695911048433,0.0,0.63196929619833,-2.9038461538461537,-1.6642857684462744,-3.216709800760397,3.4506695911048433,0.0,REIT—Diversified,Real Estate,6.935,901175510,992116,BRSP
2017,2017-12-31,2018-03-23,88504000.0,163964000.0,131883000.0,0.647213,134967000.0,0.823150203703252,1000000.0,1000000.0,1000000.0,42171000.0,0.0,0.0,0.0,2997551638.3999996,0.007819415539974901,0.023712978112921203,0.0,0.0,129.11966324409988,0.007819415539974901,88.504,15.911362484447803,29.477657940884026,2608.8906383999997,3.381982735243605,0.0,0.11473037451028174,163.964,30.869175499751012,88.504,24.38625786020078,0.823150203703252,0.0883492468142209,0.09869156094048714,0.4547164454539003,0.0,0.17637778804333615,0.16374538138880487,0.09390189280204377,0.09869156094048714,0.4547164454539003,0.0,REIT—Diversified,Real Estate,6.935,901175510,992116,BRSP
2016,2016-12-31,2016-12-31,76051000.0,141667000.0,120562000.0,0.594674,114731000.0,0.8098639767906428,1802192000.0,1225883000.0,1625292000.0,64215000.0,566628000.0,0.0,0.0,3097321638.3999996,9.585688580391052,25.310161177295026,0.2787788426538349,0.4098376435597851,0.06863466235875282,9.585688580391052,0.062037731170103506,18.415655293046367,34.30448828286281,2.128172622020209,1.6059354906575851,0.0,0.04681415088939974,0.07860816161652033,23.94157128396792,0.04219916634853556,29.47632573778641,0.8098639767906428,-0.05590068028290877,-0.055900389800630675,0.2568936759173825,0.0,0.03617972454278618,-0.05590038980063063,0.2732418760362872,-0.055900389800630675,0.2568936759173825,0.0,REIT—Diversified,Real Estate,6.935,901175510,992116,BRSP
2015,2015-12-31,2015-12-31,80554000.0,112712000.0,94689000.0,0.629885,110725000.0,0.9823709986514302,,,,,,,,,,0.0,0.0,0.0,0.0,,0.0,23.146520675704448,32.38685401593962,0.0,0.0,0.0,0.0,0.0,0.0,0.0,40.339095129418304,0.9823709986514302,0.0,0.0,0.0,0.0,0.0,0.0,0.0,0.0,0.0,0.0,REIT—Diversified,Real Estate,6.935,901175510,992116,BRSP
TTM,,,,,,,,,,,,,,,,3682446510.0,10.685019539730787,2.6862443676525394,0.6721942357677965,2.28664832298669,0.00504227854551119,10.685019539730787,0.0034337224718655308,2.3803468395890013,182.890230064543,0.6490395243745833,21.115969185925465,0.0,0.11535688536409518,0.08223043679503077,2.6288798263147792,0.001043220338430843,6.796554192151923,0.5174410311946961,,,,,,,,,,,REIT—Diversified,Real Estate,6.935,901175510,992116,BRSP
