Quarters,Year,Quarter,FillingDate,Date,NetIncome,Revenue,OperatingIncome,EPSDiluted,GrossProfit,GrossProfitRatio,TotalAssets,CommonStockEquity,CurrentAssets,CurrentLiability,TotalLiability,Inventory,RetainedEarnings,MarketCap,EnterpriseValue,bookValuePerShare,currentRatio,debtToAssets,debtToEquity,roic,shareholdersEquityPerShare,roe,priceToSalesRatio,peRatio,pbRatio,payoutRatio,inventoryTurnover,dividendYield,assetTurnover,quickRatio,returnOnAssets,priceToFreeCashFlowsRatio,grossProfitMargin,epsdilutedGrowth,fiveYNetIncomeGrowthPerShare,fiveYRevenueGrowthPerShare,fiveYShareholdersEquityGrowthPerShare,grossProfitGrowth,netIncomeGrowth,operatingIncomeGrowth,threeYNetIncomeGrowthPerShare,threeYRevenueGrowthPerShare,threeYShareholdersEquityGrowthPerShare,Industry,Sector,Symbol
2023Q1,2023,Q1,2023-04-19,2023-03-31,1989000000.0,42172000000.0,2870000000.0,8.36,38691000000.0,0.9174570805,109040000000.0,37356000000.0,59823000000.0,41889000000.0,71580000000.0,-12924000000.0,30707000000.0,109204875000.0,124528875000.0,157.28842105263158,1.4281314903673996,0.23354732208363904,0.681711103972588,0.03495685531691698,157.28842105263158,0.05324445872149052,2.5895114056720097,13.726102941176473,2.923355685833601,0.17647058823529413,-0.26934385639121017,0.0032141422257934917,0.3867571533382245,1.300771085487837,0.01824101247248716,17.70507052529183,0.9174570805273641,1.1272264631043256,0.630567503533233,1.0133615472161137,0.4879916917950353,0.27562559757343974,1.095890410958904,0.7982456140350878,0.38790779970280254,0.5130393337585888,0.2526298385663778,Healthcare Plans,Healthcare,ELV
2022Q4,2022,Q4,2023-02-15,2022-12-31,949000000.0,39929000000.0,1596000000.0,3.93,30331000000.0,0.7596233314,102772000000.0,36307000000.0,55617000000.0,39696000000.0,66378000000.0,-11381000000.0,29724000000.0,122065349628.99,138792349628.99,152.57730262197836,1.4010731559854896,0.2346358930447982,0.6641694439088881,0.021996954529077416,152.57730262197836,0.026138210262483818,3.0570600222642694,32.156309175181775,3.362033481945355,0.321390937829294,-0.8433353835339601,0.0024986615851839067,0.388520219515043,1.2440296251511487,0.009234032615887596,-67.21660221860684,0.7596233314132586,-0.41167664670658677,-0.17015387069128188,0.894624720913241,0.4742818811422146,-0.16905922963125308,-0.4134734239802225,-0.32344213649851633,0.07995531865652528,0.5485077573386659,0.21628155253094222,Healthcare Plans,Healthcare,ELV
2022Q3,2022,Q3,2022-10-19,2022-09-30,1618000000.0,39939000000.0,2359000000.0,6.68,36502000000.0,0.9139437642,103026000000.0,35991000000.0,55603000000.0,41287000000.0,66983000000.0,-41375000000.0,29604000000.0,108835904000.0,123735904000.0,150.21285475792988,1.3467435270181898,0.23073787199347737,0.6604984579478202,0.029668814994125835,150.21285475792988,0.04495568336528576,2.7250533062920956,16.81642521631644,3.0239755494429166,0.18912237330037082,-0.08306948640483383,0.0028115721811802106,0.3876594257760177,1.310824230387289,0.015704773552307184,23.562655120155878,0.9139437642404667,-0.01620029455081006,1.327264846004554,0.9132649718422838,0.490097735759781,0.026403846694598318,-0.02117362371445856,0.0021240441801189465,0.4567587286220907,0.5947877689228117,0.2234878250422476,Healthcare Plans,Healthcare,ELV
2022Q2,2022,Q2,2022-07-20,2022-06-30,1653000000.0,38632000000.0,2354000000.0,6.79,35563000000.0,0.9205580866,100877000000.0,35812000000.0,51820000000.0,24371000000.0,65010000000.0,-47199000000.0,28825000000.0,116157006000.0,133289006000.0,148.78271707519735,2.1262976488449388,0.23382931689086708,0.658661901038758,0.030512780629439518,148.78271707519735,0.04615771249860382,3.006756212466349,17.567605263157894,3.2435218921032054,0.1869328493647913,-0.06502256403737368,0.002660192532855057,0.3829614282740367,2.1262976488449388,0.016386292217254676,53.85118497913769,0.9205580865603644,-0.07493188010899181,1.1245557466625535,0.8952798764323824,0.4894201635951232,-0.0664654154088463,-0.07910863509749304,-0.07213243988963343,0.5427778862244411,0.6126522740713025,0.23631987079059133,Healthcare Plans,Healthcare,ELV
2022Q1,2022,Q1,2022-04-20,2022-03-31,1795000000.0,38095000000.0,2537000000.0,7.34,38095000000.0,1.0,100486000000.0,35975000000.0,52407000000.0,24788000000.0,64455000000.0,0.0,28058000000.0,118580508241.40001,135674508241.40001,149.026512013256,2.114208487978054,0.23142527317238223,0.6464211257817929,0.03305471957475478,149.026512013256,0.049895760945100766,3.1127577960729758,16.515391119972143,3.296192028947881,0.17214484679665737,0.0,0.0026058245539895475,0.37910753736838965,2.114208487978054,0.01786318492128257,51.84980683926542,1.0,0.6026200873362445,0.9467503693549848,0.8522943890055042,0.5101472018636007,0.04138760558760012,0.5955555555555555,0.5738213399503722,0.2338062288835223,0.6465068964085953,0.2785061020672573,Healthcare Plans,Healthcare,ELV
2021Q4,2021,Q4,2022-02-16,2021-12-31,1125000000.0,36581000000.0,1612000000.0,4.58,36581000000.0,1.0,97392000000.0,36060000000.0,44587000000.0,21515000000.0,61332000000.0,0.0,27088000000.0,112070413776.77672,130221413776.77672,149.1495584002541,2.0723681152684175,0.2364773287333662,0.638685524126456,0.02192139484620573,149.1495584002541,0.03119800332778702,3.063623568977795,24.90453639483927,3.1078872372927537,0.24266666666666667,0.0,0.002435968520146315,0.3756057992442911,2.0723681152684175,0.01155125677673731,84.1369472798624,1.0,-0.2528548123980424,2.331327494812814,0.8377742752060567,0.5672183508417152,0.02118809670035174,-0.2544731610337972,0.0,1.8176783236385337,0.6659767375170402,0.34488254009389524,Healthcare Plans,Healthcare,ELV
2021Q3,2021,Q3,2021-10-20,2021-09-30,1509000000.0,35822000000.0,0.0,6.13,35822000000.0,1.0,98060000000.0,35737000000.0,0.0,0.0,62252000000.0,0.0,26700000000.0,90739517079.2,108034517079.2,146.8241577649959,0.0,0.23235774015908628,0.637574502616336,0.0,146.8241577649959,0.042225144807902175,2.533066748902909,15.033054519416833,2.5390916159498556,0.18290258449304175,0.0,0.003041673670789976,0.36530695492555576,0.0,0.015388537630022436,40.40049736384684,1.0,-0.15448275862068966,1.6412325869114914,0.8097651767999047,0.5617445027015189,0.05822575403976249,-0.15839375348577803,0.0,0.6758486544782251,0.6425741418531153,0.30957822712643285,Healthcare Plans,Healthcare,ELV
2021Q2,2021,Q2,2021-07-21,2021-06-30,1793000000.0,33851000000.0,0.0,7.25,33851000000.0,1.0,96097000000.0,34968000000.0,0.0,0.0,61051000000.0,0.0,25874000000.0,93350097066.0,111333097066.0,143.01840490797545,0.0,0.24184938135425663,0.6646362388469458,0.0,143.01840490797545,0.051275451841683826,2.7576762005849162,13.015908681818182,2.6695863951612906,0.1550474065811489,0.0,0.0029780365391955574,0.35225865531702344,0.0,0.018658230746017045,66.7740322360515,1.0,0.0804769001490313,1.47074899649842,0.6970536771834926,0.5521358977121658,0.04526787092789872,0.07687687687687687,0.0,0.8009619644326309,0.5610816279875198,0.288036948640322,Healthcare Plans,Healthcare,ELV
2021Q1,2021,Q1,2021-04-21,2021-03-31,1665000000.0,32385000000.0,0.0,6.71,32385000000.0,1.0,95683000000.0,33853000000.0,0.0,0.0,61765000000.0,0.0,24793000000.0,87920725972.51363,101828725972.51363,138.21012761012568,0.0,0.24282265397196995,0.6863202670368949,0.0,138.21012761012568,0.04918323339142764,2.714859532886016,13.201310206083127,2.597132483753689,0.16636636636636637,0.0,0.0031505654319391955,0.338461377674195,0.0,0.01740121024633425,38.20978964472561,1.0,2.063926940639269,1.5415262028686016,0.7128906583840258,0.5427494910847759,0.017628205128205128,2.0217785843920146,0.0,0.32350186675473697,0.4991593374604143,0.3075057924129237,Healthcare Plans,Healthcare,ELV
2020Q4,2020,Q4,2020-12-31,2020-12-31,551000000.0,31824000000.0,0.0,2.19,31824000000.0,1.0,86615000000.0,33199000000.0,0.0,0.0,53416000000.0,0.0,23802000000.0,78795944177.09427,93089944177.09427,135.28446024132785,0.0,0.23131097384979507,0.6034820325913431,0.0,135.28446024132785,0.016596885448356878,2.475991207173651,35.75133583352735,2.3734433018191594,0.4246823956442831,0.0,0.0029696959969676084,0.36741903827281647,0.0,0.00636148473128211,22.29022466112992,1.0,1.5172413793103448,2.242444906898415,0.6781207002255328,0.5336449354933597,0.021374927787406125,1.481981981981982,0.0,-0.5327962689957836,0.4642420509688956,0.30718937290456516,Healthcare Plans,Healthcare,ELV
2020Q3,2020,Q3,2020-09-30,2020-09-30,222000000.0,31158000000.0,0.0,0.87,31158000000.0,1.0,86574000000.0,33921000000.0,0.0,0.0,52653000000.0,0.0,24678000000.0,67416088996.0,84275088996.0,135.14342629482073,0.0,0.24075357497632083,0.6144571209575189,0.0,135.14342629482073,0.006544618377995932,2.1636847357340008,75.91901913963963,1.9874440316028417,1.072072072072072,0.0,0.0035303145516809983,0.35990020098412917,0.0,0.002564280268902904,-46.30225892582418,1.0,-0.9023569023569025,-0.647052595969208,0.6298486161476217,0.5197463124550444,0.06472115910333516,-0.9024604569420035,0.0,-0.6951870887850392,0.42482195649578625,0.3406103881671974,Healthcare Plans,Healthcare,ELV
2020Q2,2020,Q2,2020-06-30,2020-06-30,2276000000.0,29264000000.0,0.0,8.91,29264000000.0,1.0,87976000000.0,34455000000.0,0.0,0.0,53521000000.0,0.0,25346000000.0,66323558774.2,81771558774.2,136.61776367961934,0.0,0.24411203055378738,0.6233057611377159,0.0,136.61776367961934,0.0660571760267015,2.2663873282599782,7.285100919837434,1.9249327753359455,0.1063268892794376,0.0,0.003648778872434971,0.33263617350186414,0.0,0.025870692006910976,12.568421219291263,1.0,0.49999999999999994,1.7637853124606822,0.5252569425229945,0.5585464615484745,-0.012052260220789306,0.4944189100459619,0.0,1.7918915438215954,0.37022174446080536,0.3676403814218259,Healthcare Plans,Healthcare,ELV
2020Q1,2020,Q1,2020-03-31,2020-03-31,1523000000.0,29621000000.0,0.0,5.94,29621000000.0,1.0,82399000000.0,31693000000.0,0.0,0.0,50706000000.0,0.0,23360000000.0,57304894233.200005,73642894233.20001,125.56656101426307,0.0,0.26314639740773554,0.6841573849114947,0.0,125.56656101426307,0.04805477550247689,1.934603633678809,9.406581456533159,1.808124640557852,0.15758371634931057,0.0,0.004188123950169587,0.3594825179917232,0.0,0.018483234019830336,24.796579071051497,1.0,0.6408839779005525,0.859320197852809,0.6422578087511817,0.3756732335182247,0.08078228189878499,0.6306209850107066,0.0,0.5797691601167461,0.37749383736329334,0.27241782822144633,Healthcare Plans,Healthcare,ELV
2019Q4,2019,Q4,2019-12-31,2019-12-31,934000000.0,27407000000.0,0.0,3.62,27407000000.0,1.0,77453000000.0,31728000000.0,0.0,0.0,45725000000.0,0.0,22573000000.0,76390080033.90784,91538080033.90784,125.44570975731936,0.0,0.2593185544781997,0.6330370650529501,0.0,125.44570975731936,0.02943772062531518,2.7872470549096158,20.447023563679824,2.4076550691473724,0.21627408993576017,0.0,0.002644322402991812,0.35385330458471587,0.0,0.012058926058383794,78.26852462490557,1.0,-0.20439560439560434,0.9429840397557908,0.5217390060408033,0.37905292587619405,0.02747994301567069,-0.21048182586644126,0.0,1.6437997046642019,0.3161790118450882,0.3181454941920872,Healthcare Plans,Healthcare,ELV
2019Q3,2019,Q3,2019-09-30,2019-09-30,1183000000.0,26674000000.0,0.0,4.55,26674000000.0,1.0,77809000000.0,31332000000.0,0.0,0.0,46477000000.0,0.0,22104000000.0,61273521531.200005,77313521531.20001,122.7742946708464,0.0,0.25999563032554074,0.6456657730116175,0.0,122.7742946708464,0.03775692582663092,2.297125347949314,12.948757720033813,1.9556211391293246,0.1724429416737109,0.0,0.0033293336975274835,0.3428138133120847,0.0,0.015203896721458957,43.89220740057307,1.0,0.04357798165137603,0.9876084473789992,0.5236562438039335,0.3670855955532191,0.047435796748605985,0.038630377524143986,0.0,0.9748861111984988,0.28528798717006454,0.30593005057212497,Healthcare Plans,Healthcare,ELV
2019Q2,2019,Q2,2019-06-30,2019-06-30,1139000000.0,25466000000.0,0.0,4.36,25466000000.0,1.0,75851000000.0,30793000000.0,0.0,0.0,45058000000.0,0.0,21679000000.0,72341398398.75648,87559398398.75648,120.34322232486245,0.0,0.25439348195804934,0.626635923748904,0.0,120.34322232486245,0.036988926054622805,2.8407051911865424,15.878270061184478,2.3492806286739354,0.18086040386303776,0.0,0.0028476087628897845,0.3357371689232838,0.0,0.015016281921134857,59.49128157792474,1.0,-0.2622673434856176,0.6711402382741234,0.47869926492687825,0.35500058431700976,0.03243330900835158,-0.26563507414571247,0.0,0.4997558328338257,0.2199254975522547,0.3060489350091948,Healthcare Plans,Healthcare,ELV
2019Q1,2019,Q1,2019-03-31,2019-03-31,1551000000.0,24666000000.0,0.0,5.91,24666000000.0,1.0,74523000000.0,29998000000.0,0.0,0.0,44525000000.0,0.0,21136000000.0,74202985904.78302,89062985904.78302,116.5630040969615,0.0,0.2595440333856662,0.6447763184212281,0.0,116.5630040969615,0.05170344689645976,3.0083104639902305,11.960507076850908,2.4735977700107683,0.13281753707285623,0.0,0.0027761686068042916,0.3309850650134858,0.0,0.02081236665190612,53.15400136445775,1.0,2.648148148148148,1.4236850109270007,0.5129140636057833,0.349769366181139,0.0553202413040688,2.6494117647058824,0.0,1.2532940801094696,0.24168144347974135,0.3011167731294773,Healthcare Plans,Healthcare,ELV
2018Q4,2018,Q4,2018-12-31,2018-12-31,425000000.0,23373000000.0,0.0,1.62,23373000000.0,1.0,71571000000.0,28541000000.0,0.0,0.0,43030000000.0,0.0,19988000000.0,67588982894.06191,82865982894.06192,110.90155010105268,0.0,0.2684187729667044,0.6731018534739498,0.0,110.90155010105268,0.014890858764584283,2.8917547124486336,39.75822523180113,2.368136466629127,0.4541176470588235,0.0,0.00285549495991833,0.32657081778932806,0.0,0.005938159310335192,472.65023002840496,1.0,-0.5524861878453039,2.1413991620939634,0.45714526412958983,0.2624370830154447,0.005247086146832394,-0.5572916666666666,0.0,1.3848191852377205,0.17524498838307365,0.257229399056167,Healthcare Plans,Healthcare,ELV
2018Q3,2018,Q3,2018-09-30,2018-09-30,960000000.0,23251000000.0,0.0,3.62,23251000000.0,1.0,74445000000.0,29094000000.0,0.0,0.0,45351000000.0,0.0,20182000000.0,71673903114.0,86832903114.0,112.11560693641619,0.0,0.2608502921619988,0.6674572076716849,0.0,112.11560693641619,0.032996494122499484,3.0826159354006277,18.6650789359375,2.463528669622603,0.2028125,0.0,0.00271646989407459,0.31232453489153067,0.0,0.012895426153536168,285.0990577326969,1.0,-0.09045226130653264,0.66980313699651,0.47682371690258923,0.33856725346068556,0.013393654903088865,-0.0886652743497247,0.0,0.47626597363709877,0.17640182762776685,0.2607885184039297,Healthcare Plans,Healthcare,ELV
2018Q2,2018,Q2,2018-06-30,2018-06-30,1053400000.0,22943700000.0,0.0,3.98,22943700000.0,1.0,74367400000.0,28725000000.0,0.0,0.0,45642400000.0,0.0,19757300000.0,61578360741.3,76181960741.3,111.03594897564747,0.0,0.25932868434287065,0.6713872932985204,0.0,111.03594897564747,0.03667188859878155,2.683889727519973,14.614192315668314,2.143720130245431,0.18644389595595215,0.0,0.003189432093282023,0.30851824858741866,0.0,0.01416480877373688,270.1990379170689,1.0,-0.2024048096192385,0.5242262672326377,0.49262674156595193,0.3555596338818473,0.018023294509151414,-0.1974095238095238,0.0,0.24702170991234737,0.1657929677364365,0.26670705711814147,Healthcare Plans,Healthcare,ELV
2018Q1,2018,Q1,2018-03-31,2018-03-31,1312500000.0,22537500000.0,0.0,4.99,22537500000.0,1.0,73300400000.0,27012400000.0,0.0,0.0,46288000000.0,0.0,19241100000.0,56143175974.96581,71398475974.96582,105.70517424253025,0.0,0.27129319894570836,0.7361767188402364,0.0,105.70517424253025,0.048588796256534034,2.4911004315015335,10.69393828094587,2.078422353251315,0.14620952380952382,0.0,0.0034180467468667612,0.30746762637038816,0.0,0.017905768590621606,28.11798265887004,1.0,0.06852248394004289,0.7592200986421388,0.5118507660457129,0.3179459178524209,-0.0062962130130553825,0.06646623872592833,0.0,0.5826177077325009,0.2341552187924099,0.15807725938525308,Healthcare Plans,Healthcare,ELV
2017Q4,2017,Q4,2017-12-31,2017-12-31,1230700000.0,22680300000.0,0.0,4.67,22680300000.0,1.0,70540000000.0,26502900000.0,0.0,0.0,44037100000.0,0.0,18054400000.0,57621664993.70544,73944564993.70544,103.49262551050792,0.0,0.28256024950382763,0.7520610952009026,0.0,103.49262551050792,0.04643642771168438,2.540604180443179,11.705059111421434,2.174164525154056,0.1458519541724222,0.0,0.003115147749021284,0.3215239580379926,0.0,0.017446838673093282,-36.365834644181405,1.0,0.6678571428571429,2.1390068849582353,0.7284307759881078,0.31829431345124726,0.011339516632480158,0.6477440085687508,0.0,1.5285843648472186,0.24374216671424964,0.13771772899190615,Healthcare Plans,Healthcare,ELV
2017Q3,2017,Q3,2017-09-30,2017-09-30,746900000.0,22426000000.0,0.0,2.8,22426000000.0,1.0,68309900000.0,25948300000.0,0.0,0.0,42361600000.0,0.0,17306600000.0,48876016166.423775,59009516166.423775,100.80738407493676,0.0,0.23760391978322323,0.6255014779388245,0.0,100.80738407493676,0.028784159270549517,2.1794353057354754,16.35962517285573,1.883592226327882,0.24287053153032534,0.0,0.0037114317865500636,0.3282979480280311,0.0,0.01093399346214824,22.35865332407309,1.0,-0.11392405063291149,0.3182235014155068,0.7819112068772834,0.32911111884440913,0.0008390160305616052,-0.12673915585174791,0.0,0.24414974074536114,0.2700323151380473,0.122485151014038,Healthcare Plans,Healthcare,ELV
2017Q2,2017,Q2,2017-06-30,2017-06-30,855300000.0,22407200000.0,0.0,3.16,22407200000.0,1.0,68237600000.0,26431700000.0,0.0,0.0,41805900000.0,0.0,17667000000.0,49779199323.0,61510399323.0,99.89304610733183,0.0,0.2387598625977467,0.6163962212040844,0.0,99.89304610733183,0.03235887211189594,2.221571607474383,14.550216100491056,1.8833143279849576,0.20086519349935694,0.0,0.0034512407257748204,0.3283702826594136,0.0,0.012534145397845177,222.72572404026846,1.0,-0.1528150134048257,0.6458454005177791,0.8011407546164262,0.3845046570082913,-0.005269489787311495,-0.15308446380829785,0.0,0.21352344293117778,0.25819292543782235,0.12474249259550335,Healthcare Plans,Healthcare,ELV
2017Q1,2017,Q1,2017-03-31,2017-03-31,1009900000.0,22525900000.0,0.0,3.73,22525900000.0,1.0,68943500000.0,26091900000.0,0.0,0.0,42851600000.0,0.0,17357700000.0,43726473322.0,54096773322.0,98.68343419062028,0.0,0.24864853104353565,0.6570123294968937,0.0,98.68343419062028,0.0387054986413408,1.9411643184955985,10.824456213981584,1.6758639011340686,0.17051193187444302,0.0,0.0039381177332076635,0.32672985850732844,0.0,0.014648226446292979,17.078652236847244,1.0,1.722627737226277,0.4797065604560832,0.8338237055489378,0.391675253916222,0.03737151383413771,1.741313789359392,0.0,0.5360765871199777,0.344831282859904,0.14272858229744137,Healthcare Plans,Healthcare,ELV
2016Q4,2016,Q4,2016-12-31,2016-12-31,368400000.0,21714400000.0,0.0,1.37,21714400000.0,1.0,65083100000.0,25100400000.0,0.0,0.0,39982700000.0,0.0,16560600000.0,37918964034.13958,49570564034.13958,95.16833332135849,0.0,0.24164337593015697,0.6265597360998231,0.0,95.16833332135849,0.014677056939331645,1.7462588896833244,25.732196005795046,1.5106916238043848,0.46498371335504884,0.0,0.004517528481151898,0.33364114493624303,0.0,0.005660455632875508,355.3792318101179,1.0,-0.4043478260869564,0.3822415207154472,0.783413872451492,0.35594660058878125,0.01450670204962647,-0.403690514729686,0.0,1.657034572167085,0.3209294231473741,0.08333952955736866,Healthcare Plans,Healthcare,ELV
2016Q3,2016,Q3,2016-09-30,2016-09-30,617800000.0,21403900000.0,0.0,2.3,21403900000.0,1.0,64399900000.0,24744200000.0,0.0,0.0,39655700000.0,0.0,16364100000.0,32981591473.6,46045791473.6,94.0129179331307,0.0,0.24239478632730796,0.6308629901148552,0.0,94.0129179331307,0.024967467123608766,1.540915042286686,13.346386967303333,1.332901911300426,0.2769504694075753,0.0,0.00518774238462557,0.33235921173790645,0.0,0.009593182598109625,41.27342194168439,1.0,-0.20962199312714785,0.22310617654805212,0.8801509176378252,0.4110994887530842,-0.0024375238858698185,-0.20855751985652063,0.0,0.05948160500750846,0.34039072060662406,0.1224361780331293,Healthcare Plans,Healthcare,ELV
2016Q2,2016,Q2,2016-06-30,2016-06-30,780600000.0,21456200000.0,0.0,2.91,21456200000.0,1.0,64062600000.0,24233600000.0,0.0,0.0,39829000000.0,0.0,15918400000.0,34542418948.0,48530018948.0,92.14296577946769,0.0,0.24304820597353213,0.6425087481843391,0.0,92.14296577946769,0.032211474976891585,1.6099038482117056,11.06277829490136,1.425393624884458,0.21893415321547527,0.0,0.0049475400161544,0.33492552596991065,0.0,0.012184956589336056,65.38409795192126,1.0,0.1064638783269963,0.5487558042236972,0.977878954620516,0.39502589901548396,0.05755477240801439,0.11038406827880512,0.0,0.11102889705326757,0.37303387337084315,0.12490851934986544,Healthcare Plans,Healthcare,ELV
2016Q1,2016,Q1,2016-03-31,2016-03-31,703000000.0,20288500000.0,0.0,2.63,20288500000.0,1.0,63858700000.0,23547100000.0,0.0,0.0,40311600000.0,0.0,15310400000.0,36532260229.04458,50659960229.04458,89.58688912802297,0.0,0.24747920017162892,0.6711527109495437,0.0,89.58688912802297,0.029855056461305214,1.8006387968082695,12.991557691694373,1.5514547536233583,0.24281650071123756,0.0,0.004672582504607443,0.3177092549644763,0.0,0.011008680101536675,30.78215388358997,1.0,2.867647058823529,0.06415788625400053,0.9106136707781669,0.3774178280151693,0.004983182995754883,2.88612493090105,0.0,-0.08388468237811077,0.32320483019177404,0.11698103395084158,Healthcare Plans,Healthcare,ELV
2015Q4,2015,Q4,2015-12-31,2015-12-31,180900000.0,20187900000.0,0.0,0.68,20187900000.0,1.0,61717800000.0,23044100000.0,0.0,0.0,38673700000.0,0.0,14778500000.0,36427053457.19637,50178053457.19637,88.21106966183673,0.0,0.25704901989377454,0.68844085904852,0.0,88.21106966183673,0.00785016555213699,1.8044003317430923,50.34142268822053,1.580754008930545,0.9016030956329464,0.0,0.004477441476062584,0.3271001234651916,0.0,0.002931083091101757,50.64940692046214,1.0,-0.7201646090534979,-0.5348170246500196,0.9449799395139846,0.3656904809985301,0.014385778027897254,-0.7237324373854612,0.0,-0.5477006486123289,0.5081400426384417,0.12363707988878984,Healthcare Plans,Healthcare,ELV
2015Q3,2015,Q3,2015-09-30,2015-09-30,654800000.0,19901600000.0,0.0,2.43,19901600000.0,1.0,62335600000.0,23236100000.0,0.0,0.0,39099500000.0,0.0,14761800000.0,36582000000.0,51293800000.0,88.92499043245311,0.0,0.26083971278049783,0.6997559831469137,0.0,88.92499043245311,0.028180288430502538,1.838143666840857,13.96686010995724,1.5743605854683016,0.24893097128894318,0.0,0.00445574326171341,0.319265395696841,0.0,0.010504430854920784,221.97815533980582,1.0,-0.2236421725239616,0.3386028065825964,1.0635079786760446,0.44112585156960776,-0.0056905897929104944,-0.23780700733325574,0.0,0.1384459511802631,0.5577558473410393,0.17244579463590526,Healthcare Plans,Healthcare,ELV
2015Q2,2015,Q2,2015-06-30,2015-06-30,859100000.0,20015500000.0,0.0,3.13,20015500000.0,1.0,64263800000.0,23062600000.0,0.0,0.0,41201200000.0,0.0,14352200000.0,43185233736.899994,58265533736.899994,87.65716457620677,0.0,0.2588284539663076,0.7212239730125831,0.0,87.65716457620677,0.037250786988457504,2.1575895549399213,12.566998526626701,1.872522340798522,0.19078104993597952,0.0,0.003795278751958085,0.3114583949284045,0.0,0.013368334894606294,41.84210225452959,1.0,0.01294498381877024,0.9938027534385361,1.3211246522100282,0.6252527393104308,0.05059969031309871,-0.00705039297272307,0.0,0.6625827756686956,0.6180632639688932,0.21491692670480023,Healthcare Plans,Healthcare,ELV
2015Q1,2015,Q1,2015-03-31,2015-03-31,865200000.0,19051500000.0,0.0,3.09,19051500000.0,1.0,65546000000.0,24334300000.0,0.0,0.0,41211700000.0,0.0,14150100000.0,41165707066.399994,55608107066.399994,91.27644411102776,0.0,0.24165319012601838,0.650908388570865,0.0,91.27644411102776,0.03555475193451219,2.160759366265123,11.894852943365695,1.6916741827954778,0.1925566343042071,0.0,0.004047057900190451,0.2906584688615629,0.0,0.013199890153479998,26.359548611385026,1.0,0.7071823204419888,0.6326492092913739,1.0877201575123059,0.6420617107154534,0.003539767070684724,0.7075192421551214,0.0,0.2572308916616194,0.5381755773932245,0.2872187675331039,Healthcare Plans,Healthcare,ELV
2014Q4,2014,Q4,2014-12-31,2014-12-31,506700000.0,18984300000.0,0.0,1.81,18984300000.0,1.0,62065000000.0,24251300000.0,0.0,0.0,37813700000.0,0.0,14014400000.0,33503621466.800003,46504121466.8,90.96511627906976,0.0,0.2441343752517522,0.6247994952847888,0.0,90.96511627906976,0.020893725284830092,1.7648067859652452,16.53030465107559,1.38151857701649,0.2320899940793369,0.0,0.003510068310571568,0.3058777088536212,0.0,0.008164021590268267,30457.837697090912,1.0,-0.18468468468468474,-0.6942319913263019,0.6491354213084025,0.6138128402383302,0.023026351242118877,-0.19686162624821682,0.0,0.8808027495179045,0.5425062372956533,0.29605968588593506,Healthcare Plans,Healthcare,ELV
2014Q3,2014,Q3,2014-09-30,2014-09-30,630900000.0,18557000000.0,0.0,2.22,18557000000.0,1.0,62058200000.0,24294000000.0,0.0,0.0,37764200000.0,0.0,13863800000.0,32358702233.697403,45904102233.6974,89.80732082190016,0.0,0.24595138112288142,0.6282744710628139,0.0,89.80732082190016,0.0259693751543591,1.7437464155681093,12.82243708737415,1.3319627164607475,0.18893644000634016,0.0,0.003683707682067318,0.29902575324453495,0.0,0.010166263281887003,69.39460054406477,1.0,-0.13281249999999994,0.5059588644809623,1.0968829573609882,0.8517256779312876,0.004525425747290699,-0.13705375461633157,0.0,0.21527728651540493,0.586010885548298,0.3479750153931579,Healthcare Plans,Healthcare,ELV
2014Q2,2014,Q2,2014-06-30,2014-06-30,731100000.0,18473400000.0,0.0,2.56,18473400000.0,1.0,62303600000.0,24376900000.0,0.0,0.0,37926700000.0,0.0,13744400000.0,29535814899.570908,42548414899.57091,88.81414791826208,0.0,0.23750152479150483,0.6070172991643729,0.0,88.81414791826208,0.029991508354220594,1.5988293925087373,10.099786246604742,1.2116312943635537,0.16482013404459034,0.0,0.004079792631749957,0.2965061408971552,0.0,0.011734474412393505,31.572223302587823,1.0,0.06666666666666674,0.9050907694228065,1.1659048534731593,0.9795989451917723,0.034379654411682364,0.04293865905848787,0.0,0.38992257969837857,0.6317482702832632,0.34462826865700974,Healthcare Plans,Healthcare,ELV
2014Q1,2014,Q1,2014-03-31,2014-03-31,701000000.0,17859400000.0,0.0,2.4,17859400000.0,1.0,61685500000.0,24345300000.0,0.0,0.0,37340200000.0,0.0,14011500000.0,28064366527.83679,41133966527.83679,86.3577193389339,0.0,0.24383039774339188,0.6178112407733731,0.0,86.3577193389339,0.02879405881217319,1.5714058998531186,10.00868991720285,1.1527632244349746,0.1760342368045649,0.0,0.0043970349331634,0.2895234698592052,0.0,0.011364096910943415,22.419209560502306,1.0,3.705882352941176,1.1249970154498323,1.0749806372714614,0.9915114744332909,0.016419193097678548,3.7300944669365723,0.0,-0.010654992465038867,0.5680821520092141,0.32776864295614766,Healthcare Plans,Healthcare,ELV
2013Q4,2013,Q4,2013-12-31,2013-12-31,148200000.0,17570900000.0,0.0,0.51,17570900000.0,1.0,59574500000.0,24765200000.0,0.0,0.0,34809300000.0,0.0,13813900000.0,26045873604.26774,38955373604.26774,87.84718984660553,0.0,0.24325172682943205,0.5851598210392002,0.0,87.84718984660553,0.005984203640592444,1.482330080090817,43.93703374539093,1.0517126291840058,0.7456140350877193,0.0,0.004242514637016977,0.294939949139313,0.0,0.0024876415244777547,757.1474884961552,1.0,-0.763888888888889,-0.21320170562838645,1.0514455416746122,1.0330727923550789,-0.022198355017863304,-0.7741542212740018,0.0,-0.6468524924667259,0.5687028484320944,0.36005686605888776,Healthcare Plans,Healthcare,ELV
2013Q3,2013,Q3,2013-09-30,2013-09-30,656200000.0,17969800000.0,0.0,2.16,17969800000.0,1.0,60263500000.0,24808100000.0,0.0,0.0,35455400000.0,0.0,14040500000.0,24764288591.338116,37442688591.33812,83.75791851067353,0.0,0.24665178756627146,0.5991631765431452,0.0,83.75791851067353,0.02645103816898513,1.378105966195401,9.434733538303153,0.9982339877434432,0.16976531545260592,0.0,0.004498413091461256,0.2981871281953421,0.0,0.010888846482530886,19.990546166724343,1.0,-0.1818181818181818,0.386195908837911,1.0823582158100493,0.9844551201354137,0.009788936591067455,-0.1798525184351956,0.0,0.1834531459364123,0.6437402309128109,0.3573878507311118,Healthcare Plans,Healthcare,ELV
2013Q2,2013,Q2,2013-06-30,2013-06-30,800100000.0,17795600000.0,0.0,2.64,17795600000.0,1.0,59612300000.0,24532500000.0,0.0,0.0,35079800000.0,0.0,13817900000.0,24454175599.0,37947975599.0,81.91151919866444,0.0,0.2489603655621407,0.6049566901049628,0.0,81.91151919866444,0.03261387954753898,1.3741697722470723,7.640974752843395,0.9968073208600836,0.14085739282589677,0.0,0.004608619887583068,0.2985222848304796,0.0,0.01342172672418276,86.34949010946328,1.0,-0.08650519031141868,0.8551752937356174,0.9766224066846504,1.0085483600538523,0.006128725858247772,-0.09613646633529147,0.0,0.6311983150211591,0.8128784118843083,0.5187226463727489,Healthcare Plans,Healthcare,ELV
2013Q1,2013,Q1,2013-03-31,2013-03-31,885200000.0,17687200000.0,0.0,2.89,17687200000.0,1.0,59408600000.0,24318000000.0,0.0,0.0,35090600000.0,0.0,13275100000.0,20447808606.4,33561908606.4,80.20448548812665,0.0,0.24877542981992506,0.6077555720042767,0.0,80.20448548812665,0.03640101982070894,1.1560794589533674,5.774912055580661,0.8408507527921705,0.1281066425666516,0.0,0.005545826556910685,0.29772120534737395,0.0,0.014900199634396366,24.073238293383568,1.0,0.9013157894736843,1.7032639497819326,1.0423190842343921,1.0309760874351397,0.13845817161321053,0.9069366652305041,0.0,0.4687528588005314,0.7042493780725565,0.44287735932708516,Healthcare Plans,Healthcare,ELV
2012Q4,2012,Q4,2012-12-31,2012-12-31,464200000.0,15536100000.0,0.0,1.52,15536100000.0,1.0,58955400000.0,23802700000.0,0.0,0.0,35152700000.0,0.0,12647100000.0,18470943393.6,30964243393.6,78.50494722955145,0.0,0.25405476003894467,0.6292521436643742,0.0,78.50494722955145,0.01950198927012482,1.1889047697684747,9.947729100387765,0.7760020247114824,0.18763464024127532,0.0,0.004715514424140312,0.26352293428591783,0.0,0.007873748630320547,31.3066837179661,1.0,-0.29302325581395344,-0.02958021136051137,0.7930465667263533,0.8594218175508604,0.011919416925572034,-0.32841435185185186,0.0,-0.7536927332948271,0.18668290949098548,0.3927568835574982,Healthcare Plans,Healthcare,ELV
2012Q3,2012,Q3,2012-09-30,2012-09-30,691200000.0,15353100000.0,0.0,2.15,15353100000.0,1.0,55817900000.0,23816500000.0,0.0,0.0,32001400000.0,0.0,12556800000.0,18206442604.739998,29352242604.739998,75.84571571606698,0.0,0.24343266228217114,0.5705246362815695,0.0,75.84571571606698,0.0290218965843008,1.185847978892862,6.585084854144965,0.7644466065433627,0.13122106481481483,0.0,0.00498175299640285,0.2750569261831778,0.0,0.012383124409911515,199.85118117167946,1.0,0.10824742268041236,0.4974057932645057,0.89513644245042,0.8917495319252997,-0.00351781298475398,0.07395898073337477,0.0,0.42133585754256175,0.49452402938621504,0.5638531254154638,Healthcare Plans,Healthcare,ELV
2012Q2,2012,Q2,2012-06-30,2012-06-30,643600000.0,15407300000.0,0.0,1.94,15407300000.0,1.0,54535000000.0,23643800000.0,0.0,0.0,30891200000.0,0.0,12224000000.0,20903983327.7,30100183327.7,72.15074763503205,0.0,0.20444301824516364,0.4715527960818481,0.0,72.15074763503205,0.027220666728698432,1.3567583760749775,8.11994380348819,0.8841211365220479,0.14527656929770044,0.0,0.004472831734232325,0.2825213165856789,0.0,0.01180159530576694,49.85447967493442,1.0,-0.23320158102766794,0.43357040437999905,0.8783268820470903,0.7602135209337653,-0.0005124811873994499,-0.2485697606538237,0.0,0.4046716106379501,0.5130001121937411,0.6081845883896433,Healthcare Plans,Healthcare,ELV
2012Q1,2012,Q1,2012-03-31,2012-03-31,856500000.0,15415200000.0,0.0,2.53,15415200000.0,1.0,52496500000.0,23528400000.0,0.0,0.0,28968100000.0,0.0,11921100000.0,24487385860.82215,31681585860.82215,70.90981456551857,0.0,0.18045583991313707,0.4026325632002176,0.0,70.90981456551857,0.0364028153210588,1.5885220990205868,7.1475148455406154,1.0407586517069647,0.11185055458260362,0.0,0.003912218337412337,0.2936424333050775,0.0,0.016315373405846104,22.275435150388567,1.0,1.5555555555555554,1.0166538156867957,0.8849163058132457,0.7256737614268339,0.006365185373783271,1.5544288696689532,0.0,1.2059496459394088,0.521683280616078,0.6352644608748937,Healthcare Plans,Healthcare,ELV
2011Q4,2011,Q4,2011-12-31,2011-12-31,335300000.0,15317700000.0,0.0,0.99,15317700000.0,1.0,52018800000.0,23288200000.0,0.0,0.0,28730600000.0,0.0,11490700000.0,21982239123.75,29576039123.75,70.18590059522576,0.0,0.18830499742400825,0.4206164495323812,0.0,70.18590059522576,0.01439784955471011,1.435087455933332,16.389978469840443,0.9439217768548019,0.25559200715776914,0.0,0.0038986019357513135,0.2944646935338762,0.0,0.0064457465377901835,-172.8163453125,1.0,-0.4789473684210526,-0.22826529530729203,0.9403837996701342,0.7472275430797678,-0.005214962982205481,-0.5092213114754098,0.0,0.5124348662203441,0.5194536825361628,0.6243324932334802,Healthcare Plans,Healthcare,ELV
2011Q3,2011,Q3,2011-09-30,2011-09-30,683200000.0,15398000000.0,0.0,1.9,15398000000.0,1.0,52549900000.0,23718100000.0,0.0,0.0,28831800000.0,0.0,11572800000.0,23239679644.0,30727679644.0,66.62387640449438,0.0,0.19022681299108085,0.4214671495608839,0.0,66.62387640449438,0.028805005459965175,1.5092661153396545,8.503981134367683,0.9798288920276077,0.1290983606557377,0.0,0.0037952330389705432,0.29301673266742656,0.0,0.01300097621498804,17.84921631643625,1.0,0.005291005291005296,0.4649626904541498,0.8557259657672519,0.7079451237532942,0.019687829041037833,-0.026225769669327253,0.0,0.20075353596477655,0.4845476516095405,0.5785026061424825,Healthcare Plans,Healthcare,ELV
2011Q2,2011,Q2,2011-06-30,2011-06-30,701600000.0,15100700000.0,0.0,1.89,15100700000.0,1.0,50877200000.0,24181300000.0,0.0,0.0,26695900000.0,0.0,11418100000.0,28837695901.7,35986295901.7,66.05107894018028,0.0,0.17391680359768227,0.36591911931947413,0.0,66.05107894018028,0.02901415556649146,1.9096926567443895,10.275689816740309,1.1925618515836618,0.1298460661345496,0.0,0.0031590595972207885,0.29680682113009366,0.0,0.013790067063439026,43.22844536306401,1.0,-0.2254098360655738,0.5970135664208323,0.8245548886245377,0.779341220621266,0.0138576502420389,-0.24282322469242393,0.0,0.3308446398189243,0.3721615839542298,0.6196352794205013,Healthcare Plans,Healthcare,ELV
2011Q1,2011,Q1,2011-03-31,2011-03-31,926600000.0,14894300000.0,0.0,2.44,14894300000.0,1.0,50918000000.0,23978100000.0,0.0,0.0,26939900000.0,0.0,11199900000.0,25729373727.448483,32328573727.448483,65.0397339906046,0.0,0.17677834950312266,0.3753925456979494,0.0,65.0397339906046,0.03864359561433141,1.727464447973284,6.94187721979508,1.073036384344401,0.10015109000647529,0.0,0.003606772593185957,0.2925154169448918,0.0,0.01819788679838171,25.399184331143616,1.0,0.6827586206896552,1.244079623792044,0.9101164878418865,0.7623967922000734,0.016821523904450467,0.6884110787172012,0.0,1.3271936842830196,0.41441805760299777,0.6469670450989354,Healthcare Plans,Healthcare,ELV
2010Q4,2010,Q4,2010-12-31,2010-12-31,548800000.0,14647900000.0,0.0,1.45,14647900000.0,1.0,50166900000.0,23812600000.0,0.0,0.0,26354300000.0,0.0,10721600000.0,20962490255.18848,28127390255.18848,64.59082119203237,0.0,0.17847823963609472,0.3760068199188665,0.0,64.59082119203237,0.02304662237638897,1.4310918462843465,9.549239365519535,0.8803108545555075,0.0,0.0,0.0,0.291983359545836,0.0,0.01093948400239999,44.67708920543154,1.0,-0.2119565217391305,0.49178033753856776,1.2708064839609363,0.688593299536199,0.005187925035855699,-0.25747530780679206,0.0,-0.05645678317186923,0.390330702470441,0.5298600454670693,Healthcare Plans,Healthcare,ELV
2010Q3,2010,Q3,2010-09-30,2010-09-30,739100000.0,14572300000.0,0.0,1.84,14572300000.0,1.0,51032400000.0,24361700000.0,0.0,0.0,26670700000.0,0.0,10581800000.0,22361910735.112247,29139410735.112247,61.70522188301606,0.0,0.1768229595315917,0.3704051851882258,0.0,61.70522188301606,0.030338605269747184,1.5345491607441686,7.563898909184227,0.9179125732240463,0.0,0.0,0.0,0.28554996433638236,0.0,0.014482955926039143,28.461131137981734,1.0,0.07602339181286556,0.7829051135301085,0.9922904620966105,0.7731325948792865,0.007961430982486235,0.023117386489479513,0.0,0.273503651892022,0.4306510588974582,0.5390562738115795,Healthcare Plans,Healthcare,ELV
2010Q2,2010,Q2,2010-06-30,2010-06-30,722400000.0,14457200000.0,0.0,1.71,14457200000.0,1.0,50160000000.0,23790500000.0,0.0,0.0,26369500000.0,0.0,9997500000.0,21583023000.0,28103723000.0,53.93448197687599,0.0,0.17042663476874004,0.3593283033143482,0.0,53.93448197687599,0.030365061684285745,1.4928909470713554,7.4692078488372085,0.9072118282507723,0.0,0.0,0.0,0.28822169059011166,0.0,0.014401913875598086,140.60601302931596,1.0,-0.12755102040816327,0.7801346428643509,0.7637379917069984,0.5957078979037255,-0.04247441798854191,-0.1760948905109489,0.0,0.1954188837988624,0.30938755170768,0.31580347442110646,Healthcare Plans,Healthcare,ELV
2010Q1,2010,Q1,2010-03-31,2010-03-31,876800000.0,15098500000.0,0.0,1.96,15098500000.0,1.0,51180900000.0,24519200000.0,0.0,0.0,26661700000.0,0.0,9795600000.0,28398016676.7,33262116676.7,55.586488324642936,0.0,0.16393420201676798,0.3421930568697184,0.0,55.586488324642936,0.03575973114946654,1.8808501954962413,8.09706223674156,1.1581950747455056,0.0,0.0,0.0,0.2950026279334674,0.0,0.017131390811806747,-64.0894079817197,1.0,-0.6807817589576547,0.9903225698797873,0.8887572496725598,0.7022467263346985,-0.2072821778279474,-0.6802100809687067,0.0,0.5529358422126502,0.3887552010260757,0.3527625897690691,Healthcare Plans,Healthcare,ELV
2009Q4,2009,Q4,2009-12-31,2009-12-31,2741800000.0,19046500000.0,0.0,6.14,19046500000.0,1.0,52125400000.0,24863300000.0,0.0,0.0,27262100000.0,0.0,9598500000.0,25711719441.1,29294719441.1,56.36658354114713,0.0,0.1611325764406604,0.33781115137572243,0.0,56.36658354114713,0.11027498361038157,1.349944579901819,2.344419673307681,1.0341233641994425,0.0,0.0,0.0,0.36539767560536707,0.0,0.05260007597064004,-336.54083038089004,1.0,3.013071895424836,19.634825890626967,2.870199829769981,0.7741880891745146,0.23477319433909666,2.7548616817310325,0.0,3.7470000566128174,0.8149231864560712,0.40320557885807357,Healthcare Plans,Healthcare,ELV
2009Q3,2009,Q3,2009-09-30,2009-09-30,730200000.0,15425100000.0,0.0,1.53,15425100000.0,1.0,49497500000.0,22867400000.0,0.0,0.0,26630100000.0,0.0,7126800000.0,22330240471.5,29350240471.5,48.49925768822906,0.0,0.17904338602959746,0.38754733813201325,0.0,48.49925768822906,0.031931920550652894,1.4476561235583563,7.645248038722267,0.9765098118500571,0.0,0.0,0.0,0.31163392090509623,0.0,0.014752260215162382,16.850468209704196,1.0,0.06993006993006999,0.7699136476193856,0.8846054403614387,0.9731868398749609,0.0007720655022967327,0.05291997116077866,0.0,0.18219423205495697,0.40360794672375416,0.24330908293828094,Healthcare Plans,Healthcare,ELV
2009Q2,2009,Q2,2009-06-30,2009-06-30,693500000.0,15413200000.0,0.0,1.43,15413200000.0,1.0,49344300000.0,22252900000.0,0.0,0.0,27091400000.0,0.0,6639500000.0,25241439504.0,32688639504.0,44.864717741935486,0.0,0.18587354567802158,0.4121620103447191,0.0,44.864717741935486,0.031164477438895603,1.6376508125502816,9.099293260273972,1.1342988780788121,0.0,0.0,0.0,0.31236029288083933,0.0,0.0140543081977047,87.46167534303534,1.0,0.2327586206896552,0.6257970744052462,0.8669154544521664,0.8910016557872622,0.017823063665119227,0.19486560992419022,0.0,0.16515456989247318,0.3745822115758308,0.20860465734499894,Healthcare Plans,Healthcare,ELV
2009Q1,2009,Q1,2009-03-31,2009-03-31,580400000.0,15143300000.0,0.0,1.16,15143300000.0,1.0,49414800000.0,21508000000.0,0.0,0.0,27906800000.0,0.0,5970600000.0,18833120496.0,25792620496.0,43.36290322580645,0.0,0.188963630329375,0.4341454342570206,0.0,43.36290322580645,0.02698530779244932,1.243660265331863,8.11212977946244,0.875633275804352,0.0,0.0,0.0,0.30645272266608387,0.0,0.011745468968810964,16.768872314130533,1.0,0.7313432835820893,0.09360868158256591,0.8439699793889472,0.8849041903177586,0.004890640760205978,0.7513578756789379,0.0,0.044786866131015964,0.44349278207338494,0.1750146695969456,Healthcare Plans,Healthcare,ELV
2008Q4,2008,Q4,2008-12-31,2008-12-31,331400000.0,15069600000.0,0.0,0.67,15069600000.0,1.0,48403200000.0,21431700000.0,0.0,0.0,26971500000.0,0.0,5479400000.0,20896480496.0,27554180496.0,43.20907258064516,0.0,0.18266560888536296,0.41254776802586823,0.0,43.20907258064516,0.015463075724277589,1.3866645761002283,15.76379035606518,0.9750267359098904,0.0,0.0,0.0,0.31133478778262597,0.0,0.0068466547666269995,53.91248837977296,1.0,-0.58125,-0.11598225058320978,0.9542838519782278,0.9895350037149141,0.007258873069981953,-0.5961983672474717,0.0,-0.3304274910640957,0.7364441450001734,0.12961174811400378,Healthcare Plans,Healthcare,ELV
2008Q3,2008,Q3,2008-09-30,2008-09-30,820700000.0,14961000000.0,0.0,1.6,14961000000.0,1.0,49758600000.0,21673300000.0,0.0,0.0,28085300000.0,0.0,5167200000.0,24016395000.0,30960795000.0,42.20701071080818,0.0,0.18519411719783113,0.42517752257385816,0.0,42.20701071080818,0.03786686845104345,1.6052666934028474,7.315826428658463,1.108109747938708,0.0,0.0,0.0,0.30067164269091173,0.0,0.016493631251683127,29.54409521466355,1.0,0.11111111111111122,1.251052563523789,0.8920443638828912,0.9957690153545705,-0.045050680419741106,0.09353764157228514,0.0,0.5221403064752843,0.572643918490342,0.21284105526167735,Healthcare Plans,Healthcare,ELV
2008Q2,2008,Q2,2008-06-30,2008-06-30,750500000.0,15666800000.0,0.0,1.44,15666800000.0,1.0,50975900000.0,21254500000.0,0.0,0.0,29721400000.0,0.0,4396800000.0,24839465298.96,32334965298.96,40.78145233031295,0.0,0.1916454638368327,0.4596344303559246,0.0,40.78145233031295,0.03531016961114117,1.5854842915566676,8.274305562611591,1.1686685313208967,0.0,0.0,0.0,0.30733738884453243,0.0,0.014722643445235885,719.9845014191304,1.0,0.34579439252336436,1.249999998081279,1.024017880318534,0.9702032882622132,0.0072715816815291535,0.27614351300799184,0.0,0.5652173892980585,0.6176294058857755,0.20656179843101508,Healthcare Plans,Healthcare,ELV
2008Q1,2008,Q1,2008-03-31,2008-03-31,588100000.0,15553700000.0,0.0,1.07,15553700000.0,1.0,51555700000.0,21504100000.0,0.0,0.0,30051600000.0,0.0,3954200000.0,24030419987.34704,30764719987.34704,39.49061044308727,0.0,0.18012363327430334,0.4318432298956943,0.0,39.49061044308727,0.02734827312000967,1.5449970095441623,10.21527800856446,1.1174808519001975,0.0,0.0,0.0,0.30168730130712995,0.0,0.011407080109473831,25.168014230568744,1.0,-0.3141025641025641,0.565217391655755,0.9353685665549157,1.0035649694383257,-0.0004948140912771345,-0.3154463973926202,0.0,0.08139346314368402,0.5761069819759199,0.2093363760470288,Healthcare Plans,Healthcare,ELV
2007Q4,2007,Q4,2007-12-31,2007-12-31,859100000.0,15561400000.0,0.0,1.56,15561400000.0,1.0,52060000000.0,22990400000.0,0.0,0.0,29069600000.0,0.0,4387600000.0,47772235889.62111,54048235889.62111,42.220085022426126,0.0,0.17372070687668076,0.39337723571577704,0.0,42.220085022426126,0.03736777089567819,3.069918894805166,13.901826297759607,2.0779210405047803,0.0,0.0,0.0,0.2989127929312332,0.0,0.016502112946600075,48.07027157337604,1.0,0.07586206896551731,1.5498429998595242,0.9896552526005983,1.1874645235417558,0.021498106197362463,-0.010253456221198156,0.0,4.23743190684832,1.561394711955562,0.32891453171084484,Healthcare Plans,Healthcare,ELV
2007Q3,2007,Q3,2007-09-30,2007-09-30,868000000.0,15233900000.0,0.0,1.45,15233900000.0,1.0,52899700000.0,23673900000.0,0.0,0.0,29225800000.0,0.0,4612000000.0,46618093429.07143,52496593429.07143,40.0928951936233,0.0,0.16450943956203912,0.36759891695073477,0.0,40.0928951936233,0.036664850320395036,3.06015488017326,13.426870227267116,1.9691767486164693,0.0,0.0,0.0,0.287977058471031,0.0,0.0164084106337087,105.49466718504509,1.0,0.07407407407407397,1.2105263173784768,0.8555838824236598,0.938230641260612,-0.0016972699511133829,0.039272030651340994,0.0,0.6799999996200184,0.4862191731642807,0.6311749280184145,Healthcare Plans,Healthcare,ELV
2007Q2,2007,Q2,2007-06-30,2007-06-30,835200000.0,15259800000.0,0.0,1.35,15259800000.0,1.0,54194100000.0,24988800000.0,0.0,0.0,29205300000.0,0.0,5122100000.0,48667166143.15007,52634266143.15007,40.98977014831543,0.0,0.15079501274123935,0.3270345114611346,0.0,40.98977014831543,0.033422973492124475,3.1892401042707026,14.567518601278158,1.9475591522262,0.0,0.0,0.0,0.2815767768078075,0.0,0.0154112717066987,73.47096338035941,1.0,0.0714285714285715,1.6601941739172794,0.7798493216742758,2.789235548275652,0.01197676269298106,0.06653045588047503,0.0,0.5930232572448789,0.503808159825688,0.7276766047355027,Healthcare Plans,Healthcare,ELV
2007Q1,2007,Q1,2007-03-31,2007-03-31,783100000.0,15079200000.0,0.0,1.26,15079200000.0,1.0,53489200000.0,25139400000.0,0.0,0.0,28349800000.0,0.0,5071100000.0,49616725338.90625,53321225338.90625,41.091089260630824,0.0,0.1328585957539092,0.2826837553800011,0.0,41.091089260630824,0.031150305894333197,3.2904083332607996,15.839843359375,1.9736638638514146,0.0,0.0,0.0,0.2819111147670932,0.0,0.014640338610411073,25.781618778335282,1.0,-0.023255813953488393,1.6391752593186373,0.8033613634454825,2.977161224967677,0.03597952663941465,-0.022469104980651605,0.0,0.1962616811907985,0.4886275209887981,0.7861526920547569,Healthcare Plans,Healthcare,ELV
