Quarters,Year,Quarter,FillingDate,Date,NetIncome,Revenue,OperatingIncome,EPSDiluted,GrossProfit,GrossProfitRatio,TotalAssets,CommonStockEquity,CurrentAssets,CurrentLiability,TotalLiability,Inventory,RetainedEarnings,MarketCap,EnterpriseValue,bookValuePerShare,currentRatio,debtToAssets,debtToEquity,roic,shareholdersEquityPerShare,roe,priceToSalesRatio,peRatio,pbRatio,payoutRatio,inventoryTurnover,dividendYield,assetTurnover,quickRatio,returnOnAssets,priceToFreeCashFlowsRatio,grossProfitMargin,epsdilutedGrowth,fiveYNetIncomeGrowthPerShare,fiveYRevenueGrowthPerShare,fiveYShareholdersEquityGrowthPerShare,grossProfitGrowth,netIncomeGrowth,operatingIncomeGrowth,threeYNetIncomeGrowthPerShare,threeYRevenueGrowthPerShare,threeYShareholdersEquityGrowthPerShare,Industry,Sector,Symbol
2023Q4,2023,Q4,2023-06-21,2023-03-31,-1308000.0,3014000.0,-1147000.0,-0.39,864000.0,0.2866622429,16231000.0,7977000.0,13798000.0,3717000.0,8254000.0,2858000.0,-189514000.0,0.0,-2971000.0,0.0,3.7121334409470004,0.052307313166163515,0.10643098909364422,-0.1127847629655312,0.0,-0.16397141782625047,0.0,0.0,0.0,0.0,0.7522743177046886,,0.18569404226480193,2.7541027710519237,-0.08058653194504344,0.0,0.28666224286662245,0.3709677419354838,1.0,-1.0,-1.0,0.039711191335740074,0.3254254770500258,0.3745910577971647,1.0,-1.0,-1.0,Drug Manufacturers—Specialty & Generic,Healthcare,SNOA
2023Q3,2023,Q3,2023-02-14,2022-12-31,-1939000.0,2944000.0,-1834000.0,-0.62,831000.0,0.2822690217,13928000.0,5559000.0,11232000.0,3934000.0,8369000.0,2849000.0,-188206000.0,3479840.0000000005,1331840.0000000005,1.7891857096878017,2.85510930350788,0.034893739230327396,0.08742579600647599,-0.28648447028835944,1.7891857096878017,-0.3488037416801583,1.1820108695652176,-0.4486642599277979,0.6259830904839001,0.0,0.7416637416637417,0.0,0.21137277426766227,1.2534316217590238,-0.13921596783457782,-9.181635883905015,0.28226902173913043,-0.8787878787878787,0.9044405977615249,-0.9045225051489643,-0.9387541500321313,-0.37799401197604793,-0.9065880039331367,-1.508891928864569,0.1364280395298321,-0.6961721404989188,-0.7605693135398606,Drug Manufacturers—Specialty & Generic,Healthcare,SNOA
2023Q2,2023,Q2,2022-11-14,2022-09-30,-1017000.0,3331000.0,-731000.0,-0.33,1336000.0,0.4010807565,14962000.0,7021000.0,12393000.0,3527000.0,7941000.0,3025000.0,-186267000.0,6605130.0,4028130.0,2.2641083521444694,3.5137510632265383,0.051731051998395935,0.11024070645207236,-0.09738335936809218,2.2641083521444694,-0.14485116080330437,1.982927048934254,-1.6236799410029497,0.9407676969092722,0.0,0.6595041322314049,0.0,0.22263066434968587,1.6552310745676213,-0.06797219623045048,-3.5607169811320754,0.4010807565295707,-0.13793103448275876,0.9452387779821503,-0.8809792738124752,-0.9328583992188723,-0.07607192254495158,-0.14656144306651633,0.14502923976608187,0.6409628942799404,-0.7152412654792673,-0.7096844805983579,Drug Manufacturers—Specialty & Generic,Healthcare,SNOA
2023Q1,2023,Q1,2022-08-11,2022-06-30,-887000.0,3983000.0,-855000.0,-0.29,1446000.0,0.3630429325,17158000.0,7959000.0,14817000.0,4854000.0,9199000.0,2788000.0,-185250000.0,9054920.0,4420920.0,2.566591422121896,3.0525339925834363,0.055484322182072505,0.11961301671064203,-0.08760713430055803,2.566591422121896,-0.1114461615780877,2.273391915641476,-2.552119503945885,1.1376956904133686,0.0,0.9099713055954088,0.0,0.23213661265881805,1.6522455706633705,-0.051696001865019235,-5.8193573264781495,0.3630429324629676,0.7387387387387387,0.9610972064773309,-0.8402055500454705,-0.9341854007627337,14.0625,0.6987092391304348,0.7205882352941176,-1.5264676632622458,-0.641200916351098,-0.7063947921147067,Drug Manufacturers—Specialty & Generic,Healthcare,SNOA
2022Q4,2022,Q4,2022-07-13,2022-03-31,-2944000.0,2298000.0,-3060000.0,-1.11,96000.0,0.0417754569,18845000.0,8697000.0,16430000.0,5819000.0,10148000.0,2663000.0,-184363000.0,10638530.0,4609530.0,3.2781756502073125,2.823509194019591,0.07253913504908464,0.1571806370012648,-0.2583886744311995,3.2781756502073125,-0.33850753133264344,4.629473455178416,-0.9034077785326087,1.2232413475911232,0.0,0.8268869695831769,0.0,0.12194215972406473,2.0921120467434267,-0.15622180949854073,-7.301667810569664,0.04177545691906005,-2.580645161290323,0.7862020985630173,-0.8990989528706176,-0.9282090087134013,-0.9201995012468828,-2.108764519535375,-2.2518597236981934,0.5467572051643631,-0.7398664963047439,-0.5887044374418131,Drug Manufacturers—Specialty & Generic,Healthcare,SNOA
2022Q3,2022,Q3,2022-02-11,2021-12-31,-947000.0,2902000.0,-941000.0,-0.31,1203000.0,0.4145416954,19347000.0,11169000.0,17699000.0,3875000.0,8178000.0,2879000.0,-181419000.0,14044799.999999998,6725799.999999998,3.626298701298701,4.567483870967742,0.06254199617511759,0.10833557167159101,-0.07260348147221157,3.626298701298701,-0.08478825320082371,4.839696760854582,-3.7077085533262935,1.2574805264571582,0.0,0.5901354637026746,0.0,0.14999741561999277,2.9375483870967742,-0.04894815733705484,-42.950458715596326,0.41454169538249486,-6.75,-1.0088944097143306,-0.8683984371920849,-0.9255416812651985,-0.030620467365028204,-8.47,0.023858921161825725,0.8700823905315745,-0.8267267378738685,-0.7360470455275608,Drug Manufacturers—Specialty & Generic,Healthcare,SNOA
2022Q2,2022,Q2,2021-11-15,2021-09-30,-100000.0,3744000.0,-964000.0,-0.04,1241000.0,0.3314636752136752,19828000.0,11460000.0,18021000.0,4078000.0,8368000.0,2482000.0,-180475000.0,13079520.0,6173520.0,4.889078498293515,4.419077979401668,0.07494452289691346,0.12966841186736475,-0.07436148630406443,4.889078498293515,-0.008726003490401396,3.4934615384615384,-32.6988,1.1413193717277488,0.0,1.008460918614021,0.0,0.18882388541456527,2.8955370279548798,-0.005043373007867662,-9.841625282167042,0.3314636752136752,0.9230769230769231,0.9897801795617601,-0.8184649414610965,-0.6220148895659442,-0.1459050240880936,0.9089253187613844,-0.06637168141592921,0.989132779028393,-0.7676918639483612,-0.6743642525882079,Drug Manufacturers—Specialty & Generic,Healthcare,SNOA
2022Q1,2022,Q1,2021-08-16,2021-06-30,-1098000.0,3684000.0,-904000.0,-0.52,1453000.0,0.3944082519001086,14121000.0,4621000.0,12157000.0,5233000.0,9500000.0,2620000.0,-180375000.0,15362620.0,14980620.0,2.2078356426182513,2.323141601375884,0.1720133135047093,0.5256438000432807,-0.11631497683993824,2.2078356426182513,-0.23761090673014498,4.170092290988056,-3.4978642987249544,3.3245228305561567,0.0,0.851526717557252,0.0,0.26088803909071595,1.1100707051404548,-0.07775653282345443,-12.077531446540881,0.3944082519001086,0.7084590163934427,0.9047123377435242,-0.7845680937432732,-0.8671187766903503,8.489690721649485,0.7,0.6787491115849325,0.8947992365971343,-0.7206304186523717,-0.8787704353848975,Drug Manufacturers—Specialty & Generic,Healthcare,SNOA
2021Q4,2021,Q4,2021-07-14,2021-03-31,-3660000.0,2157000.0,-2814000.0,-1.7836257309941521,-194000.0,-0.0899397311080204,14987000.0,5363000.0,12983000.0,4078000.0,9624000.0,2530000.0,-179277000.0,15246360.0,13701360.0,2.6135477582846005,3.183668464933791,0.17848802295322613,0.49878799179563676,-0.3195185647780175,2.6135477582846005,-0.6824538504568338,7.068317107093185,-1.0414180327868852,2.842878985642364,0.0,0.9292490118577075,0.0,0.14392473477013412,2.1765571358509073,-0.24421165009675053,-10.29463875759622,-0.0899397311080204,-4.5738304093567255,0.7571988906975342,-0.8820391183340789,-0.8978984318949906,-1.0972431077694236,-4.630769230769231,-19.391304347826086,0.7863832011619784,-0.8359419056647547,-0.9027221699152328,Drug Manufacturers—Specialty & Generic,Healthcare,SNOA
2021Q3,2021,Q3,2021-02-16,2020-12-31,-650000.0,4936000.0,-138000.0,-0.32,1995000.0,0.4041734197730956,18231000.0,12316000.0,16212000.0,3883000.0,5915000.0,2958000.0,-172536000.0,14897520.0,11505520.0,6.0019493177387915,4.175122328096832,0.11787614502770007,0.17448847028255926,-0.009117336152219872,6.0019493177387915,-0.05277687560896395,3.018136142625608,-5.729815384615384,1.2096070152646963,0.0,0.9942528735632183,0.0,0.2707476276671603,2.562194179757919,-0.035653557127968846,22.268340807174887,0.4041734197730956,-6.333333333333334,0.963190177023307,-0.769572227835441,-0.7591242248586542,-0.2026378896882494,-6.416666666666667,-1.816568047337278,0.9514965234006817,-0.757616943567996,-0.7945464881378218,Drug Manufacturers—Specialty & Generic,Healthcare,SNOA
2021Q2,2021,Q2,2020-11-20,2020-09-30,120000.0,5769000.0,169000.0,0.06,2502000.0,0.43369734789391573,18145000.0,11562000.0,16267000.0,4569000.0,6583000.0,3704000.0,-171886000.0,16806960.0,13845960.0,5.75796812749004,3.560297658130882,0.07489666574813998,0.11754021795537105,0.012446604801885404,5.75796812749004,0.010378827192527244,2.9133229329173167,35.0145,1.4536377789309807,0.0,0.8820194384449244,0.0,0.31793882612289887,2.1008973517181,0.006613392119041058,-40.89284671532847,0.43369734789391573,-0.888888888888889,1.0122459453168606,-0.7439762958526034,-0.8064609123980445,-0.15558555518056025,-0.879154078549849,0.4322033898305085,1.0099786429196107,-0.6816634100591852,-0.8292488091569367,Drug Manufacturers—Specialty & Generic,Healthcare,SNOA
2021Q1,2021,Q1,2020-07-10,2020-06-30,993000.0,7254000.0,118000.0,0.54,2963000.0,0.4084642955610698,18652000.0,11410000.0,17089000.0,5472000.0,7242000.0,4193000.0,-171253000.0,13093680.0,10117680.0,6.204458945078847,3.1229897660818713,0.08444134677246408,0.13803680981595093,0.008845577211394303,6.204458945078847,0.08702892199824715,1.8050289495450786,3.2964954682779455,1.1475617879053464,0.0,1.023372287145242,0.0,0.38891271713489173,1.7856359649122806,0.053238258631782116,-5.609974293059126,0.4084642955610698,1.722751091703057,1.0777899150876313,-0.6386570058160153,-0.812194921884212,0.9570673712021136,1.722707423580786,1.0428001450852376,1.0734389491463,-0.5092628086377083,-0.840900279088113,Drug Manufacturers—Specialty & Generic,Healthcare,SNOA
2020Q4,2020,Q4,2020-07-10,2020-03-31,-1374000.0,4579000.0,-2757000.0,-0.7471451876019576,1514000.0,0.33063987770255515,14561000.0,8705000.0,12383000.0,4865000.0,5856000.0,2192000.0,-172246000.0,9011100.0,6798100.0,4.733550842849374,2.545323741007194,0.03303344550511641,0.05525560022975302,-0.27074535991358145,4.733550842849374,-0.1578403216542217,1.9679187595544878,-1.6395742358078604,1.0351636990235498,0.0,1.3982664233576643,0.0,0.31447016001648237,1.8618705035971224,-0.09436165098550924,-2.42821341956346,0.33063987770255515,-0.03770164944716335,0.8538457580753668,-0.8163068525061413,-0.8846963719903537,-0.29842446709916587,-0.26752767527675275,-1.8075356415478616,0.856051254028078,-0.7099507056709977,-0.8963367605722466,Drug Manufacturers—Specialty & Generic,Healthcare,SNOA
2020Q3,2020,Q3,2020-02-14,2019-12-31,-1084000.0,4678000.0,-982000.0,-0.72,2158000.0,0.46130825138948267,16496000.0,11209000.0,13858000.0,4158000.0,5287000.0,2825000.0,-170869000.0,6540000.000000001,3911000.000000001,7.472666666666667,3.3328523328523327,0.0,0.0,-0.07979198829934184,7.472666666666667,-0.09670800249799269,1.398033347584438,-1.5083025830258303,0.5834597198679633,0.0,0.8920353982300885,0.0,0.2835838991270611,2.105820105820106,-0.06571290009699321,-7.703180212014136,0.46130825138948267,0.20879120879120885,0.9766471378649533,-0.8147891899730682,-0.8175649812638391,-0.05928509154315606,0.09891936824605153,0.18302828618968386,-1.0209052753265961,-0.5644045712585539,-0.8465647090058172,Drug Manufacturers—Specialty & Generic,Healthcare,SNOA
2020Q2,2020,Q2,2019-11-14,2019-09-30,-1203000.0,4968000.0,-1202000.0,-0.91,2294000.0,0.4617552334943639,16145000.0,10271000.0,13310000.0,4686000.0,5874000.0,3098000.0,-169785000.0,7585920.0,5686920.0,7.798785117691724,2.84037558685446,0.006565500154846702,0.010320319345730697,-0.10358497069975871,7.798785117691724,-0.11712588842371727,1.5269565217391305,-1.5764588528678305,0.7385765748223152,0.0,0.8631375080697224,0.0,0.3077113657479096,1.700170721297482,-0.07451223288943945,-7.877383177570094,0.4617552334943639,-2.685185185185185,0.7596114396482256,-0.781624430523918,-0.8897816423400569,-0.030840726658217153,-2.6825174825174827,0.30520231213872834,0.7811831685193388,-0.5712757107083684,-0.39705925053339075,Drug Manufacturers—Specialty & Generic,Healthcare,SNOA
2020Q1,2020,Q1,2019-07-01,2019-06-30,715000.0,4711000.0,-1730000.0,0.54,2367000.0,0.5024410953088516,16918000.0,11504000.0,13834000.0,4135000.0,5414000.0,3368000.0,-168582000.0,10199000.0,7497000.0,8.74164133738602,3.3455864570737606,0.012471923395200379,0.01834144645340751,-0.13220235366040042,8.74164133738602,0.06215229485396384,2.164933135215453,3.566083916083916,0.8865611961057023,0.0,0.6959619952494062,0.0,0.2784608109705639,2.07956469165659,0.04226267880364109,14.048209366391184,0.5024410953088516,1.2205586592178772,2.4395157403386887,-0.8042662679395824,-0.8790452661683351,0.2624,1.2219118559900684,0.36020710059171596,1.0986855834374911,-0.5618560228789002,-0.4738738825375036,Drug Manufacturers—Specialty & Generic,Healthcare,SNOA
2019Q4,2019,Q4,2019-07-01,2019-03-31,-3222000.0,4382000.0,-2704000.0,-2.4483282674772036,1875000.0,0.42788680967594706,14448000.0,10489000.0,12496000.0,3591000.0,3959000.0,3409000.0,-169238000.0,10896480.0,7541480.0,7.970364741641338,3.4798106377053744,0.023117386489479513,0.03184288302030699,-0.24662531922655964,7.970364741641338,-0.3071789493755363,2.4866453674121405,-0.8454748603351955,1.0388483172847744,0.0,0.7354062775007334,0.0,0.30329457364341084,2.264828738512949,-0.22300664451827243,-3.948,0.42788680967594706,-0.04629323713279023,-1.0544945931139953,-0.8103403926751266,-0.8903343091500121,-0.34141201264488935,-0.402088772845953,-0.15063829787234043,0.6667143734528249,-0.6263356156952564,-0.6886275615546483,Drug Manufacturers—Specialty & Generic,Healthcare,SNOA
2019Q3,2019,Q3,2019-02-14,2018-12-31,-2298000.0,5280000.0,-2350000.0,-2.340002,2847000.0,0.5392045454545454,17045000.0,13340000.0,14579000.0,3325000.0,3705000.0,3215000.0,-166016000.0,6226531.087499999,-247468.91250000056,13.73842815492086,4.384661654135338,0.0012907010853622763,0.001649175412293853,-0.17350856467808623,13.73842815492086,-0.17226386806596702,1.1792672514204545,-0.6773858885443864,0.4667564533358321,0.0,0.7567651632970451,0.0,0.30976826048694633,2.8923308270676693,-0.13481959518920505,-2.6019770528625155,0.5392045454545454,0.40909100091818085,0.41382988474274346,-0.7501052968822054,-0.38796657404514623,0.173053152039555,0.1851063829787234,0.1138763197586727,0.7249833608997555,-0.4791026280921702,-0.4486367085340536,Drug Manufacturers—Specialty & Generic,Healthcare,SNOA
2019Q2,2019,Q2,2018-11-08,2018-09-30,-2820000.0,4939000.0,-2652000.0,-3.960004,2427000.0,0.4913950192346629,14348000.0,10785000.0,11668000.0,3077000.0,3563000.0,2953000.0,-163718000.0,9374232.6,5425232.6,15.013948981807856,3.7920051998700033,0.006899916364650125,0.009179415855354658,-0.2388543636854904,15.013948981807856,-0.2614742698191933,1.8980021461834378,-0.8310489893617021,0.8691917107093186,0.0,0.850660345411446,0.0,0.34422916085865624,2.2811179720506987,-0.19654307220518538,-2.620696840928152,0.4913950192346629,0.19999999999999998,0.586504243527527,-0.7522226643213895,0.42734222723502996,0.4020797227036395,0.1844997108155003,0.2533783783783784,0.19555070968295304,-0.3872869100375251,-0.4953452462912359,Drug Manufacturers—Specialty & Generic,Healthcare,SNOA
2019Q1,2019,Q1,2018-08-08,2018-06-30,-3458000.0,4369000.0,-3552000.0,-4.950005,1731000.0,0.39620050354772257,16633000.0,12629000.0,13993000.0,3482000.0,4004000.0,2600000.0,-160898000.0,15477647.76,8015647.76,18.212023194408193,4.0186674325100515,0.013407082306258642,0.017657771795074828,-0.27100022888532843,18.212023194408193,-0.27381423707340247,3.542606491187915,-1.118973956043956,1.2255640003167314,0.0,1.0146153846153847,0.0,0.2626705946010942,2.8429063756461805,-0.20789995791498828,-5.01381527696793,0.39620050354772257,0.4086021184209143,0.5715622766587652,-0.7251720154194267,0.02360338846737184,0.29954954954954954,0.2739869829939114,0.2520530638029059,0.2815939209615402,-0.42284150388461755,-0.4487334884558727,Drug Manufacturers—Specialty & Generic,Healthcare,SNOA
2018Q4,2018,Q4,2018-06-26,2018-03-31,-4763000.0,3655000.0,-4749000.0,-8.370008,1332000.0,0.36443228454172366,19206000.0,15326000.0,16254000.0,3261000.0,3880000.0,2865000.0,-157440000.0,18893072.16,9089072.16,26.86683857984058,4.984360625574977,0.01364157034260127,0.017095132454652225,-0.29907424900812396,26.86683857984058,-0.3107790682500326,5.169103190150479,-0.9916582070123872,1.2327464543912305,0.0,0.8108202443280977,0.0,0.19030511298552535,3.5581110088929777,-0.2479954180985109,-6.180265672227674,0.36443228454172366,-0.27397246304303785,0.5745536897995902,-0.7606493636481231,-0.1798273746744183,-0.4375,-0.4945089425792281,-0.4840625,-0.6333330406955837,-0.5273070038478515,-0.3455559971253218,Drug Manufacturers—Specialty & Generic,Healthcare,SNOA
2018Q3,2018,Q3,2018-02-14,2017-12-31,-3187000.0,4843000.0,-3200000.0,-6.570007,2368000.0,0.488953128226306,18355000.0,14256000.0,15672000.0,3393000.0,4099000.0,2701000.0,-152677000.0,23936350.95,15358350.95,29.2131746171611,4.618921308576481,0.002560610187959684,0.0032968574635241304,-0.21875854525567404,29.2131746171611,-0.2235549943883277,4.942463545323147,-1.877655393002824,1.6790369633838382,0.0,0.9163272861902999,0.0,0.2638518114955053,3.3109342764515177,-0.17363116317079816,-11.01028102575897,0.488953128226306,-0.08955231553666781,0.6109523642106373,-0.6806846384549066,0.06374993672291127,0.2813852813852814,-0.11045296167247387,-0.12005600280014,0.7889597835048813,-0.41062337198163706,-0.2867999743120007,Drug Manufacturers—Specialty & Generic,Healthcare,SNOA
2018Q2,2018,Q2,2017-11-14,2017-09-30,-2870000.0,4325000.0,-2857000.0,-6.030006,1848000.0,0.42728323699421966,20153000.0,16160000.0,17199000.0,3207000.0,3993000.0,2603000.0,-149490000.0,22513802.58,12618802.579999998,33.72139367849072,5.362956033676333,0.004366595544087729,0.005445544554455445,-0.17204624834397206,33.72139367849072,-0.1775990099009901,5.205503486705202,-1.9611326289198605,1.393180852722772,0.0,0.9515943142527853,0.0,0.21460824691112987,4.059245400686,-0.14241055922195206,-8.645853525345622,0.42728323699421966,0.18292679126185107,0.5917700805465229,-0.7935322283418974,7.969222643230113,0.04880817253121453,0.18187001140250855,0.15548329884717707,-0.5760863212435311,-0.4775334279486917,-0.5234236393029758,Drug Manufacturers—Specialty & Generic,Healthcare,SNOA
2018Q1,2018,Q1,2017-08-08,2017-06-30,-3508000.0,3835000.0,-3383000.0,-7.380007,1762000.0,0.45945241199478487,22421000.0,18606000.0,19313000.0,2983000.0,3815000.0,2380000.0,-146620000.0,28426213.8,15917213.8,38.99729622099726,6.474354676500168,0.005753534632710405,0.006933247339567882,-0.17687964028024677,38.99729622099726,-0.18854133075352036,7.412311290743156,-2.025813412200684,1.5277982263785874,0.0,0.8710084033613446,0.0,0.1710450024530574,5.155548105933624,-0.15646046117479148,-5.933252723857232,0.45945241199478487,-0.42186913575870316,-2.657557404965618,-0.8009454407572549,10.439206891492528,-0.09501797637390857,-0.4400656814449918,-0.1617445054945055,-18.48082436814511,-0.5605036112177763,-0.460409389665512,Drug Manufacturers—Specialty & Generic,Healthcare,SNOA
2017Q4,2017,Q4,2017-06-28,2017-03-31,-2436000.0,4029000.0,-2912000.0,-5.190356,1947000.0,0.4832464631422189,25459000.0,21431000.0,22643000.0,3288000.0,4028000.0,2221000.0,-143101000.0,30285993.96,12992993.96,45.66277176923798,6.886557177615572,0.006598845202089634,0.0078391115673557,-0.12369827449767727,45.66277176923798,-0.11366711772665765,7.517000238272525,-3.108168509852217,1.413186223694648,0.0,0.9374155785682126,0.0,0.15825444832868535,5.951642335766423,-0.0956832554302997,-10.465098120248792,0.4832464631422189,-1.1501837599412155,0.7054884167130308,-0.7430017318429399,6.277522193421606,0.14126611957796015,-1.1501109193985704,0.18316970546984573,-1.1155263055456055,-0.511037600039744,-0.3717176597908637,Drug Manufacturers—Specialty & Generic,Healthcare,SNOA
2017Q3,2017,Q3,2017-02-17,2016-12-31,16228000.0,3361000.0,-3565000.0,34.560035,1706000.0,0.5075870276703363,27507000.0,22863000.0,25127000.0,3753000.0,4644000.0,2066000.0,-140665000.0,21293934.48,2370934.4800000004,48.702398374243515,6.695177191580069,0.002181262951248773,0.002624327516074006,0.03621063796509394,48.702398374243515,0.7097931155141495,6.335594906277894,0.3280431119053488,0.9313709696890172,0.0,0.8010648596321394,0.0,0.1221870796524521,5.584865440980549,0.5899589195477515,-13.29209393258427,0.5075870276703363,9.347826475529974,2.1641904690294065,-0.7798836540798824,24.6291142659355,-0.18059558117195004,9.326321190354028,-0.8376288659793815,9.561986974060385,-0.6709760167479017,1.1696438190077696,Drug Manufacturers—Specialty & Generic,Healthcare,SNOA
2017Q2,2017,Q2,2016-11-15,2016-09-30,-1949000.0,4108000.0,-1940000.0,-4.140004,2082000.0,0.5068159688412853,9241000.0,6039000.0,8392000.0,3152000.0,3202000.0,2085000.0,-156892000.0,18236645.28,15060645.280000001,12.934579599390004,2.6624365482233503,0.00844064495184504,0.012916045702930949,-0.31714892921366683,12.934579599390004,-0.32273555224374895,4.439300214216164,-2.3392310518214474,3.019812101341282,0.0,0.9717026378896882,0.0,0.4445406341305054,1.7493654822335025,-0.21090791039930742,-10.894053333333334,0.5068159688412853,0.24590159753952862,0.576246190662495,-0.795422789134343,9.100090259712116,0.08494007295466388,0.24104361370716512,0.24542979385453131,0.5603103025573286,-0.6829224532681447,0.22966127539878314,Drug Manufacturers—Specialty & Generic,Healthcare,SNOA
2017Q1,2017,Q1,2016-08-09,2016-06-30,-2568000.0,3811000.0,-2571000.0,-5.490005,1919000.0,0.5035423773287852,11320000.0,7750000.0,10497000.0,3532000.0,3570000.0,1992000.0,-154943000.0,16833927.87,11929927.870000001,16.615106240205126,2.9719705549263873,0.005830388692579506,0.008516129032258065,-0.3289406345957011,16.615106240205126,-0.3313548387096774,4.417194403043821,-1.6388169655373834,2.1721197251612905,0.0,0.9497991967871486,0.0,0.33666077738515904,2.1412797281993203,-0.22685512367491167,-7.040538632371393,0.5035423773287852,0.23750004687495446,0.7853590685249859,-0.7643494788121554,2.6405543895205015,0.11117544875506659,0.11752577319587629,0.10073452256033578,0.5269904361304597,-0.6436062775984939,-0.06615103299224631,Drug Manufacturers—Specialty & Generic,Healthcare,SNOA
2016Q4,2016,Q4,2016-06-21,2016-03-31,-2910000.0,3530000.0,-2859000.0,-7.200007,1727000.0,0.48923512747875353,13803000.0,10140000.0,12888000.0,3551000.0,3663000.0,1640000.0,-152375000.0,17011294.542,9656294.542,25.59752809669504,3.6294001689664883,0.008259074114322973,0.011242603550295858,-0.2788180222352253,25.59752809669504,-0.2869822485207101,4.819063609631728,-1.4614514211340206,1.6776424597633137,0.0,1.099390243902439,0.0,0.2557415054698254,2.7437341593917206,-0.2108237339708759,-9.924909301050175,0.48923512747875353,0.1578948045551764,0.6322818872189467,-0.7212719815071349,0.2760540814152572,0.1361842105263158,0.07589711019371229,0.08482714468629962,0.6256916653982663,-0.6671149899588996,-0.21857602417484406,Drug Manufacturers—Specialty & Generic,Healthcare,SNOA
2016Q3,2016,Q3,2016-02-16,2015-12-31,-3149000.0,3820000.0,-3124000.0,-8.550009,1520000.0,0.39790575916230364,12098000.0,9118000.0,11139000.0,2793000.0,2980000.0,1613000.0,-149465000.0,18936981.0,12823981.0,24.917197730725928,3.9881847475832437,0.0,0.0,-0.3426189953937267,24.917197730725928,-0.34536082474226804,4.957324869109947,-1.5034122737376947,2.0768788111427945,0.0,1.425914445133292,0.0,0.3157546701934204,3.1700680272108843,-0.26029095718300543,-6.727169094138543,0.39790575916230364,-0.7272728007345446,0.6762083820224092,-0.6213085197815452,-0.23106755792864273,-0.2727272727272727,-0.7861599546228021,-0.6813778256189451,0.4873606724357916,-0.6641175993242793,-0.09268102981860174,Drug Manufacturers—Specialty & Generic,Healthcare,SNOA
2016Q2,2016,Q2,2015-11-10,2015-09-30,-1763000.0,4054000.0,-1858000.0,-4.950005,2090000.0,0.5155402072027627,13584000.0,10748000.0,12677000.0,2573000.0,2836000.0,1670000.0,-146316000.0,20971491.3,12997491.3,29.75093144663489,4.926933540614069,0.0,0.0,-0.17286937104577596,29.75093144663489,-0.16403051730554521,5.1730368278243715,-2.973835975609756,1.951199413844436,0.0,1.1760479041916168,0.0,0.29843934040047115,4.098717450446949,-0.12978504122497056,-11.466096938217605,0.5155402072027627,0.2666666864197326,0.7527179442543704,-0.619765413679565,-0.4532816516784873,0.11585691404164442,0.2465811965811966,0.1960190393768931,0.6673527041053314,-0.7432806209050097,7.148644598497944,Drug Manufacturers—Specialty & Generic,Healthcare,SNOA
2016Q1,2016,Q1,2015-08-07,2015-06-30,-2340000.0,3680000.0,-2311000.0,-6.750007,1873000.0,0.5089673913043479,14206000.0,11137000.0,13264000.0,2730000.0,3069000.0,1466000.0,-144553000.0,21617178.75,12900178.75,33.036694254101036,4.858608058608058,0.0024637477122342673,0.0031426775612822125,-0.2068564267812388,33.036694254101036,-0.2101104426685822,5.8742333559782605,-2.3095276442307693,1.941023502738619,0.0,1.2326057298772168,0.0,0.2590454737434887,4.136263736263737,-0.1647191327608053,-7.909688529088913,0.5089673913043479,-0.3636364003672724,0.7567690945794673,-0.5987288753406239,-0.5041695637123902,-0.06068204613841525,-0.558960692871419,-0.39891041162227603,-2.5648464692783572,-0.7296655064497911,8.690763647869638,Drug Manufacturers—Specialty & Generic,Healthcare,SNOA
2015Q4,2015,Q4,2015-06-16,2015-03-31,-1501000.0,3980000.0,-1652000.0,-4.950005,1994000.0,0.5010050251256282,15048000.0,12054000.0,9647000.0,2581000.0,2994000.0,1402000.0,-142213000.0,11098873.799999999,5049873.799999999,41.05292196402846,3.7376985664471136,0.0057814992025518345,0.007217521154803385,-0.13606786920352523,41.05292196402846,-0.1245229799236768,2.7886617587939697,-1.8485799133910723,0.9207627177700348,0.0,1.4165477888730384,0.0,0.2644869750132908,2.9651297946532353,-0.09974747474747475,-4.1290453125,0.5010050251256282,0.840579708277908,0.7070016929209253,-0.4945945544434863,-0.515045241775674,0.2041062801932367,0.746195468380115,0.15238583889173934,0.7099326538176981,-0.5942027923212372,5.74473402238633,Drug Manufacturers—Specialty & Generic,Healthcare,SNOA
2015Q3,2015,Q3,2015-02-12,2014-12-31,-5914000.0,3218000.0,-1949000.0,-31.050031,1656000.0,0.5146053449347421,11834000.0,7828000.0,5197000.0,3519000.0,4006000.0,1351000.0,-140712000.0,12297928.499999998,10063928.499999998,40.96070325990267,1.4768400113668656,0.000507013689369613,0.0007664793050587634,-0.24878733724789379,40.96070325990267,-0.7554931016862545,3.821606121814791,-0.5198650870815015,1.5710179483903934,0.0,1.156180606957809,0.0,0.27192834206523575,1.0389315146348395,-0.4997464931553152,-10.980293303571427,0.5146053449347421,-7.624999027778857,-0.7988870369654779,-0.1831932758933737,-0.4239882699734319,-0.04387990762124711,-7.236768802228412,-0.2623056994818653,-0.04217299562325914,-0.48231059482903965,20.55513032837222,Drug Manufacturers—Specialty & Generic,Healthcare,SNOA
2015Q2,2015,Q2,2014-11-13,2014-09-30,-718000.0,3264000.0,-1544000.0,-3.600004,1732000.0,0.5306372549019608,18394000.0,13370000.0,7291000.0,4461000.0,5024000.0,1235000.0,-134798000.0,19981991.25,16440991.25,70.75758778545156,1.6343869087648508,0.0004349244318799609,0.0005983545250560958,-0.11541336522649126,70.75758778545156,-0.05370231862378459,6.12193359375,-6.957517844707521,1.4945393605086013,0.0,1.240485829959514,0.0,0.17744916820702403,1.2772920869760143,-0.03903446776122649,-12.051864445114596,0.5306372549019608,-7.000008888888889,0.8550277254736735,-0.253851965209306,-0.17430045160108532,-0.0912906610703043,-9.257142857142858,-0.019815059445178335,0.6142725521072884,-0.5983652404705037,45.31089879787749,Drug Manufacturers—Specialty & Generic,Healthcare,SNOA
2015Q1,2015,Q1,2014-08-12,2014-06-30,-70000.0,3392000.0,-1514000.0,-0.45,1906000.0,0.5619103773584906,19879000.0,13404000.0,8668000.0,5687000.0,6475000.0,1306000.0,-134080000.0,25789047.3,20866047.3,72.27200672899615,1.5241779497098646,0.003219477840937673,0.004774694121157864,-0.11241461241461241,72.27200672899615,-0.005222321695016413,7.602903095518868,-92.10374035714287,1.9239814458370639,0.0,1.1378254211332313,0.0,0.17063232556969665,1.2205029013539652,-0.00352130388852558,-18.86543328456474,0.5619103773584906,-1.01010099989798,0.9934396228241223,-0.39053938737239297,3.727172945975541,0.3781634128705712,-1.009387153010594,0.28178368121442127,0.9852853532902707,-0.4725035103707513,14.835599696620047,Drug Manufacturers—Specialty & Generic,Healthcare,SNOA
2014Q4,2014,Q4,2014-06-30,2014-03-31,7457000.0,2914000.0,-2108000.0,44.550045,1383000.0,0.47460535346602606,20791000.0,12063000.0,9542000.0,7572000.0,8728000.0,1088000.0,-134010000.0,28157998.05,22824998.05,72.67874464534243,1.2601690438457476,0.007070366985714973,0.012186023377269336,-0.17264537264537264,72.67874464534243,0.6181712675122275,9.663005507892931,0.944012272026284,2.3342450509823425,0.0,1.4071691176470589,0.0,0.14015679861478525,1.0310353935552035,0.3586648068875956,-18.488508240315166,0.47460535346602606,12.000000246913334,2.2428170953427755,-0.2673937526365457,0.9714870225545094,-0.3442389758179232,13.204582651391162,-0.36351875808538164,3.248941676738628,-0.45085442869121384,2.623084556699857,Drug Manufacturers—Specialty & Generic,Healthcare,SNOA
2014Q3,2014,Q3,2014-02-14,2013-12-31,-611000.0,3293000.0,-1546000.0,-4.050004,2109000.0,0.6404494382022472,9843000.0,3397000.0,7493000.0,4920000.0,6446000.0,970000.0,-141467000.0,23698747.8,20310747.8,22.44718600701764,1.5229674796747967,0.004978157065935182,0.014424492198999116,-0.4486360998258851,22.44718600701764,-0.1798645863997645,7.1967044640145765,-9.696705319148936,6.976375566676478,0.0,1.220618556701031,0.0,0.33455247383927667,1.2276422764227641,-0.062074570760946864,-21.96362168674699,0.6404494382022472,0.5714285563114277,0.9385236849813134,-0.09909132759403362,-0.3852924447309016,-0.22033271719038816,0.5632594710507506,-0.21636506687647522,0.8480849155778843,-0.21062993993635967,-0.3072909024307359,Drug Manufacturers—Specialty & Generic,Healthcare,SNOA
2014Q2,2014,Q2,2013-11-19,2013-09-30,-1399000.0,4089000.0,-1271000.0,-9.450009,2705000.0,0.6615309366593299,8882000.0,1550000.0,6912000.0,4737000.0,7332000.0,749000.0,-140856000.0,18168871.5,16070871.5,10.51881510637576,1.4591513616212792,0.12294528259401036,0.704516129032258,,10.51881510637576,-0.9025806451612903,4.443353264856933,-3.2467604538956394,11.72185258064516,0.0,1.8477970627503337,0.0,0.4603692861968025,1.1851382731686722,-0.15750956991668544,-11.729419948353776,0.6615309366593299,0.19230775147922924,0.9305635593433343,-0.052813460564157776,-0.8952222381758607,0.22954545454545455,0.18282710280373832,-0.12877442273534637,0.5189167696671275,-0.0597416520888488,-0.8067008681199591,Drug Manufacturers—Specialty & Generic,Healthcare,SNOA
2014Q1,2014,Q1,2013-08-14,2013-06-30,-1712000.0,3372000.0,-1126000.0,-11.700012,2200000.0,0.6524317912218268,10581000.0,2617000.0,8951000.0,4760000.0,7964000.0,813000.0,-139457000.0,16812158.4,12785158.399999999,17.792070053301426,1.8804621848739496,0.12787071165296285,0.5170042032862056,-0.2836272040302267,17.792070053301426,-0.6541841803591899,4.985812099644128,-2.4550464953271027,6.4242103171570495,0.0,1.4415744157441575,0.0,0.3186844343634817,1.5907563025210083,-0.16179945184765146,-13.525469348350763,0.6524317912218268,0.4085538195251855,0.8868264230164001,-0.04301634020715324,-0.9162468828257293,0.005484460694698354,0.2997955010224949,0.18523878437047755,0.5921494500964692,-0.15730183301244344,-0.7329681417536787,Drug Manufacturers—Specialty & Generic,Healthcare,SNOA
2013Q4,2013,Q4,2013-06-25,2013-03-31,-2445000.0,3335000.0,-1382000.0,-19.78204,2188000.0,0.656071964017991,12565000.0,4081000.0,11534000.0,5127000.0,8484000.0,992000.0,-137745000.0,18892860.3,12927860.3,32.75754121783243,2.2496586697874,0.1539992041384799,0.47414849301641754,-0.22972074468085107,32.75754121783243,-0.5991178632688067,5.665025577211394,-1.9317853067484665,4.62946834109287,0.0,1.15625,0.0,0.26541981695185035,1.8740003900916715,-0.1945881416633506,-16.079030042553192,0.656071964017991,-0.2559999878095485,0.7782983795017243,0.46139593608803237,-0.8926653342206465,-0.11452853095912587,-0.27876569037656906,-1.0323529411764707,-0.12485125466170431,-0.0018760009457288312,-0.6130378857018522,Drug Manufacturers—Specialty & Generic,Healthcare,SNOA
2013Q3,2013,Q3,2013-02-13,2012-12-31,-1912000.0,3540000.0,-680000.0,-15.750032,2471000.0,0.6980225988700565,11830000.0,3128000.0,10900000.0,5298000.0,8702000.0,901000.0,-135300000.0,21886077.150000002,16846077.150000002,27.462445457019694,2.0573801434503585,0.1316990701606086,0.49808184143222506,-0.14511310285958173,27.462445457019694,-0.6112531969309463,6.182507669491526,-2.86167326752092,6.996827733375959,0.0,1.1864594894561598,0.0,0.2992392223161454,1.8248395620989053,-0.16162299239222316,-20.24613982423682,0.6980225988700565,0.0,0.8667365243741942,0.2276450601838439,-0.8603597161141494,-0.2278125,-0.2587228439763002,0.16768665850673195,0.024187593477628746,0.5076217770021216,-0.6138081268261953,Drug Manufacturers—Specialty & Generic,Healthcare,SNOA
2013Q2,2013,Q2,2012-11-08,2012-09-30,-1519000.0,4526000.0,-817000.0,-15.750032,3200000.0,0.7070260715863897,13392000.0,-501000.0,12447000.0,7451000.0,13893000.0,876000.0,-133388000.0,29357418.573,23616418.573,-4.838616213710378,1.670514024963092,0.1918309438470729,-5.127744510978044,,-4.838616213710378,3.031936127744511,6.48639385174547,-4.831701542626728,-58.59764186227545,0.0,1.5136986301369864,0.0,0.33796296296296297,1.4967118507582875,-0.11342592592592593,6.60607978690369,0.7070260715863897,-4.55065889941573,0.8943346497446585,0.7859172431810216,-1.014414735681967,0.10957004160887657,-4.413483146067415,-0.6505050505050505,0.44029379535336977,0.8881271534496921,-1.0564638132471467,Drug Manufacturers—Specialty & Generic,Healthcare,SNOA
2013Q1,2013,Q1,2012-08-03,2012-06-30,445000.0,4051000.0,-495000.0,4.435805422647528,2884000.0,0.7119229819797581,9693000.0,342000.0,8869000.0,5783000.0,9351000.0,818000.0,-131869000.0,23384592.0,21908592.0,3.409090909090909,1.5336330624243473,0.3015578252347055,8.546783625730994,,3.409090909090909,1.3011695906432748,5.772548012836337,13.137411235955057,68.37599999999999,0.0,1.4266503667481663,0.0,0.4179304652842257,1.3264741483659,0.04590941916847209,-18.0576,0.7119229819797581,1.2516968325791855,1.0332367174344608,0.7532067016033679,-0.9866453001572297,0.35081967213114756,1.2516968325791855,0.6621160409556314,1.077102340570046,0.3456398053570209,-0.777017920973819,Drug Manufacturers—Specialty & Generic,Healthcare,SNOA
2012Q4,2012,Q4,2012-06-21,2012-03-31,-1768000.0,3351000.0,-1465000.0,-17.62360446570973,2135000.0,0.6371232467920024,7838000.0,-868000.0,6960000.0,4749000.0,8706000.0,953000.0,-132314000.0,42029064.0,41917064.0,-8.652312599681022,1.4655716993051169,0.41324317427915286,-3.7315668202764978,,-8.652312599681022,2.0368663594470044,12.542245299910475,-5.9430237556561085,-48.42058064516129,0.0,1.2759706190975866,0.0,0.42753253380964534,1.1602442619498843,-0.2255677468742026,-26.736045801526718,0.6371232467920024,0.37835735336582466,0.8946701789371769,0.08082920369104565,-1.0218319778159457,0.15280777537796977,0.3058500196309384,0.3776550552251487,0.5124875365123739,0.3938495053118157,-1.234703035785706,Drug Manufacturers—Specialty & Generic,Healthcare,SNOA
2012Q3,2012,Q3,2012-02-10,2011-12-31,-2547000.0,2790000.0,-2354000.0,-28.350057,1852000.0,0.6637992831541218,8981000.0,163000.0,8172000.0,4388000.0,8818000.0,1017000.0,-130546000.0,28370742.75,26643742.75,1.9002762978420789,1.862351868732908,0.36009353078721745,19.84049079754601,,1.9002762978420789,-15.625766871165645,10.168725,-2.784721510600707,174.05363650306748,0.0,0.9223205506391348,0.0,0.3106558289722748,1.5683682771194165,-0.283598708384367,-23.140899469820553,0.6637992831541218,-2.0000000000000004,0.917533035656444,-0.585507357902273,1.0125307939246784,-0.3333333333333333,-2.0357568533969013,-2.7365079365079366,0.5478751781552922,0.346654010188524,-0.9479616644590939,Drug Manufacturers—Specialty & Generic,Healthcare,SNOA
2012Q2,2012,Q2,2011-11-03,2011-09-30,-839000.0,3663000.0,-630000.0,-9.450019,2778000.0,0.7583947583947583,7763000.0,-136000.0,6922000.0,4207000.0,7899000.0,887000.0,-127999000.0,40510159.199999996,39441159.199999996,-1.5968438850272402,1.6453529831233658,0.32886770578384644,-18.772058823529413,,-1.5968438850272402,6.169117647058823,11.05928452088452,-12.070965196662694,-297.86881764705885,0.0,0.9977452085682075,0.0,0.47185366482030144,1.3539339196577134,-0.10807677444287002,-41.379120735444324,0.7583947583947583,0.6249999900793848,0.9695372427237824,-0.5053398423232567,-1.0219672599748255,0.42534633145202666,0.6142528735632183,0.6878097125867195,0.9279522993986613,0.46805982421461506,-1.0159061383400783,Drug Manufacturers—Specialty & Generic,Healthcare,SNOA
2012Q1,2012,Q1,2011-08-04,2011-06-30,-2175000.0,2940000.0,-2018000.0,-25.20005,1949000.0,0.6629251700680272,9210000.0,387000.0,8357000.0,4876000.0,8823000.0,762000.0,-127160000.0,49147761.6,47031761.6,4.563894523326572,1.7139048400328138,0.31585233441910965,7.516795865633075,,4.563894523326572,-5.62015503875969,16.716925714285715,-5.649168,126.99680000000001,0.0,1.3005249343832022,0.0,0.31921824104234525,1.453650533223954,-0.23615635179153094,-83.16034111675127,0.6629251700680272,-0.2614306020070839,0.9232163654807078,-0.6139713854022186,0.0,0.009844559585492229,-0.28394332939787487,-0.455988455988456,0.750596571107408,0.44732533190163015,-0.9785162495629756,Drug Manufacturers—Specialty & Generic,Healthcare,SNOA
2011Q4,2011,Q4,2011-06-03,2011-03-31,-1694000.0,2711000.0,-1386000.0,-19.97735742251993,1930000.0,0.7119144227222427,8664000.0,1701000.0,7809000.0,4415000.0,6963000.0,733000.0,-124985000.0,53688587.4,51862587.4,20.059908486249352,1.7687429218573048,0.29374422899353647,1.4961787184009405,,20.059908486249352,-0.9958847736625515,19.803979122095168,-7.923345247933884,31.562955555555554,0.0,1.0654843110504775,0.0,0.3129039704524469,1.4643261608154021,-0.19552169898430286,-306.791928,0.7119144227222427,0.2072492942466412,0.9605838390468359,-0.43916917795471727,-0.9639862040886006,0.679721496953873,0.24035874439461882,0.33301251203079885,0.7743250564417369,0.7453458876834832,-0.9342709039540525,Drug Manufacturers—Specialty & Generic,Healthcare,SNOA
2011Q3,2011,Q3,2011-02-04,2010-12-31,-2230000.0,2313000.0,-2078000.0,-25.20005,1149000.0,0.496757457846952,8413000.0,2719000.0,7405000.0,2919000.0,5694000.0,615000.0,-123291000.0,44667891.45,42526891.45,32.404924499743764,2.5368276807125727,0.30096279567336265,0.9312247149687385,,32.404924499743764,-0.8201544685546157,19.31166945525292,-5.007611149103139,16.428058642883414,0.0,1.8926829268292682,0.0,0.2749316533935576,2.1908187735525866,-0.26506596933317483,-27.186787248934877,0.496757457846952,-0.3333332980600358,0.9475702346805596,-0.5164346640390667,0.0,-0.3132098027495517,-0.35233474833232264,-0.2632218844984802,0.7890121462674478,0.08886624477099651,-0.8352283352359967,Drug Manufacturers—Specialty & Generic,Healthcare,SNOA
2011Q2,2011,Q2,2010-11-04,2010-09-30,-1649000.0,2466000.0,-1645000.0,-18.900038,1673000.0,0.6784266017842661,9303000.0,4547000.0,8233000.0,2464000.0,4756000.0,648000.0,-121061000.0,41060401.199999996,37458401.199999996,54.41729098350846,3.341314935064935,0.18972374502848544,0.38816802287222346,,54.41729098350846,-0.3626566967231141,16.650608759124086,-6.22504566403881,9.03021798988344,0.0,1.2237654320987654,0.0,0.26507578200580456,2.833603896103896,-0.17725464903794474,-32.254832050274935,0.6784266017842661,0.33333333333333337,0.9474589437909878,-0.29241074381397514,0.0,0.2044636429085673,0.3056842105263158,0.3134390651085142,0.8578574861559738,0.2057808055317052,-0.8378852896343976,Drug Manufacturers—Specialty & Generic,Healthcare,SNOA
2011Q1,2011,Q1,2010-08-05,2010-06-30,-2375000.0,2264000.0,-2396000.0,-28.350057,1389000.0,0.6135159010600707,10374000.0,5545000.0,9290000.0,2589000.0,4829000.0,529000.0,-119412000.0,53478457.2,48577457.2,66.6290163658648,3.5882580146774816,0.17023327549643338,0.31848512173128946,,66.6290163658648,-0.42831379621280435,23.621226678445232,-5.629311284210527,9.644446744815149,0.0,1.6540642722117203,0.0,0.21823790244842878,3.14059482425647,-0.22893772893772893,-35.369350000000004,0.6135159010600707,-0.6248956223512396,0.9240213373342647,-0.34774942872661235,0.0,0.09456264775413711,-0.6356749311294766,-0.6467353951890035,0.7861687854271833,0.18112721459611383,-0.7389889157803552,Drug Manufacturers—Specialty & Generic,Healthcare,SNOA
2010Q4,2010,Q4,2010-06-08,2010-03-31,-1452000.0,2232000.0,-1455000.0,-17.447309605633126,1269000.0,0.5685483870967742,10218000.0,7045000.0,9050000.0,2735000.0,3173000.0,565000.0,-117037000.0,55575651.599999994,49631651.599999994,84.6530965369734,3.3089579524680075,0.03073008416519867,0.044570617459190914,,84.6530965369734,-0.20610361958836054,24.899485483870965,-9.568810537190082,7.888665947480482,0.0,1.704424778761062,0.0,0.2184380504991192,2.8058500914076783,-0.14210217263652378,-34.626574205607476,0.5685483870967742,-0.10776343855257738,0.947535619106972,-0.01700175859727353,-0.5223366373878772,0.8364688856729378,-0.0787518573551263,0.2743142144638404,0.895723828665999,-0.13218688739584658,-0.7863987801695415,Drug Manufacturers—Specialty & Generic,Healthcare,SNOA
2010Q3,2010,Q3,2010-02-11,2009-12-31,-1346000.0,1613000.0,-2005000.0,-15.750032,691000.0,0.4283942963422195,8576000.0,5564000.0,7249000.0,2084000.0,3012000.0,563000.0,-115585000.0,45103753.800000004,40130753.800000004,71.11088390164102,3.4784069097888675,0.021571828358208957,0.03324946081955428,,71.11088390164102,-0.24191229331416247,27.962649597024182,-8.37736883358098,8.106354025880663,0.0,1.6376554174067495,0.0,0.1880830223880597,3.0182341650671787,-0.15694962686567165,-25.74415171232877,0.4283942963422195,0.37499997023815435,0.9482839903755816,-0.24442075081972603,0.0,-0.15006150061500614,0.28895932382461703,0.11086474501108648,0.9522233239198501,-0.737295931825237,1.468919089810821,Drug Manufacturers—Specialty & Generic,Healthcare,SNOA
2010Q2,2010,Q2,2009-11-10,2009-09-30,-1893000.0,1672000.0,-2255000.0,-25.20005,813000.0,0.486244019138756,9970000.0,6189000.0,8590000.0,2217000.0,3781000.0,505000.0,-114239000.0,55282329.900000006,49035329.900000006,85.69410982803024,3.8746053225078936,0.020561685055165497,0.033123283244465986,,85.69410982803024,-0.305865244789142,33.06359443779905,-7.3008887876386686,8.932352544837617,0.0,1.700990099009901,0.0,0.16770310932798396,3.3712223725755526,-0.18986960882647944,-32.25340134189032,0.486244019138756,0.555555559474811,0.9212025623631113,-0.15147730747272273,0.0,-0.2642533936651584,0.46540525275345945,0.019991308126901346,0.9189478011687212,-0.7337355267134728,0.17886589074515108,Drug Manufacturers—Specialty & Generic,Healthcare,SNOA
2010Q1,2010,Q1,2009-08-07,2009-06-30,-3541000.0,1847000.0,-2301000.0,-56.700113,1105000.0,0.5982674607471575,5876000.0,941000.0,4368000.0,2938000.0,4935000.0,355000.0,-112346000.0,65918979.0,64105979.0,15.288631821800516,1.4867256637168142,0.04084411164057182,0.255047821466525,,15.288631821800516,-3.763018065887354,35.689755820249054,-4.653980443377577,70.05204994686504,0.0,2.0901408450704224,0.0,0.31432947583390064,1.1388699795779442,-0.6026208304969367,-38.571667056758336,0.5982674607471575,-0.5684652831626966,0.827043886518126,0.09987313271422332,0.0,0.5136986301369864,-0.5914606741573034,-0.023576512455516015,0.8277775766925761,-0.6658869582747045,0.0,Drug Manufacturers—Specialty & Generic,Healthcare,SNOA
2009Q4,2009,Q4,2009-06-11,2009-03-31,-2225000.0,1475000.0,-2248000.0,-36.150059302344474,730000.0,0.49491525423728816,5447000.0,2269000.0,3942000.0,2679000.0,3178000.0,340000.0,-108482000.0,24428798.099999998,22836798.099999998,36.86493687955937,1.471444568868981,0.06040022030475491,0.14499779638607316,,36.86493687955937,-0.9806081974438079,16.56189701694915,-2.7448087752808985,10.766327941824592,0.0,2.1911764705882355,0.0,0.27079126124472186,1.0615901455767078,-0.408481733064072,-10.68626338582677,0.49491525423728816,0.45351493323785846,0.8912961067687246,-0.12164977219627543,-0.7919859942195617,0.023842917251051893,0.32981927710843373,0.2840764331210191,0.9286744224578275,-0.5796135191475623,-0.9338159337079155,Drug Manufacturers—Specialty & Generic,Healthcare,SNOA
2009Q3,2009,Q3,2009-02-13,2008-12-31,-3320000.0,1221000.0,-3140000.0,-66.150132,713000.0,0.583947583947584,5837000.0,1846000.0,4077000.0,3430000.0,3991000.0,336000.0,-106257000.0,22771148.4,21128148.4,36.51685393258427,1.1886297376093296,0.13294500599623094,0.42036836403033584,,36.51685393258427,-1.7984832069339112,18.64958918918919,-1.7146949096385544,12.3354,0.0,1.5119047619047619,0.0,0.20918279938324483,0.9612244897959183,-0.5687853349323283,-7.595446430953968,0.583947583947584,0.5116279095521337,0.8025620043660644,-0.11473351894203043,0.0,-0.09056122448979592,0.5196759259259259,0.5262522631261316,0.8704399861586781,-0.5763033368601321,0.0,Drug Manufacturers—Specialty & Generic,Healthcare,SNOA
2009Q2,2009,Q2,2008-11-13,2008-09-30,-6912000.0,1481000.0,-6628000.0,-135.450271,784000.0,0.5293720459149224,9777000.0,5075000.0,7756000.0,4098000.0,4702000.0,265000.0,-102937000.0,30255372.0,25551372.0,100.39167589808514,1.892630551488531,0.12969213460161605,0.24985221674876848,,100.39167589808514,-1.3619704433497537,20.429015530047266,-1.0943059895833334,5.961649655172414,0.0,2.630188679245283,0.0,0.15147795847396953,1.676915568570034,-0.7069653267873581,-6.063200801603206,0.5293720459149224,-0.303030302738788,0.5889483657163364,0.07377531404328658,0.0,0.3634782608695652,-0.3294864396999423,-0.306267244777296,0.6359747013658862,-0.29758640212790166,0.0,Drug Manufacturers—Specialty & Generic,Healthcare,SNOA
2009Q1,2009,Q1,2008-08-06,2008-06-30,-5199000.0,1211000.0,-5074000.0,-103.950208,575000.0,0.47481420313790257,16165000.0,10739000.0,13620000.0,4778000.0,5426000.0,280000.0,-96025000.0,38376550.8,28673550.799999997,212.43472068365247,2.850565089995814,0.10838230745437674,0.16314368190706768,,212.43472068365247,-0.4841232889468293,31.6899676300578,-1.8453813618003463,3.5735683769438493,0.0,2.2714285714285714,0.0,0.07491493968450355,2.5766010883214734,-0.32162078564800495,-5.521011480362537,0.47481420313790257,-0.17427729940022346,0.6908192351503519,-0.12198385867223495,0.0,1.5784753363228698,-0.1617877094972067,0.12153739612188366,0.7261910405673094,-0.42564289870147803,0.0,Drug Manufacturers—Specialty & Generic,Healthcare,SNOA
2008Q4,2008,Q4,2008-06-13,2008-03-31,-4475000.0,926000.0,-5776000.0,-88.52270928944453,223000.0,0.2408207343412527,23612000.0,15428000.0,20950000.0,7450000.0,8184000.0,259000.0,-90826000.0,80574832.80000001,63969832.80000001,305.19069473017885,2.8120805369127515,0.09393528714213112,0.1437645838734768,,305.19069473017885,-0.29005703914959813,87.01385831533479,-4.50138730726257,5.222636297640653,0.0,2.7142857142857144,0.0,0.03921734711163815,2.6299328859060402,-0.1895222768084025,-22.008968260038245,0.2408207343412527,0.29744022028269806,0.7338105849657918,-0.32861854098306326,0.7220682933798692,-0.31384615384615383,0.1562971342383107,-0.03997119193374145,0.7338105849657918,-0.32861854098306326,0.7220682933798692,Drug Manufacturers—Specialty & Generic,Healthcare,SNOA
2008Q3,2008,Q3,2008-02-08,2007-12-31,-5304000.0,1066000.0,-5554000.0,-126.000252,325000.0,0.3048780487804878,14893000.0,8281000.0,12207000.0,5366000.0,6612000.0,278000.0,-86351000.0,54381190.5,46511190.5,196.66563754245138,2.2748788669399924,0.16672262136574229,0.29984301412872844,,196.66563754245138,-0.640502354788069,51.01425,-2.563215992647059,6.566983516483516,0.0,2.6654676258992804,0.0,0.07157725105754381,2.110883339545285,-0.35614046867655946,-12.729679424157304,0.3048780487804878,0.09090908959727405,0.621313164988731,-0.07210335685747359,0.0,0.13240418118466898,0.04294478527607362,0.02201091741503786,0.621313164988731,-0.07210335685747359,0.0,Drug Manufacturers—Specialty & Generic,Healthcare,SNOA
2008Q2,2008,Q2,2007-11-13,2007-09-30,-5542000.0,977000.0,-5679000.0,-138.600277,287000.0,0.2937563971340839,20040000.0,13399000.0,17242000.0,5075000.0,6641000.0,290000.0,-81047000.0,89903063.25,77830063.25,335.6715184006814,3.3974384236453203,0.1434630738522954,0.21456825136204194,,335.6715184006814,-0.4136129561907605,92.01951202661208,-4.055533347618188,6.70968454735428,0.0,2.3793103448275863,0.0,0.04875249500998004,3.17064039408867,-0.27654690618762473,-19.806799570389952,0.2937563971340839,-0.04761904293993674,0.5826123260932173,-0.102915466998151,0.0,0.15261044176706828,-0.10442407333599044,-0.04855982274741507,0.5826123260932173,-0.102915466998151,0.0,Drug Manufacturers—Specialty & Generic,Healthcare,SNOA
2008Q1,2008,Q1,2007-08-14,2007-06-30,-5018000.0,866000.0,-5416000.0,-132.300265,249000.0,0.28752886836027713,20537000.0,9598000.0,17572000.0,8935000.0,10939000.0,281000.0,-75505000.0,96587619.912,91283619.912,255.27274661560148,1.9666480134303301,0.36743438671665773,0.7862054594707231,,255.27274661560148,-0.5228172535944988,111.53304839722864,-4.812057588282184,10.063306929777037,0.0,2.195729537366548,0.0,0.04216779471198325,1.583212087297146,-0.24433948483225398,-17.275553552495083,0.28752886836027713,0.2092898325011922,0.5987774306639408,-0.15581370589706103,0.0,-0.3582474226804124,0.20235256715943412,0.061351819757365686,0.5987774306639408,-0.15581370589706103,0.0,Drug Manufacturers—Specialty & Generic,Healthcare,SNOA
2007Q4,2007,Q4,2007-06-20,2007-03-31,-6291000.0,1162000.0,-5770000.0,-167.31827974148248,388000.0,0.33390705679862304,26950000.0,14901000.0,23868000.0,10034000.0,12049000.0,282000.0,-70487000.0,70469925.75,59471925.75,396.3137317481848,2.3787123779150887,0.2987755102040816,0.5403664183611838,,396.3137317481848,-0.42218643044091003,60.645375,-2.800426233905579,4.72920782162271,0.0,2.74468085106383,0.0,0.043116883116883116,2.0344827586206895,-0.23343228200371058,-14.27383547701033,0.33390705679862304,0.5460101881671655,0.49687085532722175,0.13273033920047933,1.2362389268715694,0.3287671232876712,-0.30329397141081416,-0.1276138362321673,0.49687085532722175,0.13273033920047933,1.2362389268715694,Drug Manufacturers—Specialty & Generic,Healthcare,SNOA
2007Q3,2007,Q3,2006-12-31,2006-12-31,-4827000.0,1052000.0,-5117000.0,-368.550737,292000.0,0.27756653992395436,9800000.0,-2033000.0,5105000.0,9379000.0,11833000.0,423000.0,-64155000.0,,,,,,,,,,,,,,,,,,,,,,,,,,,,,,,Drug Manufacturers—Specialty & Generic,Healthcare,SNOA
2007Q2,2007,Q2,2006-09-30,2006-09-30,-4333000.0,1165000.0,-4298000.0,-332.325665,432000.0,0.3708154506437768,10056000.0,974000.0,5433000.0,6230000.0,9082000.0,355000.0,-59208000.0,,,,,,,,,,,,,,,,,,,,,,,,,,,,,,,Drug Manufacturers—Specialty & Generic,Healthcare,SNOA
2007Q1,2007,Q1,2006-06-30,2006-06-30,-4333000.0,1165000.0,1165000.0,-332.325665,0.0,0.0,,,,,,,,,,,,,,,,,,,,,,,,,,,,,,,,,,,,,,Drug Manufacturers—Specialty & Generic,Healthcare,SNOA
