Year,Date,FillingDate,NetIncome,Revenue,OperatingIncome,EPSDiluted,GrossProfit,GrossProfitRatio,TotalAssets,CommonStockEquity,CurrentAssets,CurrentLiability,TotalLiability,Inventory,RetainedEarnings,EnterpriseValue,bookValuePerShare,currentRatio,debtToAssets,debtToEquity,roic,shareholdersEquityPerShare,roe,priceToSalesRatio,peRatio,pbRatio,payoutRatio,inventoryTurnover,dividendYield,assetTurnover,quickRatio,returnOnAssets,priceToFreeCashFlowsRatio,grossProfitMargin,epsdilutedGrowth,fiveYNetIncomeGrowthPerShare,fiveYRevenueGrowthPerShare,fiveYShareholdersEquityGrowthPerShare,grossProfitGrowth,netIncomeGrowth,operatingIncomeGrowth,threeYNetIncomeGrowthPerShare,threeYRevenueGrowthPerShare,threeYShareholdersEquityGrowthPerShare,Industry,Sector,Price,MarketCap,AvgVolume,Symbol
2022,2022-12-31,2023-03-15,51432000.0,309312000.0,96560000.0,1.47,309312000.0,1.0,10900437000.0,1383176000.0,2224034000.0,2098000.0,9517261000.0,0.0,303146000.0,824968480.0,39.81737578444355,1060.0734032411822,0.015897711256897314,0.12528557464849013,0.05103213278104538,39.81737578444355,0.037183988154797364,3.3085734792054624,19.897757816145592,0.7398779909425843,0.29899673355109657,0.0,0.015026654576551455,0.02837611005870682,1060.0734032411822,0.004718342943498504,9.722877583012684,1.0,-0.4787234042553191,0.2059458925906721,0.6616689968680673,1.0039236957855395,1.1993174061433447,0.4448002696780718,0.8769924578182101,-0.26946060445569125,0.4517188368125185,0.8526208769173504,Banks—Regional,Financial Services,22.68,1208891628,181529,STEL
2021,2021-12-31,2021-12-31,35598000.0,140640000.0,51444000.0,2.82,140640000.0,1.0,4486001000.0,562125000.0,1308664000.0,0.0,64142000.0,0.0,237165000.0,-54864000.0,19.6135729239358,0.0,0.014298258069938013,0.1141062930842784,0.0628231531354242,19.6135729239358,0.06332755170113409,5.909698521046644,23.347940895555933,1.478567934178341,0.33892353503005784,0.0,0.014516206655918377,0.031350862382777,0.0,0.007935352667108188,24.405814124210835,1.0,0.8076923076923075,0.11676762060233035,0.0415344358858597,0.34160461502123846,-0.009158799492743412,0.35040400591783316,0.21095993597288262,-0.34706050841452596,-0.11198949215560065,-0.00010497961318634972,Banks—Regional,Financial Services,22.68,1208891628,181529,STEL
2020,2020-12-31,2020-12-31,26361000.0,141940000.0,42482000.0,1.56,141940000.0,1.0,3949217000.0,546451000.0,538007000.0,0.0,66447000.0,0.0,214456000.0,267133070.0,18.871119245778225,0.0,0.01682536057147531,0.12159736188606114,0.05492879417400588,18.871119245778225,0.048240372878812554,5.204262857545442,28.022194529797808,1.3518011130000676,0.3779067561928607,0.0,0.013485980043105047,0.035941301782100095,0.0,0.006674994055783716,27.56728877444395,1.0,-0.2277227722772277,-0.17620039100185222,-0.025561068843468624,0.1970788230270235,-0.07158368436199995,-0.47817566363798325,-0.4656016101641613,-0.2585061800032536,-0.08524710328400116,-0.05025677163324868,Banks—Regional,Financial Services,22.68,1208891628,181529,STEL
2019,2019-12-31,2019-12-31,50517000.0,152884000.0,79495000.0,2.02,152884000.0,1.0,3478544000.0,535721000.0,425343000.0,0.0,65704000.0,0.0,201080000.0,469337120.0,21.492457674717162,0.0,0.018888362487293534,0.12264592950435022,0.10480783254302947,21.492457674717162,0.09429721814153262,5.07376259124565,15.355169942791537,1.4479498096957186,0.1733475859611616,0.0,0.011289200093974822,0.043950572423404735,0.0,0.014522455372132708,14.471421215626282,1.0,0.06878306878306885,0.8339953384457504,0.21930635739996074,0.3633619501908636,0.11291966339574294,0.06826111780752395,0.0,0.8222097325454892,0.3018184072141961,0.47012380234712836,Banks—Regional,Financial Services,22.68,1208891628,181529,STEL
2018,2018-12-31,2018-12-31,47289000.0,137372000.0,0.0,1.89,137372000.0,1.0,3279096000.0,487625000.0,0.0,0.0,2791471000.0,0.0,160626000.0,350355600.0,19.61563216541293,0.0,0.00047909545801647774,0.003221738015893361,0.0,19.61563216541293,0.09697821071520123,5.3202588591561595,15.455065660090083,1.4988046142014868,0.10528875637040326,0.0,0.006812572569153974,0.04189325350645422,0.0,0.014421352714284668,15.21726076455401,1.0,0.5491803278688524,0.7214314868706707,0.09854527082573239,0.24430658084876003,0.14156078346643178,0.7151717384208045,0.0,0.7214314868706707,0.09854527082573239,0.24430658084876003,Banks—Regional,Financial Services,22.68,1208891628,181529,STEL
2017,2017-12-31,2017-12-31,27571000.0,120337000.0,0.0,1.22,120337000.0,1.0,3081083000.0,446214000.0,0.0,0.0,2634869000.0,0.0,118353000.0,346001620.0,19.869706550296122,0.0,0.0021829986404131273,0.015073484919791848,0.0,19.869706550296122,0.06178873813909918,5.535077490713579,24.158522360451197,1.4927246119574913,0.16002321279605383,0.0,0.006623882471306293,0.039056721289234986,0.0,0.008948476882966152,19.251824382912307,1.0,0.09692501348678285,0.11099996625968171,0.06524825956256373,0.26042364638451676,0.04406887375407263,0.013339392322003395,0.0,0.11099996625968171,0.06524825956256373,0.26042364638451676,Banks—Regional,Financial Services,22.68,1208891628,181529,STEL
2016,2016-12-31,2016-12-31,27208061.0,115257722.0,0.0,1.1122,115257722.0,1.0,2951522403.0,357637594.0,0.0,0.0,2593884809.0,0.0,95274351.0,354036216.12,14.61948826377979,0.0,0.011656550858306325,0.09619953712136874,0.0,14.61948826377979,0.07607718387681581,6.093602970220077,25.813482155894903,1.9638170284749206,0.16155543020871646,0.0,0.006258567876779956,0.039050261615107246,0.0,0.009218314240930395,20.560257469703078,1.0,0.02882504701495505,0.006467754885601229,-0.06338215019620563,-0.07262099422226481,0.04904679208876025,0.12728128107391448,0.0,0.006467754885601229,-0.06338215019620563,-0.07262099422226481,Banks—Regional,Financial Services,22.68,1208891628,181529,STEL
2015,2015-12-31,2015-12-31,24136000.0,109869000.0,0.0,1.081039,109869000.0,1.0,2882624631.0,344313043.0,0.0,0.0,2538311588.0,0.0,72461900.0,229489045.84000003,15.76430798271019,0.0,0.013087378632060264,0.10956889600025986,0.0,15.76430798271019,0.07009899999634925,5.707377311525544,25.980437431223073,1.821202683396458,0.18590487238979117,0.0,0.007155571297901716,0.038114223689917535,0.0,0.008372925056019893,20.871516370656373,1.0,0.0,0.0,0.0,0.0,0.0,0.0,0.0,0.0,0.0,0.0,Banks—Regional,Financial Services,22.68,1208891628,181529,STEL
TTM,,,,,,,,,,,,,,,,1293922628.0,27.2762867543049,470.94529032258066,0.03284990699422653,0.24087964730026495,0.06917493077302486,27.2762867543049,0.08086592960822253,3.0604696381284144,15.419840738603579,0.8314914784513515,0.2449317176380073,0.0,0.022927689594356263,0.03724776085512128,470.94529032258066,0.0073538023359036985,8.236752071296195,1.0,,,,,,,,,,,Banks—Regional,Financial Services,22.68,1208891628,181529,STEL
