Year,Date,FillingDate,NetIncome,Revenue,OperatingIncome,EPSDiluted,GrossProfit,GrossProfitRatio,TotalAssets,CommonStockEquity,CurrentAssets,CurrentLiability,TotalLiability,Inventory,RetainedEarnings,EnterpriseValue,bookValuePerShare,currentRatio,debtToAssets,debtToEquity,roic,shareholdersEquityPerShare,roe,priceToSalesRatio,peRatio,pbRatio,payoutRatio,inventoryTurnover,dividendYield,assetTurnover,quickRatio,returnOnAssets,priceToFreeCashFlowsRatio,grossProfitMargin,epsdilutedGrowth,fiveYNetIncomeGrowthPerShare,fiveYRevenueGrowthPerShare,fiveYShareholdersEquityGrowthPerShare,grossProfitGrowth,netIncomeGrowth,operatingIncomeGrowth,threeYNetIncomeGrowthPerShare,threeYRevenueGrowthPerShare,threeYShareholdersEquityGrowthPerShare,Industry,Sector,Price,MarketCap,AvgVolume,Symbol
2022,2022-06-30,2022-08-11,-932000000.0,181364000000.0,1648000000.0,-3.34,6545000000.0,0.0360876469,43878000000.0,-706000000.0,32935000000.0,30550000000.0,44584000000.0,15636000000.0,-280000000.0,15181330000.0,-2.5304659498207887,1.0780687397708675,0.12113131865627422,-7.528328611898017,0.2137538521830522,-2.5304659498207887,1.320113314447592,0.08040917712445689,-15.647349785407727,-20.656274787535413,-0.5997854077253219,11.18054489639294,0.03833143733289996,4.133369798076485,0.5000981996726678,-0.02124071288572861,5.332113345521024,0.03608764694206127,-2.605769230769231,-1.8221576615686013,0.5854150520868149,-1.1178257500136881,-0.034375922100914724,-2.525368248772504,-0.10483432916892993,-1.7352535125710995,0.3399965215237735,-1.1199272962000373,Medical Distribution,Healthcare,93.99,23929854000,2308154,CAH
2021,2021-06-30,2021-08-16,611000000.0,162467000000.0,1841000000.0,2.08,6778000000.0,0.0417192414,44453000000.0,1794000000.0,31048000000.0,27624000000.0,42659000000.0,14594000000.0,1205000000.0,19499280000.0,6.1438356164383565,1.1239501882421084,0.14028299552336176,3.47603121516165,0.4343973258176575,6.1438356164383565,0.34057971014492755,0.10260717561104718,27.283600654664486,9.292240802675586,0.9378068739770867,10.668014252432506,0.03437254803158675,3.654803950239579,0.45286707211120764,0.01374485411558275,8.21600788565796,0.04171924144595518,1.1650793650793652,-0.5205071469026888,0.49688829123603684,-0.6934644115692185,-0.013104251601630751,1.165448145139453,0.03835307388606881,1.5583663313356166,0.27295185658798166,-0.6826175032273963,Medical Distribution,Healthcare,93.99,23929854000,2308154,CAH
2020,2020-06-30,2020-08-13,-3693000000.0,152922000000.0,1773000000.0,-12.6,6868000000.0,0.0449117851,40766000000.0,1792000000.0,25940000000.0,23615000000.0,38974000000.0,13198000000.0,1170000000.0,19295670000.0,6.1160409556314,1.098454372221046,0.1661924152480008,3.7806919642857144,0.20262246398886155,6.1160409556314,-2.060825892857143,0.09999653418082421,-4.140717573788248,8.533297991071427,-0.15407527755212563,11.066373692983785,0.03720980115317686,3.7512142471667564,0.4672877408426847,-0.09059019771378109,9.647741324921135,0.04491178509305398,-3.7814569536423837,-4.444082079804492,0.6899942989022918,-0.6754274940425792,0.004975124378109453,-3.709464416727806,-0.13932038834951457,-4.10209494838149,0.2729121847855977,-0.7152195971011819,Medical Distribution,Healthcare,93.99,23929854000,2308154,CAH
2019,2019-06-30,2019-08-20,1363000000.0,145534000000.0,2060000000.0,4.53,6834000000.0,0.0469580991,40963000000.0,6330000000.0,25747000000.0,24109000000.0,34633000000.0,12822000000.0,5434000000.0,19768000000.0,21.1,1.0679414326600025,0.1960549764421551,1.2687203791469195,0.11182246033989113,21.1,0.21532385466034756,0.09803894622562426,10.46808510638298,2.2540284360189573,0.42333088774761557,10.817345187958196,0.04044014578076815,3.5528159558626076,0.45539010328093243,0.0332739301320704,5.959899749373434,0.04695809913834568,4.592592592592593,0.3287106918238992,0.8161658103142886,0.12405874082174677,-0.048321960729703385,4.32421875,0.1105121293800539,0.041114225648213036,0.30511954321820556,0.0527464144034179,Medical Distribution,Healthcare,93.99,23929854000,2308154,CAH
2018,2018-06-30,2018-08-22,256000000.0,136809000000.0,1855000000.0,0.81,7181000000.0,0.0524892368,39951000000.0,6059000000.0,24553000000.0,22893000000.0,33892000000.0,12308000000.0,4645000000.0,22533790000.0,19.357827476038338,1.0725112479797319,0.22560136166804334,1.4875391978874402,-0.13980990660036502,19.357827476038338,0.04225119656709028,0.11171626135707446,59.7023046875,2.522493810859878,2.26953125,10.532011699707507,0.03801413131167073,3.424419914395134,0.41772594242781635,0.00640784961577933,6.410985738255033,0.05248923681921511,-0.7990074441687345,-0.16496719022019862,0.47436028995412427,0.1047730827328992,0.09734107579462102,-0.8012422360248447,-0.125,-0.7765103406565955,0.41531536491901183,0.027301586004592114,Medical Distribution,Healthcare,93.99,23929854000,2308154,CAH
2017,2017-06-30,2017-08-10,1288000000.0,129976000000.0,2120000000.0,4.03,6544000000.0,0.0503477565,40112000000.0,6808000000.0,28345000000.0,21221000000.0,33284000000.0,11301000000.0,4967000000.0,28216640000.0,21.47634069400631,1.335705197681542,0.25914938173115276,1.526880141010576,0.08288212554910224,21.47634069400631,0.1891891891891892,0.19004000738597895,19.177515527950312,3.6281786133960043,0.44798136645962733,10.922219272630741,0.023359718614578407,3.2403270841643397,0.7034070024975261,0.03211009174311927,30.99202007528231,0.05034775650889395,-0.06712962962962964,0.3112877095549068,0.31523848899559515,0.18663317415633834,0.0001528350909368791,-0.09740714786264891,-0.13786091907279382,0.18826260341646317,0.535027603735838,0.14410751080396073,Medical Distribution,Healthcare,93.99,23929854000,2308154,CAH
2016,2016-06-30,2016-08-12,1427000000.0,121546000000.0,2459000000.0,4.32,6543000000.0,0.0538314712,34122000000.0,6554000000.0,21956000000.0,19701000000.0,27551000000.0,10615000000.0,6419000000.0,28692270000.0,20.04281345565749,1.1144611948632048,0.1623292890217455,0.8451327433628318,0.12784738574814955,20.04281345565749,0.2177296307598413,0.20987338127128824,17.87615276804485,3.892168141592921,0.3587946741415557,10.834008478568064,0.020071134924676402,3.562100697497216,0.4954570833967819,0.041820526346638534,10.179277733439745,0.05383147121254504,0.1933701657458564,0.5862988013125292,0.26236773831842997,0.19463200947956796,0.14548319327731093,0.17448559670781894,0.13789912077741787,3.4553736563570103,0.25379407358912653,0.14386600642329772,Medical Distribution,Healthcare,93.99,23929854000,2308154,CAH
2015,2015-06-30,2015-08-13,1215000000.0,102531000000.0,2161000000.0,3.62,5712000000.0,0.0557099804,30142000000.0,6256000000.0,21752000000.0,17243000000.0,23886000000.0,9211000000.0,5521000000.0,28647800000.0,18.843373493975903,1.2614974192425912,0.18220423329573351,0.8778772378516624,0.11334153470984214,18.843373493975903,0.19421355498721227,0.27086247086247084,22.857448559670782,4.439226342710998,0.3786008230452675,10.511236564976658,0.016563564479075896,3.401599097604671,0.6460012758800673,0.040309203105301575,12.398125,0.055709980396172865,0.07100591715976338,1.044656358226428,0.12491826420346143,0.28143939835078075,0.10676225537686494,0.04202401372212693,0.1464190981432361,0.18108073078093478,-0.00935577141950736,0.041153724442935004,Medical Distribution,Healthcare,93.99,23929854000,2308154,CAH
2014,2014-06-30,2014-08-13,1166000000.0,91084000000.0,1885000000.0,3.38,5161000000.0,0.0566619823,26033000000.0,6401000000.0,17939000000.0,15115000000.0,19632000000.0,8266000000.0,4774000000.0,24485960000.0,18.771260997067447,1.186834270592127,0.1525755771520762,0.6205280424933605,0.11754306310116525,18.771260997067447,0.18215903765036712,0.2566747178428703,20.050566037735848,3.6523918137790976,0.35591766723842194,10.394749576578757,0.01775100346636463,3.498789997311105,0.5454846179292094,0.04478930588099719,10.276465934065934,0.05666198234596636,2.484536082474227,0.061793409449965774,-0.040139709493283854,-0.230620774060848,0.04877057508636456,2.4910179640718564,-0.009458749343142408,0.24294796326818932,-0.09284670119275035,0.11884238682380603,Medical Distribution,Healthcare,93.99,23929854000,2308154,CAH
2013,2013-06-30,2013-08-20,334000000.0,101093000000.0,1903000000.0,0.97,4921000000.0,0.04867795,25819000000.0,5975000000.0,17770000000.0,14590000000.0,19844000000.0,8373000000.0,4038000000.0,18181190000.0,17.521994134897362,1.2179575051405072,0.14926991750261434,0.645020920502092,0.07304008912768704,17.521994134897362,0.05589958158995816,0.16052733621516824,48.58739520958084,2.7160150627615063,1.0568862275449102,11.485966798041323,0.02175227181836052,3.9154498625043574,0.5623714873200822,0.01293620976800031,10.592813315926895,0.04867795000642972,-0.6830065359477123,-0.7302422567883174,0.16577546356279044,-0.18988340766437753,0.08368200836820083,-0.6875584658559402,0.06194196428571429,-0.4527645529343322,0.07986773277427531,0.19157929068842017,Medical Distribution,Healthcare,93.99,23929854000,2308154,CAH
2012,2012-06-30,2012-08-22,1069000000.0,107552000000.0,1792000000.0,3.06,4541000000.0,0.0422214371,24260000000.0,6244000000.0,17510000000.0,14174000000.0,18016000000.0,7864000000.0,4093000000.0,15110000000.0,18.098550724637683,1.235360519260618,0.11929101401483924,0.4634849455477258,0.1235756613486545,18.098550724637683,0.17120435618193466,0.13472552811663197,13.554724041159961,2.320627802690583,0.2806361085126286,13.099059003051883,0.020703933747412008,4.433305853256389,0.6087907436150698,0.04406430338004946,15.870755750273823,0.04222143707229991,0.12499999999999994,-0.36636234210583585,0.41744659747683394,-0.031148899787251903,0.09106198942815955,0.11470281543274244,0.18361955085865259,-0.037824123714454004,0.12026225964760709,-0.2581932055967041,Medical Distribution,Healthcare,93.99,23929854000,2308154,CAH
2011,2011-06-30,2011-08-26,959000000.0,102644200000.0,1514000000.0,2.72,4162000000.0,0.0405478342,22845900000.0,5848600000.0,16315900000.0,13369500000.0,16997300000.0,7334200000.0,3331400000.0,16406112000.0,16.777395295467585,1.2203822132465687,0.10951636836368889,0.4277946859077386,0.1153765730147699,16.777395295467585,0.16397086482235065,0.15425530132243226,16.51033576642336,2.7072140341278255,0.2859228362877998,13.42780398680156,0.017317808694676803,4.492893692084794,0.6047346572422304,0.04197689738640194,14.35095803498595,0.04054783416890579,0.536723163841808,0.1586070308631788,0.5242817077915534,-0.16772010570966503,0.10085433914354484,0.4933042665836188,0.15846660035197796,-0.2423422739087983,0.15785782778135823,-0.22430939079232154,Medical Distribution,Healthcare,93.99,23929854000,2308154,CAH
2010,2010-06-30,2010-08-26,642200000.0,98502800000.0,1306900000.0,1.77,3780700000.0,0.0383816501,19990200000.0,5276100000.0,14918900000.0,11537600000.0,14714100000.0,6355900000.0,2647200000.0,11433268000.0,14.704849498327759,1.293067882401886,0.10651719342477814,0.4035746100339266,0.08550129110409854,14.704849498327759,0.12171869373211273,0.12242563663164904,18.778056680161942,2.2856405299368854,0.3941139831828091,14.90301924196416,0.020988006900584676,4.927554501705836,0.6869626265427818,0.03212574161339056,6.420309854655806,0.038381650064769735,-0.44339622641509435,-0.26664832140891576,0.5777036919941506,-0.2633029548434656,-0.3158837579617834,-0.4423410906564779,-0.3069417192554489,-0.63398385991614,0.2482553940092401,-0.21282041685672404,Medical Distribution,Healthcare,93.99,23929854000,2308154,CAH
2009,2009-06-30,2009-08-27,1151600000.0,99512400000.0,1885700000.0,3.18,5526400000.0,0.0555347876,25118800000.0,8724700000.0,15799000000.0,11399800000.0,16394100000.0,7145500000.0,5953900000.0,12724480000.0,24.397930648769574,1.3859015070439833,0.14520200009554596,0.4180430272674132,0.1044882177783648,24.397930648769574,0.13199307712586106,0.1097820975074463,9.48652309829802,1.252155374969913,0.174018756512678,13.153173325869428,0.018343786728764595,3.961670143478192,0.6921174055685188,0.045846139146774524,10.566476448399264,0.05553478762445685,-0.10924369747899151,-0.051255686718965014,0.8582273145030911,0.3287440384420725,-0.019115741644628245,-0.1145625096109488,-0.11102206298321704,0.3562791371869526,0.4405817109120014,0.2103134475675439,Medical Distribution,Healthcare,93.99,23929854000,2308154,CAH
2008,2008-06-30,2008-08-27,1300600000.0,91091400000.0,2121200000.0,3.57,5634100000.0,0.0618510639,23448200000.0,7747500000.0,14184200000.0,10375900000.0,15700700000.0,6768800000.0,5016200000.0,21031056000.0,21.62897822445561,1.3670332212145453,0.16403817777057514,0.4964698289770894,0.12347666446259085,21.62897822445561,0.16787350758309133,0.20282876319828216,14.2057173612179,2.384763601161665,0.1330924188835922,12.625177284008982,0.009368933331514754,3.884792862565144,0.6439826906581598,0.05546694415776051,16.264045774647887,0.06185106387650206,0.7246376811594204,0.15193901567082016,0.999034482445067,0.243413243978191,0.07412350103902542,-0.32649785096577083,-0.07957997049379502,0.48769050671969666,0.46144035632429703,0.08358840051531954,Medical Distribution,Healthcare,93.99,23929854000,2308154,CAH
TTM,,,,,,,,,,,,,,,,24673854000.0,-8.6640625,1.0305817924499276,0.10913617815893216,-2.1343552750225427,0.2181166731209533,-8.6640625,-0.2677461327164956,0.1204551147174598,51.968552915766736,-10.848259693417493,1.1511879049676026,11.552045728038507,0.02116182572614108,4.579892569795053,0.4609420668861336,0.010673859418585887,5.265094389438944,0.03355951314292618,,,,,,,,,,,Medical Distribution,Healthcare,93.99,23929854000,2308154,CAH
