Year,Date,FillingDate,NetIncome,Revenue,OperatingIncome,EPSDiluted,GrossProfit,GrossProfitRatio,TotalAssets,CommonStockEquity,CurrentAssets,CurrentLiability,TotalLiability,Inventory,RetainedEarnings,EnterpriseValue,bookValuePerShare,currentRatio,debtToAssets,debtToEquity,roic,shareholdersEquityPerShare,roe,priceToSalesRatio,peRatio,pbRatio,payoutRatio,inventoryTurnover,dividendYield,assetTurnover,quickRatio,returnOnAssets,priceToFreeCashFlowsRatio,grossProfitMargin,epsdilutedGrowth,fiveYNetIncomeGrowthPerShare,fiveYRevenueGrowthPerShare,fiveYShareholdersEquityGrowthPerShare,grossProfitGrowth,netIncomeGrowth,operatingIncomeGrowth,threeYNetIncomeGrowthPerShare,threeYRevenueGrowthPerShare,threeYShareholdersEquityGrowthPerShare,Industry,Sector,Price,MarketCap,AvgVolume,Symbol
2023,2023-01-31,2023-03-27,-97454000.0,2515915000.0,-55157000.0,-0.49,1979827000.0,0.7869212593,3012720000.0,617287000.0,1631004000.0,2208322000.0,2395433000.0,0.0,-1598684000.0,12349152920.0,3.07256238085046,0.7385716394619988,0.2948465174327518,1.4390226912279054,-0.035789955526340254,3.07256238085046,-0.15787470009898152,4.842277231146522,-125.01034252057381,19.735970334706547,0.0,0.0,0.0,0.8350975198491728,0.7068792503991719,-0.032347513210653496,28.39108824180562,0.7869212592635284,-0.36111111111111116,-0.29962987742373176,2.3827213153898312,1.0561008813014,0.2066509341391378,-0.3926774894249457,0.08787683352350714,0.5886160311717292,1.2720082140466415,-0.0062104509830198515,Software—Application,Technology,50.63,10246044135,3979342,DOCU
2022,2022-01-31,2022-03-25,-69976000.0,2107213000.0,-60471000.0,-0.36,1640762000.0,0.7786407924,2541265000.0,275503000.0,1319596000.0,1371639000.0,2265762000.0,0.0,-1438189000.0,25108986750.0,1.4008033557900088,0.9620578009228375,0.3471621416892768,3.202255510829283,-0.047854120039092445,1.4008033557900088,-0.2539936044253602,11.738639971374512,-353.48997870698526,89.784193820031,0.0,0.0,0.0,0.8291984503780597,0.9159552914433025,-0.027535892557446782,55.57723318302024,0.7786407923641322,0.7251908396946565,0.9004432229995863,-0.09294576978546418,1.1302343238815693,0.5066837222414552,0.7123489828049017,0.6521756636277357,0.8872331338301971,1.065942779574777,-0.6918156006090139,Software—Application,Technology,50.63,10246044135,3979342,DOCU
2021,2021-01-31,2021-03-31,-243267000.0,1453047000.0,-173855000.0,-1.31,1088989000.0,0.7494520136,2336507000.0,325737000.0,1162348000.0,1093173000.0,2010770000.0,0.0,-1380452000.0,43100504400.0,1.7535368217054264,1.063279096721196,0.3919324872555486,2.811326315401689,-0.12796481754079944,1.7535368217054264,-0.74682028753258,29.421489050250955,-175.7361516358569,131.2433232945597,0.0,0.0,0.0,0.6218885712732725,1.0190134589859061,-0.10411567352462457,199.24965347526788,0.7494520135962567,-0.11016949152542384,-0.4965615288480052,3.373825577400451,1.8893782294255868,0.4902612020467008,-0.16753775934804832,0.1015663354159238,-2.508628900720841,1.1129252704951984,0.17343381764149057,Software—Application,Technology,50.63,10246044135,3979342,DOCU
2020,2020-01-31,2020-03-27,-208359000.0,973971000.0,-193509000.0,-1.18,730737000.0,0.750265665,1891138000.0,546327000.0,943890000.0,693965000.0,1344811000.0,280000.0,-1137185000.0,14280309040.0,3.091763627308946,1.3601406410986145,0.3429051713835796,1.1869832536191696,-0.143744220684227,3.091763627308946,-0.3813814803222246,14.243782453481675,-66.58234604696702,25.3932736987189,0.0,868.6928571428572,0.0,0.5150184703601747,1.3062402282535863,-0.11017651805420862,317.8243079037801,0.7502656649941323,0.6265822784810127,-0.3475021403461176,2.0820071755891325,2.568114924432642,0.43690861039665874,0.511419647421317,0.5460976771133624,0.6700586419434131,-0.5333689643844612,1.2874448750710803,Software—Application,Technology,50.63,10246044135,3979342,DOCU
2019,2019-01-31,2019-03-26,-426458000.0,700969000.0,-426323000.0,-3.16,508548000.0,0.7254928534642758,1615417000.0,614362000.0,984521000.0,516313000.0,1001055000.0,0.0,-928778000.0,6856134350.0,4.545341550572272,1.9068297718631915,0.2717143622977844,0.7144517401792428,-0.40309799886451425,4.545341550572272,-0.6941477500236017,9.53510119563062,-15.672845508819158,10.87927044641433,0.0,0.0,0.0,0.43392449132329297,1.8274999854739276,-0.26399251710239524,146.34051518402558,0.7254928534642758,-7.54054054054054,-2.605637178312565,1.8998463660287885,3.3053566770562037,0.2706362075901167,-7.157816206289693,-7.253596112520086,-2.605637178312565,1.8998463660287885,3.3053566770562037,Software—Application,Technology,50.63,10246044135,3979342,DOCU
2018,2018-01-31,2018-01-31,-52276000.0,518504000.0,-51653000.0,-0.37,400231000.0,0.7718956845077376,619973000.0,209298000.0,418795000.0,373819000.0,410675000.0,0.0,-743601000.0,5307648464.4,1.4943636320537421,1.1203149117621094,0.0,0.0,-0.26253063783907965,1.4943636320537421,-0.24976827298875287,10.731866030734574,-106.44493580993189,26.586567785645347,0.0,0.0,0.0,0.8363331951552729,1.0563320751486682,-0.08431980102359296,154.3554913841886,0.7718956845077376,0.8977583377384752,0.5734625772077122,1.0700332560154262,1.7579279001973598,0.43461226889189986,0.5470488337434583,0.5540119326178368,0.5734625772077122,1.0700332560154262,1.7579279001973598,Software—Application,Technology,50.63,10246044135,3979342,DOCU
2017,2017-01-31,2017-01-31,-115412000.0,381459000.0,-115817000.0,-3.618877,278982000.0,0.7313551390844101,502860000.0,-347355000.0,317345000.0,273095000.0,850215000.0,0.0,-450044000.0,1092484620.0,-10.75602279061126,1.1620315274904338,0.0,0.0,0.3344571249721316,-10.75602279061126,0.33225950396568354,3.3635085815251444,-11.117046927529199,-3.6937444977040776,0.0,0.0,0.0,0.7585789285288151,1.0715721635328366,-0.22951119595911387,-26.663354530340815,0.7313551390844101,-3.0885536941716643,-3.0840655693579744,5.604805382315855,-4.45535878503617,0.5795069808521962,0.058314770845062376,0.029227854891705225,-3.0840655693579744,5.604805382315855,-4.45535878503617,Software—Application,Technology,50.63,10246044135,3979342,DOCU
2016,2016-01-31,2016-01-31,-122559000.0,250481000.0,-119304000.0,-0.885124,176626000.0,0.705147296601339,486487000.0,-276145000.0,333344000.0,200858000.0,762632000.0,0.0,-334632000.0,5335992464.4,-1.9716435186837937,1.6596003146501508,0.0,0.0,0.4284228927944627,-1.9716435186837937,0.44382118090133804,22.215319582722838,-45.402748589658856,-20.150701495228954,0.0,0.0,0.0,0.5148770676297619,1.5377878899521054,-0.2519265674108455,-57.7831304714434,0.705147296601339,0.0,0.0,0.0,0.0,0.0,0.0,0.0,0.0,0.0,0.0,Software—Application,Technology,50.63,10246044135,3979342,DOCU
TTM,,,,,,,,,,,,,,,,10188530135.0,3.698802256318135,0.821722424052501,0.282111339694987,1.178104636206924,0.0026981654549138355,3.698802256318135,-0.1240483478533867,3.9581243126139847,-147.52534482758622,13.68821485753017,0.0,0.0,0.0,0.8270589562155201,0.7822232566783149,-0.02221860833208995,21.84163949086134,0.7913324945308507,,,,,,,,,,,Software—Application,Technology,50.63,10246044135,3979342,DOCU
