Quarters,Year,Quarter,FillingDate,Date,NetIncome,Revenue,OperatingIncome,EPSDiluted,GrossProfit,GrossProfitRatio,TotalAssets,CommonStockEquity,CurrentAssets,CurrentLiability,TotalLiability,Inventory,RetainedEarnings,MarketCap,EnterpriseValue,bookValuePerShare,currentRatio,debtToAssets,debtToEquity,roic,shareholdersEquityPerShare,roe,priceToSalesRatio,peRatio,pbRatio,payoutRatio,inventoryTurnover,dividendYield,assetTurnover,quickRatio,returnOnAssets,priceToFreeCashFlowsRatio,grossProfitMargin,epsdilutedGrowth,fiveYNetIncomeGrowthPerShare,fiveYRevenueGrowthPerShare,fiveYShareholdersEquityGrowthPerShare,grossProfitGrowth,netIncomeGrowth,operatingIncomeGrowth,threeYNetIncomeGrowthPerShare,threeYRevenueGrowthPerShare,threeYShareholdersEquityGrowthPerShare,Industry,Sector,Symbol
2024Q1,2024,Q1,2023-06-08,2023-04-30,539000.0,661388000.0,36366000.0,0.0043,524901000.0,0.7936355059,3129899000.0,749492000.0,1804062000.0,2195464000.0,2380407000.0,0.0,-1638617000.0,10028208190.0,9970694190.0,3.698802256318135,0.821722424052501,0.282111339694987,1.178104636206924,0.0019441233771370578,3.698802256318135,0.0007191537734892434,15.162367914144193,4651.3025,13.380006978059807,0.0,0.0,0.0,0.21131288901015655,0.7822232566783149,0.00017221002978051367,46.73455894826124,0.7936355059360013,-0.7849999999999999,1.000357053596376,-0.23883536227758406,1.4027044245851543,0.005268600976730825,-0.8891630680649805,3.957873210633947,1.0101816348137556,1.0107959061351064,0.2945963550360369,Software—Application,Technology,DOCU
2023Q4,2023,Q4,2023-03-27,2023-01-31,4863000.0,659576000.0,7335000.0,0.02,522150000.0,0.7916449355,3012720000.0,617287000.0,1631004000.0,2208322000.0,2395433000.0,0.0,-1598684000.0,12242852160.0,12409247160.0,3.057480658167157,0.7385716394619988,0.2948465174327518,1.4390226912279054,0.003931273929369135,3.057480658167157,0.007878021082575851,18.561700486373063,629.3878346699569,19.833322522586737,0.0,0.0,0.0,0.21893040176319073,0.7068792503991719,0.0016141559786505219,108.35053640491005,0.7916449355343432,1.1333333333333333,1.122459422929842,-0.29132940040712735,-0.5282406885166119,0.012073553896817536,1.1628272952521261,3.9864038069340584,1.091892170350903,1.149387489023663,0.012164682242418685,Software—Application,Technology,DOCU
2023Q3,2023,Q3,2022-12-08,2022-10-31,-29866000.0,645463000.0,1471000.0,-0.15,515921000.0,0.7993037556,2731584000.0,468506000.0,1480385000.0,1449531000.0,2263078000.0,0.0,-1603547000.0,9727281900.0,9932393900.0,2.326327131528901,1.0212855054496937,0.30668359457369787,1.7880923616773319,0.0011006182985260876,2.326327131528901,-0.06374731593618865,15.070239347569109,-81.42437805531374,20.762342211199,0.0,0.0,0.0,0.23629622958693564,0.9738122192626443,-0.010933582858883344,269.75268718802,0.7993037555986943,0.31818181818181823,0.6698306176830324,-0.2074216124839359,0.0,0.06270289198319189,0.3374595146191047,1.0357994645899244,0.4325196149213023,1.2905426984314505,-0.27143592981013054,Software—Application,Technology,DOCU
2023Q2,2023,Q2,2022-09-08,2022-07-31,-45078000.0,622184000.0,-41090000.0,-0.22,485480000.0,0.780283646,2667346000.0,407131000.0,1422782000.0,1402245000.0,2260215000.0,0.0,-1535647000.0,13142485180.000002,13359934180.000002,2.029384202813307,1.0146458001276524,0.3204065014437572,2.0991646423387067,-0.03181026918264806,2.029384202813307,-0.1107211192466307,21.12314874699446,-72.8874682772084,32.28072826682321,0.0,0.0,0.0,0.233259577122728,0.9582063048896591,-0.01689994473907772,124.60284598246032,0.7802836459953969,-0.5714285714285713,0.40940444905030776,-0.21842595510449483,0.0,0.06400511970824677,-0.6468052460453732,-1.1372100280869655,0.4257904122130434,1.308627625630774,-0.37189896582152665,Software—Application,Technology,DOCU
2023Q1,2023,Q1,2022-06-09,2022-04-30,-27373000.0,588692000.0,-19226000.0,-0.14,456276000.0,0.7750674376,2574131000.0,348949000.0,1362524000.0,1343716000.0,2225182000.0,0.0,-1465562000.0,16172946000.0,16406657000.0,1.747663598209009,1.0139970053195764,0.33871663874138497,2.498648799681329,-0.015015417358420277,1.747663598209009,-0.07844412793846665,27.47267841248055,-147.70892850619222,46.34759234157427,0.0,0.0,0.0,0.22869543158448424,0.9539627421270566,-0.010633879938511288,92.64076023760289,0.7750674376414152,0.06666666666666654,0.7715761056182068,-0.16108560091101837,0.0,0.015359144053728076,0.1009032681885367,0.23639685439669553,0.4839682132465535,1.3715416780871366,-0.4967647462775044,Software—Application,Technology,DOCU
2022Q4,2022,Q4,2022-03-25,2022-01-31,-30445000.0,580828000.0,-25178000.0,-0.15,449374000.0,0.7736782662,2541265000.0,275503000.0,1319596000.0,1371639000.0,2265762000.0,0.0,-1438189000.0,24988863990.0,25362035990.0,1.386618148142556,0.9620578009228375,0.3471621416892768,3.202255510829283,-0.019719398037577694,1.386618148142556,-0.11050696362653038,43.02282946070093,-205.19678099852192,90.70269285633913,0.0,0.0,0.0,0.22855861155762977,0.9159552914433025,-0.011980253928653643,355.3491651261341,0.7736782661992879,-4.2264808362369335,0.22096337170146702,-0.3658659468447259,-0.7860493340781294,0.04630164288641359,-4.3638125440451025,-6.49791542584872,0.6130851147407754,1.4481944080848836,-0.6224730191293453,Software—Application,Technology,DOCU
2022Q3,2022,Q3,2021-12-06,2021-10-31,-5676000.0,545463000.0,-3358000.0,-0.0287,429488000.0,0.7873824622,2410503000.0,239569000.0,1206589000.0,1260367000.0,2170934000.0,0.0,-1407744000.0,54924062119.99999,55321977119.99999,1.212412131763134,0.9573314756733554,0.37411237405636916,3.7642558093910314,-0.002510495279167872,1.212412131763134,-0.023692547867211533,100.6925531520928,-2419.1359284707537,229.26197513033821,0.0,0.0,0.0,0.2262859660411126,0.9035042967643552,-0.0023546952648472123,610.1521059355455,0.787382462238502,0.7792307692307692,0.9360462304118629,-0.31734669873661964,0.0,0.07894207966558141,0.7774204933139877,0.8514882137012958,0.9087679393441903,1.5956904516536548,-0.7489842720056913,Software—Application,Technology,DOCU
2022Q2,2022,Q2,2021-09-03,2021-07-31,-25501000.0,511844000.0,-22611000.0,-0.13,398064000.0,0.7777057072076649,2355687000.0,211876000.0,1182789000.0,1209630000.0,2143811000.0,0.0,-1402068000.0,58414647840.00001,58809350840.00001,1.0810220616747281,0.9778105701743508,0.387691573625868,4.310445732409523,-0.017419347697347744,1.0810220616747281,-0.12035813400290736,114.12588179210854,-572.670168228697,275.702051388548,0.0,0.0,0.0,0.21728013950919625,0.927219066987426,-0.010825292154687784,361.1839897113108,0.7777057072076649,-2.25,0.6580162805108881,-0.3418701408693851,0.0,0.09407535263140536,-2.052549676801532,-1.1058955015367422,0.4114203066136351,1.5964890922262107,-0.7585105940384169,Software—Application,Technology,DOCU
2022Q1,2022,Q1,2021-06-04,2021-04-30,-8354000.0,469078000.0,-10737000.0,-0.04,363836000.0,0.7756407249966957,2297120000.0,243237000.0,1111436000.0,1097912000.0,2053883000.0,0.0,-1376567000.0,43326605480.0,43754328480.0,1.2515925533338137,1.012317927119842,0.41212257087135196,3.89206822975123,-0.010195302833041743,1.2515925533338137,-0.03434510374655172,92.36546049910676,-1296.5826394541537,178.12506107212306,0.0,0.0,0.0,0.20420265375774882,0.9529579784172137,-0.003636727728634116,352.24596125234757,0.7756407249966957,0.8947368421052632,0.9283772396379937,-0.3132288716988978,0.0,0.10481662101676799,0.8846323813732531,0.5687432220749488,0.994229966462184,-0.43713197623178857,1.1362662354129391,Software—Application,Technology,DOCU
2021Q4,2021,Q4,2021-03-31,2021-01-31,-72412000.0,430898000.0,-24897000.0,-0.38,329318000.0,0.7642597552088893,2336507000.0,325737000.0,1162348000.0,1093173000.0,2010770000.0,0.0,-1380452000.0,43431330380.0,43781028380.0,1.7260607152508782,1.063279096721196,0.3919324872555486,2.811326315401689,-0.019697415849670677,1.7260607152508782,-0.22230204121730107,100.79260145092341,-149.94521066950227,133.33250561035436,0.0,0.0,0.0,0.18441973424432284,1.0190134589859061,-0.03099156133493287,987.4796594061207,0.7642597552088893,-0.22580645161290325,-0.9507915701584485,-0.5047021555433202,-0.7336744510778322,0.15512887068034178,-0.23800242772392333,0.4863420672580978,-0.9507915701584485,-0.5047021555433202,-0.7336744510778322,Software—Application,Technology,DOCU
2021Q3,2021,Q3,2020-12-04,2020-10-31,-58491000.0,382923000.0,-48470000.0,-0.31,285092000.0,0.7445152158527955,2051119000.0,426032000.0,929760000.0,923100000.0,1625087000.0,0.0,-1308040000.0,37704051750.0,37845849750.0,2.2852974150185332,1.0072148196295092,0.2519512519751414,1.2130121681000487,-0.04387970963610371,2.2852974150185332,-0.13729250384947608,98.46379494049718,-161.15321908498743,88.5005158063244,0.0,0.0,0.0,0.18668980200563692,0.9312739681507962,-0.028516629215564773,990.908061760841,0.7445152158527955,0.11428571428571424,0.3014561689916685,-0.4920427013969568,0.0,0.1331430797236818,0.09400557620817844,0.17336062078963077,0.3014561689916685,-0.4920427013969568,0.0,Software—Application,Technology,DOCU
2021Q2,2021,Q2,2020-09-04,2020-07-31,-64560000.0,342209000.0,-58635000.0,-0.35,251594000.0,0.735205678401211,2053310000.0,501891000.0,968023000.0,854038000.0,1551419000.0,0.0,-1249549000.0,40083627460.0,40188885460.0,2.7149495299196156,1.1334659581892141,0.24814567698009554,1.0152005116648835,-0.048709039374854525,2.7149495299196156,-0.12863350807246993,117.13200839253204,-155.21850782218092,79.86520471576499,0.0,0.0,0.0,0.16666212116046772,1.0521089225537974,-0.03144191573605544,401.7522697750872,0.735205678401211,-0.34615384615384603,0.08206632453722049,-0.5334856939240664,0.0,0.1283001098728614,-0.3505146012885951,-0.40097484051322485,0.08206632453722049,-0.5334856939240664,0.0,Software—Application,Technology,DOCU
2021Q1,2021,Q1,2020-06-05,2020-04-30,-47804000.0,297017000.0,-41853000.0,-0.26,222985000.0,0.7507482736678371,1921488000.0,522788000.0,1043243000.0,729590000.0,1398700000.0,0.0,-1184989000.0,19166945500.0,19224483500.0,2.8571085048475773,1.429903096259543,0.26009790329161564,0.955980244382044,-0.035792756804630274,2.8571085048475773,-0.0914405074332234,64.53147631280365,-100.23714281231696,36.662940809658984,0.0,0.0,0.0,0.15457655733473225,1.3412341177921847,-0.02487863572398058,585.1609067317967,0.7507482736678371,0.0,0.5647000541773313,-0.5381339255073703,0.0,0.07815975244173677,-0.008374290716560845,0.01180553915897339,0.5647000541773313,-0.5381339255073703,0.0,Software—Application,Technology,DOCU
2020Q4,2020,Q4,2020-03-27,2020-01-31,-47407000.0,274895000.0,-42353000.0,-0.26,206820000.0,0.7523599919969443,1891138000.0,546327000.0,943890000.0,693965000.0,1344811000.0,0.0,-1137185000.0,14199240090.0,14444086090.0,3.0207343842440797,1.3601406410986145,0.25701403070532136,0.8896668112687091,-0.035787442326011096,3.0207343842440797,-0.08677403825913785,51.653322504956435,-74.87944865737127,25.99036857047153,0.0,0.0,0.0,0.1453595665678549,1.2882249104781942,-0.025067974944187044,914.3103728267869,0.7523599919969443,0.0,-0.3326426230027391,-0.6702918374598063,-0.5339105189501175,0.10281649585683968,-0.01736126013992017,0.03736618405800395,-0.3326426230027391,-0.6702918374598063,-0.5339105189501175,Software—Application,Technology,DOCU
2020Q3,2020,Q3,2019-12-06,2019-10-31,-46598000.0,249502000.0,-43997000.0,-0.26,187538000.0,0.7516492853764699,1786365000.0,569362000.0,869390000.0,588494000.0,1217003000.0,0.0,-1089778000.0,11802603660.0,12082227660.0,3.1930302724407507,1.4773132776205025,0.2672023914485561,0.8383436197006474,-0.037012530101730085,3.1930302724407507,-0.08184248334100273,47.3046454938237,-63.321406820035186,20.72952473119035,0.0,0.0,0.0,0.13967022417031233,1.381901939526996,-0.026085374489536014,-834.1652173298467,0.7516492853764699,0.3333333333333333,0.4181836218512118,-0.6539779031149181,0.0,0.07511064229860809,0.3210455764075067,0.3202156917276969,0.4181836218512118,-0.6539779031149181,0.0,Software—Application,Technology,DOCU
2020Q2,2020,Q2,2019-09-06,2019-07-31,-68632000.0,235612000.0,-64722000.0,-0.39,174436000.0,0.7403527833896406,1761836000.0,566679000.0,943493000.0,574149000.0,1195157000.0,0.0,-1043180000.0,9071119080.0,9315956080.0,3.230983699091733,1.6432894597047107,0.26627166206162206,0.8278531584900799,-0.05470956842754666,3.230983699091733,-0.1211126581362641,38.50024226270309,-33.04260068189765,16.00750880127903,0.0,0.0,0.0,0.13373094885108489,1.54821309451031,-0.03895481758801614,765.4306877056788,0.7403527833896406,-0.4444444444444444,-0.02853655444153812,-0.6614551276185305,0.0,0.07714442736024403,-0.5010716941516119,-0.5251313712090864,-0.02853655444153812,-0.6614551276185305,0.0,Software—Application,Technology,DOCU
2020Q1,2020,Q1,2019-06-07,2019-04-30,-45722000.0,213962000.0,-42437000.0,-0.27,161943000.0,0.7568773894429852,1738400000.0,597682000.0,922126000.0,522607000.0,1140718000.0,0.0,-974548000.0,9752963670.0,9978793670.0,3.472856055455808,1.7644731126831443,0.26593764381040036,0.7734982816949482,-0.03549943030387716,3.472856055455808,-0.07649887398315493,45.58269071143474,-53.327521051135115,16.317981250899308,0.0,0.0,0.0,0.1230798435342844,1.6633110540042517,-0.026301196502531064,320.63132585968833,0.7568773894429852,0.325,0.5573453026626608,-0.646257787986403,0.0,0.10136086344439231,0.3097940945595073,0.3223957335377148,0.5573453026626608,-0.646257787986403,0.0,Software—Application,Technology,DOCU
2019Q4,2019,Q4,2019-03-26,2019-01-31,-66244000.0,199732000.0,-62628000.0,-0.4,147039000.0,0.7361814831874712,1615417000.0,614362000.0,984521000.0,516313000.0,1001055000.0,0.0,-928778000.0,8271452050.0,8443776050.0,3.6728981460999948,1.9068297718631915,0.2717143622977844,0.7144517401792428,-0.06065779740822037,3.6728981460999948,-0.10782567932261436,41.4127533394749,-31.215853699957734,13.463482523333148,0.0,0.0,0.0,0.12364114033713895,1.8274999854739276,-0.041007368376091126,362.4650328659071,0.7361814831874712,-0.29032258064516137,-1.013457372612055,-0.7409788817991257,-0.4332837737094801,0.10296897503600576,-0.2543123852081874,-0.07208518068370509,-1.013457372612055,-0.7409788817991257,-0.4332837737094801,Software—Application,Technology,DOCU
2019Q3,2019,Q3,2018-12-07,2018-10-31,-52813000.0,178385000.0,-58417000.0,-0.31,133312000.0,0.7473274098158478,1719436000.0,810169000.0,1265511000.0,434636000.0,909267000.0,0.0,-862534000.0,7034847840.0,6373286840.0,4.830024562407593,2.9116571107777545,0.2515778429671125,0.5339281063580562,-0.04241876684376342,4.830024562407593,-0.0651876336912422,39.43631942147602,-33.300739590631096,8.683185656326025,0.0,0.0,0.0,0.10374622841443357,2.8178613828583,-0.03071530432071912,-1630.3239490150638,0.7473274098158478,-0.40909090909090906,0.2989989579494982,-0.7370051190701581,0.0,0.02011738328627289,-0.43849757585662147,-0.5487009544008483,0.2989989579494982,-0.7370051190701581,0.0,Software—Application,Technology,DOCU
2019Q2,2019,Q2,2018-09-06,2018-07-31,-36714000.0,167044000.0,-37720000.0,-0.22,130683000.0,0.7823268120974115,1169698000.0,743470000.0,968063000.0,389590000.0,426228000.0,0.0,-809721000.0,8951910675.4,8133115675.4,4.476478201477296,2.484825072512128,0.0,0.0,-0.05357321858194746,4.476478201477296,-0.049381952197129673,53.59013598453102,-60.95706457618347,12.040715395913756,0.0,0.0,0.0,0.14280951151493804,2.379835211376062,-0.03138758893321182,487.57683417211325,0.7823268120974115,0.9705093833780161,0.41896785884418647,-0.7465308592664492,0.0,0.34014603031359597,0.8643673320107725,0.8590212215669126,0.41896785884418647,-0.7465308592664492,0.0,Software—Application,Technology,DOCU
2019Q1,2019,Q1,2018-06-08,2018-04-30,-270687000.0,155808000.0,-267558000.0,-7.46,97514000.0,0.625860032860957,614472000.0,-333728000.0,415733000.0,362495000.0,948200000.0,0.0,-773007000.0,1403597678.8500001,1134168678.8500001,-9.184905927290107,1.146865474006538,0.0,0.0,0.8038272218878763,-9.184905927290107,0.8111006568223224,9.008508413239372,-1.2963290431845638,-4.205813353539409,0.0,0.0,0.0,0.253564035464594,1.0637029476268638,-0.44051966566418,159.35486817098095,0.625860032860957,-36.927147355163726,-11.41288458595604,0.2201281637983294,0.0,-0.16937963696453973,-41.61445214105793,-41.706783719074224,-11.41288458595604,0.2201281637983294,0.0,Software—Application,Technology,DOCU
2018Q4,2018,Q4,2018-01-31,2018-01-31,-6352000.0,148874000.0,-6265000.0,-0.19669288412708244,117399000.0,0.7885796042290796,619973000.0,209298000.0,418795000.0,373819000.0,410675000.0,0.0,-743601000.0,1283040620.0,1026173620.0,6.481018145785595,1.1203149117621094,0.0,0.0,-0.047785105288031975,6.481018145785595,-0.030349071658592054,8.618298829882988,-50.49750551007556,6.130209653221722,0.0,0.0,0.0,0.2401298121047207,1.0563320751486682,-0.010245607470002726,44.66945026633708,0.7885796042290796,0.5620823899832297,0.0,0.0,0.0,0.1813973614563312,0.5620820406756291,0.49242485619379406,0.0,0.0,0.0,Software—Application,Technology,DOCU
2018Q3,2018,Q3,2017-10-31,2017-10-31,-14505000.0,130589000.0,-12343000.0,-0.449155,99373000.0,0.7609599583425862,,,,,,,,1283040620.0,,,0.0,0.0,0.0,0.0,,0.0,9.825028294879354,-22.113764563943466,0.0,0.0,0.0,0.0,0.0,0.0,0.0,182.89958945117604,0.7609599583425862,-0.1516794871794872,0.0,0.0,0.0,0.023566977390946077,-0.20503447702916008,0.10434656411000653,0.0,0.0,0.0,Software—Application,Technology,DOCU
2018Q2,2018,Q2,2017-07-31,2017-07-31,-12037000.0,125543000.0,-13781000.0,-0.39,97085000.0,0.7733206949013486,,,,,,,,1256991248.1999998,,,0.0,0.0,0.0,0.0,,0.0,10.012435963773367,-26.10682163745119,0.0,0.0,0.0,0.0,0.0,0.0,0.0,161.5877681192955,0.7733206949013486,0.3618754970008148,0.0,0.0,0.0,0.12400722439623035,0.3789598596636054,0.28462416943521596,0.0,0.0,0.0,Software—Application,Technology,DOCU
2018Q1,2018,Q1,2017-04-30,2017-04-30,-19382000.0,113498000.0,-19264000.0,-0.611166,86374000.0,0.7610178152918994,,,,,,,,1283040620.0,,,0.0,0.0,0.0,0.0,,0.0,11.30452184179457,-16.549383706531835,0.0,0.0,0.0,0.0,0.0,0.0,0.0,-171.82812642292754,0.7610178152918994,0.0,0.0,0.0,0.0,0.0,0.0,0.0,0.0,0.0,0.0,Software—Application,Technology,DOCU
