Quarters,Year,Quarter,FillingDate,Date,NetIncome,Revenue,OperatingIncome,EPSDiluted,GrossProfit,GrossProfitRatio,TotalAssets,CommonStockEquity,CurrentAssets,CurrentLiability,TotalLiability,Inventory,RetainedEarnings,MarketCap,EnterpriseValue,bookValuePerShare,currentRatio,debtToAssets,debtToEquity,roic,shareholdersEquityPerShare,roe,priceToSalesRatio,peRatio,pbRatio,payoutRatio,inventoryTurnover,dividendYield,assetTurnover,quickRatio,returnOnAssets,priceToFreeCashFlowsRatio,grossProfitMargin,epsdilutedGrowth,fiveYNetIncomeGrowthPerShare,fiveYRevenueGrowthPerShare,fiveYShareholdersEquityGrowthPerShare,grossProfitGrowth,netIncomeGrowth,operatingIncomeGrowth,threeYNetIncomeGrowthPerShare,threeYRevenueGrowthPerShare,threeYShareholdersEquityGrowthPerShare,Industry,Sector,Symbol
2023Q4,2023,Q4,2023-06-29,2023-03-31,-544000.0,42440000.0,-456000.0,-0.0128,13488000.0,0.3178133836,,,,,,,,199254650.00000003,,,0.0,0.0,0.0,0.0,,0.0,4.694972902921773,-91.56923253676472,0.0,,0.0,,0.0,0.0,0.0,0.0,0.317813383600377,0.7355371900826446,0.8245383207957211,0.30808594419280544,0.0,0.14111675126903553,0.7345046364080039,0.7885952712100139,-3.3993426793625723,0.314741249936694,0.0,Communication Equipment,Technology,ITI
2023Q3,2023,Q3,2023-02-02,2022-12-31,-2049000.0,40686000.0,-2157000.0,-0.0484,11820000.0,0.2905176228,111730000.0,63866000.0,61515000.0,36546000.0,47864000.0,12480000.0,-128410000.0,131680510.0,129692510.0,1.5083724994686,1.6832211459530455,0.07364181508994898,0.1288322425077506,-0.027213001053548784,1.5083724994686,-0.03208279835906429,3.236506660767832,-16.06643606637384,2.06182491466508,0.0,2.3129807692307693,0.0,0.3641457084041887,1.2402451704700925,-0.018338852591067753,55.725988150655944,0.29051762276950305,0.7152941176470589,-5.638514399575348,0.21386011074492686,0.19943796505089276,0.804304686307434,0.7229958091118021,0.6885198555956679,0.050092182394784364,0.35754445381871647,-0.0126366266600732,Communication Equipment,Technology,ITI
2023Q2,2023,Q2,2022-11-08,2022-09-30,-7397000.0,39259000.0,-6925000.0,-0.17,6551000.0,0.1668661963,113419000.0,65479000.0,62282000.0,36178000.0,47940000.0,12874000.0,-126361000.0,125595360.00000001,126320360.00000001,1.5484061672342035,1.721543479462657,0.07684779446124547,0.1331113792208189,-0.08691922073561778,1.5484061672342035,-0.11296751630293682,3.199148220790138,-4.244807354332838,1.918101376013684,0.0,2.5406245145254,0.0,0.34614129907687424,1.2623693957653823,-0.06521834965922817,-17.575617128463477,0.1668661962862019,-0.5454545454545455,-4.8000779209693345,0.19973563723459206,0.25731413131545444,-0.3551530662466778,-0.5251546391752577,-0.627497062279671,-2.23869196154624,0.34827387036574303,-0.008388250358775884,Communication Equipment,Technology,ITI
2023Q1,2023,Q1,2022-08-04,2022-06-30,-4850000.0,33667000.0,-4255000.0,-0.11,10159000.0,0.3017494876,122028000.0,71987000.0,68691000.0,36753000.0,50041000.0,13326000.0,-118964000.0,122478200.0,117902200.0,1.6986078338839075,1.8689902865072239,0.08414462254564527,0.142636864989512,-0.044457751699516004,1.6986078338839075,-0.0673732757303402,3.637930317521609,-6.313309278350516,1.7013933071248977,0.0,1.7640702386312472,0.0,0.2758956960697545,1.3586101814817837,-0.039744976562756086,-15.572561983471074,0.30174948762883536,-0.5341701534170153,-6.9149187191870904,-0.050030608094054005,0.3679933166897156,-0.0827916215240159,-0.5964450296247531,-0.41362126245847175,-1.4946923929502487,0.023142947990300134,-0.03022403032998337,Communication Equipment,Technology,ITI
2022Q4,2022,Q4,2022-06-01,2022-03-31,-3038000.0,34236000.0,-3010000.0,-0.0717,11076000.0,0.3235191027,126383000.0,76863000.0,72363000.0,35687000.0,49520000.0,7980000.0,-114099000.0,126346040.0,113420040.0,1.8128921175527148,2.0277131728640683,0.08516177017478617,0.1400283621508398,-0.030323354261624594,1.8128921175527148,-0.039524868922628575,3.6904439771001285,-10.39713956550362,1.6437823139872239,0.0,2.9022556390977443,0.0,0.27089086348638663,1.6865245047216073,-0.024038043091238536,-31.297012633143424,0.32351910269891343,-0.26455026455026454,0.31230571647768535,0.0315102939509865,0.4568398172179286,-0.0016224986479177934,-0.26477935054121565,-0.46472019464720193,0.01716903075120233,0.03239745846375272,0.7757878507509458,Communication Equipment,Technology,ITI
2022Q3,2022,Q3,2022-02-03,2021-12-31,-2402000.0,32004000.0,-2055000.0,-0.0567,11094000.0,0.3466441695,125241000.0,78799000.0,70582000.0,31745000.0,46442000.0,6884000.0,-110985000.0,169332000.0,153238000.0,1.8614083575461224,2.223405260670972,0.09086481264122771,0.14441807637152757,-0.023977983921342153,1.8614083575461224,-0.030482620337821547,5.290963629546306,-17.6240632805995,2.148910519169025,0.0,3.0374782103428237,0.0,0.2555393201906724,1.9002992597259412,-0.019179022843956853,-239.8470254957507,0.34664416947881516,-0.13399999999999995,-0.324153014556431,0.0729880441590702,0.3971951090729024,-0.003234501347708895,-0.11877037727061016,0.13254537779653863,0.23324192372718347,0.08784486648548391,0.7267318794565454,Communication Equipment,Technology,ITI
2022Q2,2022,Q2,2021-11-03,2021-09-30,-2147000.0,33247000.0,-2369000.0,-0.05,11130000.0,0.33476704665082563,125445000.0,80538000.0,68910000.0,30309000.0,44907000.0,6049000.0,-108555000.0,223248960.0,206336960.0,1.9047821768128281,2.273582104325448,0.08971262306189964,0.13973528024038342,-0.020541296704601947,1.9047821768128281,-0.026658223447316793,6.714860288146299,-25.99545412203074,2.7719704983982716,0.0,3.656306827574806,0.0,0.2650324843556937,1.9854828598766043,-0.017115070349555582,-72.95717647058824,0.33476704665082563,-4.549918166939444,-39.77101307885152,0.04963013351001979,0.38881448325041673,-0.21024622152841838,-4.513911620294599,-4.468521229868228,-0.258736685796418,0.07051260037593535,0.6827119806960598,Communication Equipment,Technology,ITI
2022Q1,2022,Q1,2021-08-05,2021-06-30,611000.0,34085000.0,683000.0,0.014084831719686492,14093000.0,0.41346633416458856,131256000.0,81759000.0,73819000.0,34365000.0,49497000.0,5181000.0,-106408000.0,278468750.0,257889750.0,1.9524537313432835,2.148086716135603,0.08024014140305967,0.12881762252473733,0.005934831855801629,1.9524537313432835,0.0074731833804229505,8.169832771013642,113.93975040916531,3.405970596509253,0.0,3.8587145338737696,0.0,0.2596833668556104,1.8718754546777245,0.004655025294081795,-14656.25,0.41346633416458856,2.408483171968649,13.307162293794185,0.09037368762822742,0.43328402265161753,0.08574730354391372,2.472289156626506,2.787958115183246,1.3068000491525904,0.06082916291945574,0.6853886000293369,Communication Equipment,Technology,ITI
2021Q4,2021,Q4,2021-06-01,2021-03-31,-415000.0,31712000.0,-382000.0,-0.01,12980000.0,0.4093087790110999,126869000.0,78979000.0,69640000.0,33033000.0,47890000.0,5066000.0,-107019000.0,256900290.0,241841290.0,1.89684655474698,2.108194835467563,0.07997225484554935,0.12846452854556276,-0.004558461956896545,1.89684655474698,-0.0052545613390901375,8.10104345358224,-154.7592108433735,3.2527670646627582,0.0,3.6975917883932095,0.0,0.24995861873270855,1.7820361456725093,-0.00327109065256288,58.63964619949783,0.4093087790110999,-0.9439622641509434,0.7528052047361127,0.2328207257218382,0.3984780763369721,0.11416309012875536,-0.9575471698113207,-0.23624595469255663,0.8634198232371262,-0.002665761269887444,0.5883288134470739,Communication Equipment,Technology,ITI
2021Q3,2021,Q3,2021-02-02,2020-12-31,-212000.0,28170000.0,-309000.0,-0.0051441327768611085,11650000.0,0.41356052538161164,121073000.0,77212000.0,62471000.0,29867000.0,43861000.0,4607000.0,-106604000.0,232847800.0,228956800.0,1.8735319809764146,2.091639602236582,0.08678235444731691,0.1360798839558618,-0.0030636400187079994,1.8735319809764146,-0.002745687198881003,8.265807596734115,-274.5846698113208,3.0156944516396416,0.0,3.585847623182114,0.0,0.2326695464719632,1.7750359929018649,-0.0017510097214077458,-312.128418230563,0.41356052538161164,-1.5144132776861108,0.9842291589172903,0.1508428951154889,0.3475337416477109,0.02570875154076422,-1.513317191283293,-1.4131016042780749,-1.493071875524381,-0.13652869017811267,0.48980798013209764,Communication Equipment,Technology,ITI
2021Q2,2021,Q2,2020-11-04,2020-09-30,413000.0,29256000.0,748000.0,0.01,11358000.0,0.38822805578342906,115088000.0,76046000.0,73398000.0,27418000.0,39042000.0,3193000.0,-106392000.0,168054900.0,163423900.0,1.8552782453829075,2.677000510613466,0.09550952314750452,0.1445440917339505,0.007344308035638081,1.8552782453829075,0.005430923388475397,5.744288351107465,101.72814769975786,2.2099111064355785,0.0,5.605386783589101,0.0,0.25420547754761574,2.4028375519731564,0.003588558320589462,74.79078771695595,0.38822805578342906,-0.96,1.8146152827047455,0.10794172629350257,0.08485572868317931,0.04508649245491351,-0.9600889060688056,0.9581151832460733,1.3341012371552392,-0.07761741140417258,0.506495908375728,Communication Equipment,Technology,ITI
2021Q1,2021,Q1,2020-08-04,2020-06-30,10348000.0,28000000.0,382000.0,0.25,10868000.0,0.3881428571428571,114745000.0,74156000.0,72648000.0,28665000.0,40589000.0,2769000.0,-106805000.0,193680660.0,194767660.0,1.8205833251497594,2.534379905808477,0.09812192252385725,0.15182857759318194,0.0036541933376674565,1.8205833251497594,0.13954366470683424,6.917166428571429,4.679181001159645,2.6118002589136413,0.0,6.187071144817624,0.0,0.24401934724824612,2.2760509331937904,0.09018257876160181,-254.84297368421053,0.3881428571428571,46.994239631336406,43.61041738272938,0.20539030915300913,0.06357022022708256,-0.22548460661345496,46.68663594470046,2.3217391304347825,18.570590533659562,-0.17796853359556608,0.46622767869080034,Communication Equipment,Technology,ITI
2020Q4,2020,Q4,2020-06-09,2020-03-31,217000.0,30895000.0,115000.0,0.005208958448354497,14032000.0,0.4541835248422075,101957000.0,63127000.0,59029000.0,26515000.0,38830000.0,3040000.0,-117153000.0,130118400.0,127896400.0,1.5524814322955094,2.226249292853102,0.0,0.0,0.0009713244623054491,1.5524814322955094,0.003437514851014621,4.211632950315585,149.90599078341015,2.061216278296133,0.0,5.547039473684211,0.0,0.30301990054630873,2.025042428813879,0.0021283482252322057,-78.6689238210399,0.4541835248422075,1.10417916896709,1.2269133182641898,0.3713879707575563,-0.09654945236805422,0.17540626570614842,1.1049323017408124,1.0530198248040572,1.0512181647884284,-0.0294109604291156,0.2475738319789193,Communication Equipment,Technology,ITI
2020Q3,2020,Q3,2020-02-04,2019-12-31,-2068000.0,28733000.0,-2169000.0,-0.05,11938000.0,0.4154804580099537,102101000.0,62013000.0,58039000.0,27812000.0,40088000.0,3723000.0,-117370000.0,202559070.0,204406070.0,1.5276771857216762,2.0868330217172444,0.0,0.0,-0.02940396306999869,1.5276771857216762,-0.03334784641929918,7.0497013886472,-24.48731503868472,3.266396884524213,0.0,4.511146924523234,0.0,0.28141742000568065,1.8862721127570832,-0.02025445392307617,-87.57417639429313,0.4154804580099537,0.0,-15.930290082184673,0.3142903659631371,-0.12509204662486942,0.04866479269149684,0.054412437128486514,0.07741386643981285,-0.18889527965305658,0.004614614647836532,0.14669254786543728,Communication Equipment,Technology,ITI
2020Q2,2020,Q2,2019-11-07,2019-09-30,-2187000.0,27882000.0,-2351000.0,-0.05,11384000.0,0.4082920880855032,103240000.0,63230000.0,58920000.0,27237000.0,40010000.0,2542000.0,-115302000.0,232632285.0,235752285.0,1.561504457560566,2.1632338363255865,0.0,0.0,-0.03102715422493133,1.561504457560566,-0.034588012019610946,8.343457607058317,-26.592625171467766,3.6791441562549423,0.0,6.4901652242328876,0.0,0.27006974041069354,1.9888019972831075,-0.021183649748159627,-527.510850340136,0.4082920880855032,0.0,-8.41119881946982,0.2095331641294628,-0.10558249983105317,0.09387911982319593,-0.39122137404580154,-0.49649904519414384,-42.36544526214407,-0.0808565046771114,0.13852388620565065,Communication Equipment,Technology,ITI
2020Q1,2020,Q1,2019-08-08,2019-06-30,-1572000.0,26607000.0,-1571000.0,-0.05,10407000.0,0.3911376705378284,96955000.0,60022000.0,62721000.0,24572000.0,36933000.0,2389000.0,-113115000.0,178193600.0,175103600.0,1.751546632426754,2.5525394758261437,0.0,0.0,-0.022106762036794153,1.751546632426754,-0.026190396854486687,6.697245085879656,-28.338676844783716,2.9688047715837524,0.0,6.7810799497697785,0.0,0.27442628023309784,2.3871479733029464,-0.0162137073900263,-342.68,0.3911376705378284,0.28571428571428575,-77.84723510655944,0.39965540509943537,-0.00034501266758999057,0.055369637967751746,0.3536184210526316,0.3626774847870183,-37.69325993868762,0.04009746017038938,0.2857993830457221,Communication Equipment,Technology,ITI
2019Q4,2019,Q4,2019-06-06,2019-03-31,-2432000.0,26091000.0,-2465000.0,-0.07,9861000.0,0.3779464183051627,57955000.0,34055000.0,36705000.0,23230000.0,23900000.0,2916000.0,-111543000.0,139436440.0,132365440.0,1.020894538041849,1.5800688764528628,0.0,0.0,-0.07283212127282966,1.020894538041849,-0.07141388929672589,5.344235176880916,-14.333515624999999,4.094448392306562,0.0,5.565843621399177,0.0,0.45019411612457944,1.3956952216960827,-0.04196359244241222,-73.81494970884066,0.3779464183051627,0.0,-48.79428982552911,0.4547666287975102,-0.4179356206655813,0.10897435897435898,0.012987012987012988,0.01636073423782921,-0.8081490285424081,0.2660371368630334,-0.24733045689395403,Communication Equipment,Technology,ITI
2019Q3,2019,Q3,2019-02-07,2018-12-31,-2464000.0,23140000.0,-2506000.0,-0.07,8892000.0,0.3842696629213483,57823000.0,35894000.0,35380000.0,21215000.0,21929000.0,3823000.0,-109111000.0,124197810.0,117024810.0,1.0779950145658768,1.6676879566344567,0.0,0.0,-0.06914320963279337,1.0779950145658768,-0.06864657045745808,5.367234658599827,-12.601238839285713,3.460127319329136,0.0,3.7269160345278576,0.0,0.4001867768880895,1.4522743341975017,-0.042612801134496656,155.8316311166876,0.3842696629213483,-0.7500000000000001,-11.177889193338386,0.3747122870092287,-0.38425544763733843,-0.07959838526032502,-0.837434750186428,-0.7951289398280802,0.7731293668228996,0.1700680848467524,-0.22465446535987293,Communication Equipment,Technology,ITI
2019Q2,2019,Q2,2018-11-06,2018-09-30,-1341000.0,24417000.0,-1396000.0,-0.04,9661000.0,0.39566695335217267,59354000.0,37629000.0,36776000.0,20967000.0,21725000.0,3402000.0,-106648000.0,172193560.0,168695560.0,1.1319716021900006,1.7539943721085516,0.0,0.0,-0.037210037858696525,1.1319716021900006,-0.03563740731882325,7.052199696932465,-32.1017076808352,4.576086529006883,0.0,4.337448559670782,0.0,0.41137918253192707,1.5424715028377927,-0.022593254035111365,-48.57364174894217,0.39566695335217267,0.20000000000000004,-2.991333212154101,0.40757254073907284,-0.3517996980070983,-0.05209968602825746,0.15072830905636478,0.12311557788944724,-2.2614555019995293,0.14018271386692924,-0.3380907255293941,Communication Equipment,Technology,ITI
2019Q1,2019,Q1,2018-08-07,2018-06-30,-1579000.0,25475000.0,-1592000.0,-0.05,10192000.0,0.40007850834151126,63919000.0,38462000.0,41148000.0,24628000.0,25457000.0,2796000.0,-105306000.0,160692840.0,155912840.0,1.1584590825577543,1.670781224622381,0.0,0.0,-0.04249491788933383,1.1584590825577543,-0.0410535073579117,6.307864180569186,-25.442184927169095,4.177963704435546,0.0,5.466022889842632,0.0,0.39855129147827717,1.5005278544745817,-0.024703139911450428,-68.7603080872914,0.40007850834151126,0.28571428571428575,-4.3622009813743166,0.4652067710572571,-0.32887217435461275,0.017673489765351973,0.3461697722567288,0.4378531073446328,-6.976751610142264,0.3454526777322852,-0.3232374676074421,Communication Equipment,Technology,ITI
2018Q4,2018,Q4,2018-06-07,2018-03-31,-2415000.0,25272000.0,-2832000.0,-0.07,10015000.0,0.3962883823994935,62886000.0,39521000.0,39896000.0,22494000.0,23365000.0,2921000.0,-103519000.0,164141280.0,153989280.0,1.194240473816215,1.773628523161732,0.0,0.0,-0.06117715154995303,1.194240473816215,-0.06110675337162521,6.494985754985755,-16.991850931677018,4.153267376837631,0.0,5.223211229031154,0.0,0.4018700505676939,1.591980083577843,-0.03840282415800019,-104.15055837563452,0.3962883823994935,-8.0,-43.99468543196446,0.5863271042492516,-0.2949020963723202,0.007241275269033491,-8.040816326530612,-1.5308310991957104,-2.1029157562842715,0.37836534581414294,-0.3050240810428438,Communication Equipment,Technology,ITI
2018Q3,2018,Q3,2018-02-07,2017-12-31,343000.0,26026000.0,-1119000.0,0.01,9943000.0,0.38204103588718974,63667000.0,41345000.0,42047000.0,21481000.0,22322000.0,2972000.0,-101104000.0,229152690.0,212349690.0,1.2575660796301367,1.9574042176807411,0.0,0.0,0.005966315959205063,1.2575660796301367,0.008296045471036401,8.80476023976024,167.02091107871718,5.542452291691861,0.0,5.411507402422611,0.0,0.40878320008795765,1.7514547739863136,0.00538740634865786,167.50927631578946,0.38204103588718974,1.3333333333333335,-0.681099817116193,0.8968493134350694,-0.2588719149678768,-0.0025080256821829855,1.3485772357723578,-0.018198362147406732,4.4671046628342,0.46986261532697354,-0.27978595527468847,Communication Equipment,Technology,ITI
2018Q2,2018,Q2,2017-11-07,2017-09-30,-984000.0,25248000.0,-1099000.0,-0.03,9968000.0,0.39480354879594426,62395000.0,40182000.0,42092000.0,20632000.0,22213000.0,2783000.0,-101448000.0,216976200.0,202054200.0,1.2315189407870542,2.040131834044203,0.0,0.0,-0.0265255382343063,1.2315189407870542,-0.02448857697476482,8.59379752851711,-55.12606707317074,5.3998357473495595,0.0,5.490477901545095,0.0,0.4046478083179742,1.7841217526172934,-0.015770494430643482,-69.21090909090908,0.39480354879594426,-1.9999999999999996,-2.8440884014845027,0.6785433013336187,-0.2640864694809983,0.0063604240282685515,-1.0936170212765957,-0.9909420289855072,-4.2550973246298085,0.3592844206041343,-0.2945956144433596,Communication Equipment,Technology,ITI
2018Q1,2018,Q1,2017-08-08,2017-06-30,-470000.0,27183000.0,-552000.0,-0.01,9905000.0,0.3643821506088364,65708000.0,40362000.0,46151000.0,23830000.0,25346000.0,2481000.0,-100464000.0,202187320.0,184629320.0,1.2416784593613486,1.9366764582459086,0.0,0.0,-0.013651676742001939,1.2416784593613486,-0.011644616223180219,7.4380061067579,-107.54644680851062,5.009348397007086,0.0,6.964127367996776,0.0,0.4136939185487307,1.7205203524968526,-0.007152858099470384,-215.09289361702128,0.3643821506088364,0.9,-1.7231359563295916,0.7340915136101998,-0.24899089354631948,-0.0013107481347045776,0.8604513064133017,0.841743119266055,-23.851752065205773,0.507467050565538,-0.291340554921993,Communication Equipment,Technology,ITI
2017Q4,2017,Q4,2017-06-13,2017-03-31,-3368000.0,25304000.0,-3488000.0,-0.1,9918000.0,0.3919538412899146,62345000.0,40224000.0,43314000.0,20579000.0,22121000.0,2250000.0,-99993000.0,175842560.0,157641560.0,1.2444004454894195,2.10476699548083,0.0,0.0,-0.08589305172320882,1.2444004454894195,-0.08373110580747813,6.94920012646222,-13.052446555819477,4.371583134447097,0.0,6.838222222222222,0.0,0.405870558986286,1.892997716118373,-0.054021974496751946,-732.6773333333333,0.3919538412899146,-1.5,-10.785360035199163,0.7366465553332872,-0.2415644890836497,0.1505800464037123,-1.4405797101449276,-1.3663500678426053,-69.30609083034278,0.4560178207002902,-0.29050343012259183,Communication Equipment,Technology,ITI
2017Q3,2017,Q3,2017-02-09,2016-12-31,-1380000.0,22691000.0,-1474000.0,-0.04,8620000.0,0.3798862985324578,61809000.0,42905000.0,41124000.0,17325000.0,18904000.0,2753000.0,-96625000.0,117226200.0,99345200.0,1.3322465455674584,2.3736796536796536,0.0,0.0,-0.034261550921434805,1.3322465455674584,-0.03216408344015849,5.166198052091137,-21.236630434782608,2.732227013168629,0.0,5.111151471122412,0.0,0.3671148214661295,2.0984126984126985,-0.02232684560500898,62.090148305084746,0.3798862985324578,-31.116999999999997,-2.96280479782817,0.6200937456301491,-0.176473605345924,-0.08831306187202538,-33.5,-6.967567567567568,-6.893562641637932,0.3937468478407436,-0.2390284354260281,Communication Equipment,Technology,ITI
2017Q2,2017,Q2,2016-11-14,2016-09-30,-40000.0,24060000.0,-185000.0,-0.0012454463368309619,9455000.0,0.392975893599335,60822000.0,44049000.0,39951000.0,15180000.0,16773000.0,2774000.0,-95246000.0,116905880.0,101192880.0,1.3715166422766758,2.631818181818182,0.0,0.0,-0.004016267527208584,1.3715166422766758,-0.0009080796385843038,4.8589310058187865,-730.66175,2.6539962314695003,0.0,5.264960346070656,0.0,0.39558054651277497,2.315876152832675,-0.0006576567689322942,269.99048498845264,0.392975893599335,-0.050123386872649146,-1.0327314705987911,0.7919303293529101,-0.13820563668665667,0.0048889361249867145,-0.05263157894736842,-1.0555555555555556,-1.0614790749235363,0.4355762974958101,-0.21462914794676025,Communication Equipment,Technology,ITI
2017Q1,2017,Q1,2016-08-10,2016-06-30,-38000.0,23927000.0,-90000.0,-0.001186,9409000.0,0.3932377648681406,59827000.0,43662000.0,38848000.0,14553000.0,16165000.0,2640000.0,-95205000.0,91668720.0,76582720.0,1.3622238861849494,2.6694152408438123,0.0,0.0,-0.002083453390487927,1.3622238861849494,-0.0008703220191470844,3.831183182179128,-603.0836842105263,2.0995080390270715,0.0,5.499242424242424,0.0,0.3999364835275043,2.359376073661788,-0.0006351647249569593,-90.22511811023622,0.3932377648681406,0.97035,-1.4200230038558477,0.6066679798236989,-0.12473218441504406,0.18546050144891016,0.9705882352941176,0.9319213313161876,-1.0838148877639053,0.42550585187502493,-0.21082551076469605,Communication Equipment,Technology,ITI
2016Q4,2016,Q4,2016-06-20,2016-03-31,-1292000.0,19796000.0,-1322000.0,-0.04,7937000.0,0.4009395837542938,60020000.0,43462000.0,39178000.0,14927000.0,16558000.0,3153000.0,-95167000.0,78184920.0,62155920.0,1.3563648846862029,2.6246399142493466,0.0,0.0,-0.03097083859022107,1.3563648846862029,-0.02972711794211035,3.9495312184279654,-15.128660990712074,1.7989259583084074,0.0,3.7611798287345386,0.0,0.32982339220259915,2.312587927915857,-0.021526157947350882,-31.89919216646267,0.4009395837542938,0.8787878787878789,-3.892745180552985,0.35649604589280726,-0.12542255962471172,0.10067951740396616,0.8762689140011493,-0.1657848324514991,-24.75544246347542,0.2833158154175457,-0.19918135608790305,Communication Equipment,Technology,ITI
2016Q3,2016,Q3,2016-02-11,2015-12-31,-10442000.0,19014000.0,-1134000.0,-0.33,7211000.0,0.3792468707268329,59460000.0,44509000.0,39230000.0,13194000.0,14951000.0,3044000.0,-93875000.0,68827950.0,50446950.0,1.3903414237965825,2.973321206609065,0.0,0.0,-0.23588487721584397,1.3903414237965825,-0.234604237345256,3.619856421584096,-1.6478631967056119,1.5463827540497428,0.0,3.8774638633377134,0.0,0.3197780020181635,2.6029255722298013,-0.17561385805583585,-65.55042857142857,0.3792468707268329,-32.0,-0.5936262125189455,0.45320419466136924,-0.09395437310357668,-0.08524673347710263,-25.435443037974682,-0.9929701230228472,-10.970344032695696,0.42319596198416265,-0.18062271744618427,Communication Equipment,Technology,ITI
2016Q2,2016,Q2,2015-11-10,2015-09-30,-395000.0,20573000.0,-569000.0,-0.01,7883000.0,0.38317211879648083,69715000.0,54614000.0,43495000.0,14124000.0,15101000.0,3158000.0,-83433000.0,78560100.0,59423100.0,1.7101612650696727,3.0795100538091194,0.0,0.0,-0.008338573480241527,1.7101612650696727,-0.007232577727322664,3.8186020512321974,-49.721582278481016,1.4384608342183323,0.0,4.018366054464851,0.0,0.2951014846159363,2.5482866043613708,-0.005665925554041455,209.4936,0.38317211879648083,-0.6772395833333332,-1.7834837484119321,0.5701535498204781,-0.015043506922127154,0.032211601414167866,-1.0572916666666667,-0.2757847533632287,-1.7563229286761461,0.39741926728747745,0.02193378652377681,Communication Equipment,Technology,ITI
2016Q1,2016,Q1,2015-08-12,2015-06-30,-192000.0,18365000.0,-446000.0,-0.005962177436884763,7637000.0,0.41584535801796896,68642000.0,55124000.0,42326000.0,12523000.0,13518000.0,3026000.0,-83038000.0,56999310.0,38103310.0,1.7117659845356024,3.37986105565759,0.0,0.0,-0.00446644192722553,1.7117659845356024,-0.0034830563819751833,3.1036923495780018,-74.2178515625,1.0340198461650099,0.0,3.5452742894910774,0.0,0.2675475656303721,2.774415076259682,-0.002797121295999534,-24.463223175965666,0.41584535801796896,0.7018911281557618,-1.2568075147187165,0.24903874656542224,-0.0035573146503875943,0.05863598558358747,0.7493472584856397,0.5835667600373483,-1.2981882499462085,0.1825860710744526,0.03533393271967119,Communication Equipment,Technology,ITI
2015Q4,2015,Q4,2015-06-18,2015-03-31,-766000.0,18045000.0,-1071000.0,-0.02,7214000.0,0.399778331947908,70632000.0,55968000.0,44513000.0,13655000.0,14664000.0,3062000.0,-82846000.0,59277400.0,37316400.0,1.7183911575069082,3.2598315635298425,0.0,0.0,-0.01461871600553476,1.7183911575069082,-0.013686392224128072,3.2849764477694654,-19.346409921671018,1.0591302172670098,0.0,3.537230568256042,0.0,0.25547910295616716,2.74134016843647,-0.010844942802129347,53.937579617834395,0.399778331947908,-5.6467264872050515,-2.0004574647913045,0.2690699865377136,0.015924121621166437,0.05129699795977849,-6.816326530612245,-0.806070826306914,-3.2087208746972333,0.2290979271780465,0.047322732985128665,Communication Equipment,Technology,ITI
2015Q3,2015,Q3,2015-02-05,2014-12-31,-98000.0,17540000.0,-593000.0,-0.003009,6862000.0,0.3912200684150513,70309000.0,56867000.0,43049000.0,12336000.0,13442000.0,2773000.0,-82080000.0,55847606.400000006,34771606.400000006,1.7461004667157947,3.4897049286640724,0.0,0.0,-0.0026989704563486106,1.7461004667157947,-0.0017233193240367875,3.1840140478905363,-142.4683836734694,0.982074074595108,0.0,3.850703209520375,0.0,0.24947019584974897,3.0185635538262,-0.001393847160391984,-57.99336074766356,0.3912200684150513,0.4756777272727273,-1.1454039182507667,0.35900808451416244,0.046908559347633466,-0.05987121523496369,0.47593582887700536,-0.853125,-1.137833985577946,0.2383639841770339,0.07934963452712265,Communication Equipment,Technology,ITI
2015Q2,2015,Q2,2014-10-16,2014-09-30,-187000.0,18550000.0,-320000.0,-0.005738836888138714,7299000.0,0.3934770889487871,70899000.0,56888000.0,44294000.0,12901000.0,14011000.0,2267000.0,-81982000.0,57023750.0,34637750.0,1.745833972686819,3.433377257576932,0.0,0.0,-0.004032755319494175,1.745833972686819,-0.003287160736886514,3.074056603773585,-76.23495989304813,1.0023862677541837,0.0,4.962946625496251,0.0,0.26163979745835625,3.0292225408883033,-0.002637554831520896,52.79976851851852,0.3934770889487871,-8.860544481337996,-1.362022318169988,0.3118149272561541,0.06199138534947523,0.07227853680035258,-8.842105263157896,-2.3684210526315788,-1.1508218903701066,0.3617163672249975,0.09699717128108279,Communication Equipment,Technology,ITI
2015Q1,2015,Q1,2014-09-04,2014-06-30,-19000.0,18116000.0,-95000.0,-0.000582,6807000.0,0.3757451976153676,70200000.0,57220000.0,43605000.0,11999000.0,12980000.0,1945000.0,-81795000.0,55516900.0,33979900.0,1.7521511467679212,3.634052837736478,0.0,0.0,-0.0011638926624314907,1.7521511467679212,-0.0003320517301642782,3.0645230735261646,-730.4855263157893,0.9702359314924851,0.0,5.81439588688946,0.0,0.2580626780626781,3.230352529377448,-0.0002706552706552707,40.375927272727274,0.3757451976153676,-1.3831468071099409,-1.1381463222109944,0.2961267680064088,0.07677400356390886,0.10791015625,-1.38,-3.159090909090909,-1.2061208518784277,0.19393050536821296,0.1258072350362652,Communication Equipment,Technology,ITI
2014Q4,2014,Q4,2014-09-04,2014-03-31,50000.0,17623000.0,44000.0,0.001519,6144000.0,0.3486353061340294,70607000.0,57490000.0,43826000.0,12918000.0,13117000.0,2546000.0,-81776000.0,64900440.0,44486440.0,1.7539203124046616,3.3926304381483203,0.0,0.0,2.0140802519431277e-05,1.7539203124046616,0.0008697164724299878,3.682712364523634,324.5022,1.1288996347190816,0.0,4.508641005498822,0.0,0.24959281657626015,2.9862207772100944,0.0007081450847649666,214.19287128712872,0.3486353061340294,-0.7900397352941176,-0.9934803831838428,0.12168119739960166,0.0833130409649949,-0.007751937984496124,-0.7899159663865546,-0.8576051779935275,-0.8905619393628116,0.18051537347107927,0.13091923476032347,Communication Equipment,Technology,ITI
2014Q3,2014,Q3,2014-02-10,2013-12-31,238000.0,16548000.0,309000.0,0.007234702252485029,6192000.0,0.3741841914430747,68975000.0,57308000.0,42722000.0,11473000.0,11667000.0,2668000.0,-81826000.0,68741400.0,48230400.0,1.7507179079855808,3.723699119672274,0.0,0.0,0.003915150184120758,1.7507179079855808,0.004152997836253228,4.1540609137055835,72.20735294117648,1.1995079221051161,0.0,3.8815592203898053,0.0,0.23991301196085538,3.2088381417240477,0.003450525552736499,-64.24429906542056,0.3741841914430747,-0.6382648873757486,-0.6652129169100096,0.04778664649912162,0.2636070277001252,-0.10416666666666667,-0.6399394856278366,-0.6916167664670658,1.035522786799294,0.23687542841266587,0.1408926450080853,Communication Equipment,Technology,ITI
2014Q2,2014,Q2,2013-10-30,2013-09-30,661000.0,17027000.0,1002000.0,0.02,6912000.0,0.40594350149762143,69043000.0,56981000.0,42524000.0,11407000.0,12062000.0,2021000.0,-82064000.0,59711070.0,37880070.0,1.746329951883294,3.727886385552731,0.0,0.0,0.011508473990201008,1.746329951883294,0.011600358014074868,3.5068461854701356,22.5836119515885,1.0479119355574666,0.0,5.004948045522019,0.0,0.2466144286893675,3.2554571754186026,0.009573743898729777,19.526183780248527,0.40594350149762143,1.0,-0.3554635694013952,-0.07084326991396833,0.2827958283356933,0.027653880463871544,0.4369565217391304,0.4977578475336323,0.2832093425595753,0.27187898584757425,0.005787617984520152,Communication Equipment,Technology,ITI
2014Q1,2014,Q1,2013-08-01,2013-06-30,460000.0,17030000.0,669000.0,0.01,6726000.0,0.3949500880798591,69004000.0,56134000.0,41938000.0,12062000.0,12870000.0,2073000.0,-82725000.0,56910000.0,37818000.0,1.7261377613776139,3.4768695075443543,0.0,0.0,0.007741241097989846,1.7261377613776139,0.008194677022838208,3.341749853200235,30.929347826086957,1.0138240638472227,0.0,4.970574047274481,0.0,0.2467972871137905,3.0442712651301607,0.006666280215639673,247.43478260869566,0.3949500880798591,4.920663114268798,-0.2859889409704909,0.009345152791053121,0.29209546128994285,0.1652806652806653,7.214285714285714,1.0841121495327102,-0.3907295346479187,0.14695247070500558,0.004808695679923114,Communication Equipment,Technology,ITI
2013Q4,2013,Q4,2013-06-07,2013-03-31,56000.0,15883000.0,321000.0,0.001689,5772000.0,0.36340741673487376,69511000.0,55881000.0,42109000.0,12722000.0,13630000.0,2465000.0,-83185000.0,59717330.0,40580330.0,1.6937229109204983,3.309935544725672,0.0,0.0,0.0012785810400095592,1.6937229109204983,0.0010021295252411375,3.759826858905748,266.59522321428574,1.0686517778851488,0.0,4.101825557809331,0.0,0.228496209233071,2.863464864015092,0.0008056278862338334,61.311427104722796,0.36340741673487376,-0.9437,-0.992816211622135,-0.05174440636366096,0.31771023163836326,0.12055911473500291,-0.9489516864175023,1.7517564402810304,-0.9277972335463295,0.10269949127815926,0.0013400924635722446,Communication Equipment,Technology,ITI
2013Q3,2013,Q3,2013-02-11,2012-12-31,1097000.0,13994000.0,-427000.0,0.03,5151000.0,0.36808632270973274,69486000.0,56898000.0,42207000.0,11531000.0,12588000.0,2907000.0,-83241000.0,57004400.0,37290400.0,1.6968269116068233,3.6603069985257135,0.0,0.0,-0.005329394426130462,1.6968269116068233,0.01928011529403494,4.073488637987709,12.990975387420237,1.0018700130057296,0.0,3.041967664258686,0.0,0.20139308637711192,3.041800364235539,0.015787352848055724,-71.70364779874214,0.36808632270973274,0.4999999999999999,0.12870243037033868,-0.10589804119139057,0.5958784137794887,-0.15154010871355625,0.9945454545454545,-1.5101553166069295,0.5808413730050423,0.053091124954489116,0.0173656392371461,Communication Equipment,Technology,ITI
2013Q2,2013,Q2,2012-10-31,2012-09-30,550000.0,15504000.0,837000.0,0.02,6071000.0,0.3915763673890609,68569000.0,56280000.0,40319000.0,10912000.0,12289000.0,2117000.0,-84338000.0,51115756.9,31141756.9,1.6734560375843717,3.694923020527859,0.0,0.0,0.009843125784178642,1.6734560375843717,0.009772565742714996,3.2969399445304437,23.234434954545456,0.9082401723525231,0.0,4.455833726972131,0.0,0.22610800799194972,2.6127199413489737,0.0080211174145751,30.571624940191388,0.3915763673890609,0.0,-0.753545082048642,-0.1119387376851016,0.6302835838025537,-0.030810983397190295,-0.1863905325443787,-0.07308970099667775,0.031654726606322604,0.06230777121955832,0.017963863391079304,Communication Equipment,Technology,ITI
2013Q1,2013,Q1,2012-08-10,2012-06-30,676000.0,16304000.0,903000.0,0.02,6264000.0,0.3842001962708538,68666000.0,55898000.0,40424000.0,11842000.0,12768000.0,2370000.0,-84888000.0,45980240.0,27434240.0,1.6533467419917773,3.413612565445026,0.0,0.0,0.01053704962610469,1.6533467419917773,0.01209345593760063,2.8201815505397447,17.004526627218937,0.8225739740241154,0.0,4.236286919831223,0.0,0.2374391984388198,2.428390474581996,0.009844755774327906,57.76412060301507,0.3842001962708538,0.8782777777777778,-0.4145901849224702,-0.01792537579556504,0.9150391136216484,0.09262166405023547,0.8777777777777778,1.5083333333333333,3.747624728458234,0.12673891821194133,0.01605434778717515,Communication Equipment,Technology,ITI
2012Q4,2012,Q4,2012-06-11,2012-03-31,360000.0,15240000.0,360000.0,0.010648052293767932,5733000.0,0.3761811023622047,69740000.0,55472000.0,40925000.0,12560000.0,14268000.0,2454000.0,-85564000.0,50375410.0,32308410.0,1.6407465467774853,3.258359872611465,0.00909090909090909,0.011429189501009518,0.0077288768337854,1.6407465467774853,0.0064897605999423135,3.305473097112861,34.98292361111111,0.9081231972887223,0.0,3.874083129584352,0.0,0.2185259535417264,2.3711783439490444,0.005162030398623459,-37.150007374631265,0.3761811023622047,-0.46759738531160344,-0.7860454915123862,-0.06841760681502473,1.0496716603551497,0.049231332357247436,-0.5180722891566265,-0.0136986301369863,-0.9544902244964358,-0.05957386231372332,0.013410996195956785,Communication Equipment,Technology,ITI
2012Q3,2012,Q3,2012-02-09,2011-12-31,747000.0,14881000.0,365000.0,0.02,5464000.0,0.3671796250251999,71101000.0,55354000.0,41912000.0,13907000.0,15747000.0,1909000.0,-85924000.0,44824270.0,24397270.0,1.6177338749744279,3.013734090745668,0.01535843377730271,0.01972757162987318,0.011256926101127189,1.6177338749744279,0.013494959713841818,3.012181305019824,15.00142904953146,0.8097747226939337,0.0,4.932949188056575,0.0,0.2092938214652396,2.238369166606745,0.01050618134766037,62.3425173852573,0.3671796250251999,-0.5,1.14354739720965,-0.08631212374421236,1.1030402189489892,-0.09009159034138219,-0.4297709923664122,-0.6327967806841046,0.005239363580785185,-0.09860195454321746,0.1676237982384761,Communication Equipment,Technology,ITI
2012Q2,2012,Q2,2011-11-02,2011-09-30,1310000.0,14393000.0,994000.0,0.04,6005000.0,0.41721670256374627,70541000.0,54791000.0,42711000.0,13214000.0,15750000.0,2066000.0,-86671000.0,39247920.0,18453920.0,1.591466248402463,3.232253670349629,0.02904693724217122,0.03739665273493822,0.0019470824234421827,1.591466248402463,0.023909036155572997,2.726875564510526,7.49006106870229,0.716320563596211,0.0,4.060019361084221,0.0,0.20403736833898017,2.452247616164674,0.01857076026707872,77.87285714285714,0.41721670256374627,13.251134020618558,0.5013283443835586,-0.16532321610970957,1.0231844793503209,-0.08208498929990829,12.505154639175258,3.872549019607843,0.21062398917034145,-0.2556209599667308,0.1690381088557139,Communication Equipment,Technology,ITI
2012Q1,2012,Q1,2011-08-05,2011-06-30,97000.0,15967000.0,204000.0,0.0028067941780722822,6542000.0,0.4097200475981712,70686000.0,53484000.0,34257000.0,14417000.0,17202000.0,3655000.0,-87981000.0,44674500.0,35740500.0,1.5563509384548233,2.376153152528265,0.03545256486432957,0.04685513424575574,0.0019855070427905464,1.5563509384548233,0.0018136265051230274,2.7979269743846684,115.14046391752578,0.8352871886919452,0.0,2.5786593707250343,0.0,0.22588631412160823,1.6197544565443573,0.0013722660781484311,137.0383435582822,0.4097200475981712,-0.7986315617339166,-0.7127483941890947,-0.045148279594270126,1.303574633558244,-0.0480209545983702,-0.7974947807933194,-0.6936936936936937,-0.8575202876381401,-0.1044649921863625,0.1650020228668756,Communication Equipment,Technology,ITI
2011Q4,2011,Q4,2011-06-01,2011-03-31,479000.0,15651000.0,666000.0,0.013938600320093118,6872000.0,0.439077375247588,70605000.0,53296000.0,33868000.0,13996000.0,17309000.0,3680000.0,-88078000.0,49485600.0,40631600.0,1.5508802560744943,2.419834238353815,0.041980029742936055,0.055613929750825575,0.008873790199426204,1.5508802560744943,0.008987541278895226,3.1618171362852214,25.827557411273485,0.9285049534674272,0.0,2.3855978260869564,0.0,0.22166985340981518,1.6261074592740783,0.006784222080589194,54.0235807860262,0.439077375247588,1.0696930016004655,-0.5202925104382983,-0.042775459941202194,1.3629805801300305,0.1949226221526691,1.0681656467909493,1.086046511627907,-0.9410061858792785,-0.10290088640049762,0.20657916846896282,Communication Equipment,Technology,ITI
2011Q3,2011,Q3,2011-02-14,2010-12-31,-7027000.0,14032000.0,-7740000.0,-0.2,5751000.0,0.40984891676168755,67308000.0,52683000.0,35091000.0,11801000.0,14625000.0,3473000.0,-88557000.0,62467074.0,53426074.0,1.5345159035302343,2.9735615625794423,0.05082605336661318,0.0649355579598732,-0.12452555081438355,1.5345159035302343,-0.13338268511664103,4.451758409350057,-2.222394834210901,1.185715961505609,0.0,2.384393895767348,0.0,0.20847447554525464,1.9198373019235657,-0.10440066559695727,56.99550547445256,0.40984891676168755,-11.0,-43.509783789433286,-0.0524040787023485,1.457696541796042,-0.08728773210601491,-13.964944649446494,-9.121720881427072,-8.061600426077487,-0.12436097965223575,0.44322369553075025,Communication Equipment,Technology,ITI
2011Q2,2011,Q2,2010-11-01,2010-09-30,542000.0,14086000.0,953000.0,0.02,6301000.0,0.4473235837001278,74892000.0,59610000.0,34454000.0,11245000.0,15282000.0,3221000.0,-81530000.0,50468040.0,42523040.0,1.7362810206221602,3.063939528679413,0.05845751215083053,0.07344405301123973,0.008679819670489291,1.7362810206221602,0.009092434155343063,3.5828510577878743,23.27861623616236,0.8466371414192249,0.0,2.4169512573734866,0.0,0.18808417454467766,2.0814584259670963,0.007237088073492496,45.67243438914027,0.4473235837001278,0.0,3.862645213907461,-0.0930752423800553,1.8172217045148613,-0.10203790793786519,-0.3199498117942284,-0.3187991422444603,-0.762088868199973,-0.20963531328998655,0.6914877840915717,Communication Equipment,Technology,ITI
2011Q1,2011,Q1,2010-07-28,2010-06-30,797000.0,15674000.0,1399000.0,0.02,7017000.0,0.44768406277912465,76274000.0,58973000.0,35706000.0,12730000.0,17301000.0,3043000.0,-82072000.0,46347582.900000006,39507582.900000006,1.7178770136036587,2.8048703849175176,0.0634029944673152,0.08200362877927186,0.012848581658681748,1.7178770136036587,0.013514659250843606,2.9569722406533114,14.538137672521957,0.7859119071439472,0.0,2.844889911271771,0.0,0.20549597503736527,1.828358208955224,0.010449170097280856,25.535858347107443,0.44768406277912465,-0.14921933085501854,1.897385748839198,0.0607336071639475,1.8104159479826192,0.0842088998763906,-0.012391573729863693,0.17959527824620575,-0.32026004593167057,-0.07017474475199477,0.9897832619667849,Communication Equipment,Technology,ITI
2010Q4,2010,Q4,2010-05-21,2010-03-31,807000.0,14987000.0,1186000.0,0.023507821375513414,6472000.0,0.4318409288049643,74662000.0,58066000.0,33930000.0,11378000.0,16596000.0,2727000.0,-82869000.0,68658000.0,63546000.0,1.691456203210114,2.9820706626823696,0.07089282365862153,0.09115489270829745,0.013262524083223181,1.691456203210114,0.013897978162780284,4.581170347634616,21.269516728624534,1.182413116109255,0.0,3.1224789145581227,0.0,0.2007312957059816,1.9085955352434523,0.010808711258739386,47.09053497942387,0.4318409288049643,0.17539106877567065,12.573271639292235,0.0669759549627644,1.7182249441348192,0.16928635953026197,0.1382228490832158,0.7089337175792507,-0.5276502942273952,-0.09775977636739237,1.113019741690713,Communication Equipment,Technology,ITI
2010Q3,2010,Q3,2010-02-02,2009-12-31,709000.0,13577000.0,694000.0,0.02,5535000.0,0.40767474405244164,74205000.0,57141000.0,31537000.0,11268000.0,17064000.0,3203000.0,-83676000.0,51390000.0,47736000.0,1.6678633975481612,2.798810791622293,0.07748803988949532,0.1006282704187886,0.011836294050622033,1.6678633975481612,0.012407903256855847,3.7850777049421818,18.12059238363893,0.8993542290124429,0.0,2.510771152044958,0.0,0.18296610740516137,1.722932197373092,0.009554612222896032,43.47715736040609,0.40767474405244164,0.0,1.0467148782524793,-0.06579850017556992,1.3146235732181586,-0.15753424657534246,0.30570902394106814,-0.37869292748433303,1.0319513021863174,-0.16742352630016413,1.1682081700935734,Communication Equipment,Technology,ITI
2010Q2,2010,Q2,2009-10-30,2009-09-30,543000.0,14865000.0,1117000.0,0.02,6570000.0,0.4419778002018164,74442000.0,56311000.0,31558000.0,10977000.0,18131000.0,3702000.0,-84385000.0,50010840.0,47533840.0,1.6439247971039879,2.874920287874647,0.09011042153622954,0.11912414981087177,0.009218940173671397,1.6439247971039879,0.009642876169842482,3.364335015136226,23.025248618784527,0.8881184848431034,0.0,2.240680713128039,0.0,0.19968566132022245,1.7982144483920925,0.007294269364068671,14.004715765891907,0.4419778002018164,3.7758333333333334,102.79070327552986,-0.052180000131073656,2.619114460753915,0.17699749193837333,2.7708333333333335,2.479750778816199,-0.37453254232842975,-0.13357211116397705,1.0898734975112188,Communication Equipment,Technology,ITI
2010Q1,2010,Q1,2009-08-11,2009-06-30,144000.0,14634000.0,321000.0,0.004187750828825685,5582000.0,0.3814404810714774,74622000.0,55638000.0,31521000.0,11299000.0,18984000.0,5178000.0,-84928000.0,44449600.0,45585600.0,1.6272227421619092,2.7897159040623065,0.09586985071426657,0.1285811855206873,0.002898207605562873,1.6272227421619092,0.002588159171789065,3.037419707530409,77.16944444444444,0.7989072216830224,0.0,1.7481653147933565,0.0,0.1961083862667846,1.5780157536065138,0.0019297258181233416,-2116.647619047619,0.3814404810714774,-0.982101552957599,-0.8977029968871436,-0.12223833394473171,1.6553414300081393,-0.03559087767795439,-0.982,-0.6968838526912181,-0.5714070071097559,-0.12043588232560622,1.4084728831884006,Communication Equipment,Technology,ITI
2009Q4,2009,Q4,2009-06-12,2009-03-31,8000000.0,16389000.0,1059000.0,0.2339728591483388,5788000.0,0.3531637073646958,76066000.0,55358000.0,33231000.0,12631000.0,20708000.0,5681000.0,-85025000.0,44791520.0,45712520.0,1.6190336920917174,2.6309080832871508,0.09587726448084558,0.1317424762455291,0.13855050787461431,1.6190336920917174,0.14451389139781062,2.733023369333089,1.3997350000000002,0.8091246071028577,0.0,1.8660447104383031,0.0,0.21545762890121736,1.489984957643892,0.10517182446822496,159.40042704626333,0.3531637073646958,10.69864295741694,45.922556983389924,-0.011267988913286033,59.97753860552176,-0.1100861008610086,9.796221322537113,-0.14181523500810372,7.052353199756101,0.007432671620884816,1.4668217665446812,Communication Equipment,Technology,ITI
2009Q3,2009,Q3,2009-02-13,2008-12-31,741000.0,16462000.0,1234000.0,0.02,6504000.0,0.3950917264001944,67691000.0,47273000.0,28324000.0,12417000.0,20418000.0,4997000.0,-93025000.0,52886000.0,54216000.0,1.3854923798358734,2.281066280099863,0.10791685748474686,0.1545279546464155,0.014492987465575759,1.3854923798358734,0.015674909567829416,3.2126108613777182,17.842780026990553,1.1187358534469993,0.0,1.992795677406444,0.0,0.24319333441668758,1.7873882580333413,0.01094680238140964,21.889900662251655,0.3950917264001944,-0.3333333333333333,1.5852564082253413,-0.13538021386858912,18.3008697800169,-0.1740952380952381,-0.3055295220243674,-0.4021317829457364,3.5105264292117786,0.11860378735806887,1.2190189249741483,Communication Equipment,Technology,ITI
2009Q2,2009,Q2,2008-10-31,2008-09-30,1067000.0,19066000.0,2064000.0,0.03,7875000.0,0.4130389174446659,68731000.0,46215000.0,29242000.0,14554000.0,22516000.0,4594000.0,-93766000.0,67217040.0,71106040.0,1.3613467656415694,2.009207090834135,0.11144898226418938,0.1657470518230012,0.02165134295489402,1.3613467656415694,0.023087742075083847,3.5254924997377532,15.749072164948455,1.454442064264849,0.0,2.436003482803657,0.0,0.2774002997191951,1.5603270578535111,0.015524290349332906,17.591478670505104,0.4130389174446659,0.4999999999999999,-0.7803762702454055,-0.09860650668342417,29.682003734450618,0.01586687306501548,0.6021021021021021,0.5288888888888889,6.699248186030247,0.2414466834404876,1.208868040360348,Communication Equipment,Technology,ITI
2009Q1,2009,Q1,2008-08-01,2008-06-30,666000.0,17442000.0,1350000.0,0.02,7752000.0,0.4444444444444444,67191000.0,44911000.0,27611000.0,18896000.0,22280000.0,4380000.0,-94833000.0,85053540.0,92615540.0,1.3359212326729728,1.4612087214225233,0.11355687517673498,0.16989156331411012,0.014790276884149427,1.3359212326729728,0.014829329117588119,4.876363949088407,31.9270045045045,1.8938242301440626,0.0,2.212328767123288,0.0,0.2595883377238023,1.0710732430143945,0.009912041791311336,-92.14901408450704,0.4444444444444444,-0.9153518821603929,1.1534221823496196,-0.37757789096936306,4.253080102177405,0.04179545759978497,-0.9161525871836838,-0.4107376691401135,1.765745328284877,0.20534688072988236,1.1855431487943193,Communication Equipment,Technology,ITI
2008Q4,2008,Q4,2008-06-12,2008-03-31,7943000.0,17067000.0,2291000.0,0.2362722351121423,7441000.0,0.43598757836761,65645000.0,43211000.0,26018000.0,11070000.0,22434000.0,4226000.0,-95499000.0,77657580.0,85046580.0,1.285353084657029,2.350316169828365,0.11897326529057811,0.18074101501932377,0.1575376137297585,1.285353084657029,0.18381893499340446,4.550159957813324,2.444214402618658,1.797171553539608,0.0,2.2778040700425937,0.0,0.25998933658313655,1.7055103884372178,0.12099931449463021,40.21625064733299,0.43598757836761,6.875741170404743,1.4289847919997904,1.3116008474375818,5.531409183945967,0.14476923076923076,7.325995807127883,1.027433628318584,117.32055195994627,0.24075602679195268,1.0656040695020927,Communication Equipment,Technology,ITI
2008Q3,2008,Q3,2008-02-01,2007-12-31,954000.0,15363000.0,1130000.0,0.03,6500000.0,0.4230944476990171,58454000.0,34996000.0,23859000.0,11164000.0,23458000.0,4400000.0,-103442000.0,130668580.0,140323580.0,1.0632557574284498,2.13713722680043,0.17678858589660246,0.29529089038747286,0.02925166247029777,1.0632557574284498,0.027260258315236027,8.505407797956128,34.24229035639413,3.7338147216824784,0.0,2.0143181818181817,0.0,0.2628220481062032,1.651289860265138,0.016320525541451397,41.077830870795346,0.4230944476990171,-0.5,1.4841553595054515,-0.5375211967030263,4.070421856481349,-0.10492977141283392,-0.56036866359447,-0.508695652173913,1.0654280617187848,0.10032116437278842,0.4755625935083531,Communication Equipment,Technology,ITI
2008Q2,2008,Q2,2007-11-13,2007-09-30,2170000.0,16976000.0,2300000.0,0.06,7262000.0,0.4277803958529689,59143000.0,33568000.0,24529000.0,13707000.0,25575000.0,4846000.0,-104396000.0,74233540.0,87213540.0,1.0264815607608098,1.7895236010797402,0.2203980183622745,0.3883162535748332,0.05475261231723367,1.0264815607608098,0.06464489990467112,4.372852262016965,8.552251152073733,2.2114376787416585,0.0,2.004539826661164,0.0,0.2870331231083983,1.3563872473918437,0.0366907326310806,37116.77,0.4277803958529689,1.0,1.3621605434674422,-0.4606476741499717,-0.13808135612306613,0.02368198477586693,0.9799270072992701,0.46124523506988563,427.09358754816213,0.13379177124950642,1.2598079101861148,Communication Equipment,Technology,ITI
2008Q1,2008,Q1,2007-08-14,2007-06-30,1096000.0,15757000.0,1574000.0,0.03,7094000.0,0.45021260392206636,57147000.0,27704000.0,24476000.0,16001000.0,29443000.0,5921000.0,-106566000.0,76050930.0,89384930.0,0.863348811119075,1.5296543966002125,0.2720702749050694,0.5612185965925498,0.03242679129833933,0.863348811119075,0.03956107421311002,4.826485371580885,17.347383667883214,2.745124530753682,0.0,1.463097449755109,0.0,0.2757275097555427,1.0779951253046685,0.019178609550807565,44.061952491309384,0.45021260392206636,-0.3972010018785223,1.330699281086018,-0.5961100881599178,-0.32591207210745005,0.06580528846153846,-0.3137132122730119,0.30948419301164726,-0.1703798448246973,0.007060161910003681,0.4088334727100616,Communication Equipment,Technology,ITI
2007Q4,2007,Q4,2007-06-21,2007-03-31,1597000.0,15527000.0,1202000.0,0.049767833213873916,6656000.0,0.42867263476524764,55250000.0,25687000.0,22475000.0,15496000.0,29563000.0,6379000.0,-107438000.0,73804700.0,89491700.0,0.8004923805665493,1.4503742901393908,0.2845610859728507,0.6120605753883287,0.05801868240055073,0.8004923805665493,0.06217152645306965,4.753313582791267,11.55364746399499,2.8732315957488224,0.0,1.3906568427653236,0.0,0.2810316742081448,0.981995353639649,0.02890497737556561,1317.9410714285714,0.42867263476524764,3.9767833213873915,1.4756474689924304,-0.5491517375379524,-0.3760343327847935,0.1726568005637773,4.151612903225806,0.6005326231691078,8.980790072908867,-0.0018817088050781723,29.14888156920307,Communication Equipment,Technology,ITI
2007Q3,2007,Q3,2007-02-12,2006-12-31,310000.0,14488000.0,751000.0,0.01,5676000.0,0.3917725013804528,55058000.0,23414000.0,23496000.0,17017000.0,31644000.0,6430000.0,-109035000.0,,,,,,,,,,,,,,,,,,,,,,,,,,,,,,,Communication Equipment,Technology,ITI
2007Q2,2007,Q2,2006-11-14,2006-09-30,732000.0,14466000.0,1130000.0,0.02,5957000.0,0.41179317019217476,53481000.0,22719000.0,21571000.0,15517000.0,30762000.0,4792000.0,-109345000.0,,,,,,,,,,,,,,,,,,,,,,,,,,,,,,,Communication Equipment,Technology,ITI
2007Q1,2007,Q1,2006-08-14,2006-06-30,279000.0,13816000.0,745000.0,0.01,5719000.0,0.4139403590040533,50829000.0,19183000.0,19150000.0,16021000.0,31646000.0,2989000.0,-110077000.0,,,,,,,,,,,,,,,,,,,,,,,,,,,,,,,Communication Equipment,Technology,ITI
