Quarters,Year,Quarter,FillingDate,Date,NetIncome,Revenue,OperatingIncome,EPSDiluted,GrossProfit,GrossProfitRatio,TotalAssets,CommonStockEquity,CurrentAssets,CurrentLiability,TotalLiability,Inventory,RetainedEarnings,MarketCap,EnterpriseValue,bookValuePerShare,currentRatio,debtToAssets,debtToEquity,roic,shareholdersEquityPerShare,roe,priceToSalesRatio,peRatio,pbRatio,payoutRatio,inventoryTurnover,dividendYield,assetTurnover,quickRatio,returnOnAssets,priceToFreeCashFlowsRatio,grossProfitMargin,epsdilutedGrowth,fiveYNetIncomeGrowthPerShare,fiveYRevenueGrowthPerShare,fiveYShareholdersEquityGrowthPerShare,grossProfitGrowth,netIncomeGrowth,operatingIncomeGrowth,threeYNetIncomeGrowthPerShare,threeYRevenueGrowthPerShare,threeYShareholdersEquityGrowthPerShare,Industry,Sector,Symbol
2023Q1,2023,Q1,2023-04-26,2023-03-31,25600000.0,529500000.0,40000000.0,0.8,158400000.0,0.2991501416,2579600000.0,891000000.0,866200000.0,618300000.0,1688600000.0,351900000.0,873700000.0,3497280000.0,4408880000.0,27.84375,1.40093805595989,0.37110404713909134,1.0744107744107745,0.01699455875387398,27.84375,0.0287317620650954,6.604872521246459,34.153125,3.9251178451178452,0.125,1.0545609548167092,0.0009149967975112087,0.20526438207474026,0.6946466116771793,0.009924019227787254,945.2108108108108,0.2991501416430595,-0.31623931623931617,20.266666666666666,0.28994455645161293,1.1198463603818616,-0.050359712230215826,-0.31733333333333336,-0.19517102615694165,-0.11999999999999993,0.15325609023377756,0.5563617049237777,Specialty Industrial Machinery,Industrials,JBT
2022Q4,2022,Q4,2023-02-23,2022-12-31,37500000.0,599100000.0,49700000.0,1.17,166800000.0,0.2784176264,2584100000.0,862700000.0,869600000.0,621200000.0,1721400000.0,322500000.0,851300000.0,2922560000.0,3827360000.0,26.959375,1.3998712169993561,0.3784296273364034,1.1335342529268575,0.023118205945351352,26.959375,0.043468181291294775,4.878250709397429,19.483733333333333,3.387689811058305,0.088,1.3404651162790697,0.0011291470491623782,0.23184087303122944,0.7432388924661945,0.014511822297898689,63.811353711790396,0.2784176264396595,0.09345794392523352,0.9269490979381445,0.2347070756667356,0.9461508542656711,0.044458359423919847,0.09649122807017543,0.08278867102396514,-0.11204720902612819,0.09482642071494043,0.5101037093942056,Specialty Industrial Machinery,Industrials,JBT
2022Q3,2022,Q3,2022-10-28,2022-09-30,34200000.0,555400000.0,45900000.0,1.07,159700000.0,0.2875405113,2554500000.0,806200000.0,874400000.0,619200000.0,1748300000.0,346800000.0,817000000.0,2752000000.0,3679200000.0,25.19375,1.4121447028423773,0.38355842630651793,1.2153311833291986,0.020827871332056064,25.19375,0.042421235425452744,4.954987396471012,20.116959064327485,3.413545026048127,0.09064327485380116,1.1410034602076125,0.0011264534883720931,0.2174202387942846,0.6891149870801033,0.013388138578978274,323.7647058823529,0.2875405113431761,0.028846153846153872,0.3214389534883722,0.31574233602661594,0.8677216476876599,0.05551883674818242,0.023952095808383235,0.08767772511848342,0.01770522388059706,0.13131257662443802,0.5346202501432119,Specialty Industrial Machinery,Industrials,JBT
2022Q2,2022,Q2,2022-07-29,2022-06-30,33400000.0,542300000.0,42200000.0,1.04,151300000.0,0.2789968652,2222100000.0,789800000.0,806900000.0,606700000.0,1432300000.0,298800000.0,786000000.0,3512407640.08,4118907640.08,24.829041767490768,1.3299818691280698,0.30358669726834975,0.8541402886806787,0.02424424648947962,24.829041767490768,0.04228918713598379,6.476871916061221,26.290476347904193,4.447211496682704,0.10479041916167664,1.3085676037483267,0.0009964674828916733,0.24404842266324647,0.7164990934564035,0.015030826695468251,-292.70063667333335,0.27899686520376177,0.3,0.871229039074365,0.4085533975740443,0.9668399115543964,0.08458781362007169,0.3046875,0.3790849673202614,-0.0060830920050108685,0.10245786905197349,0.584092864765911,Specialty Industrial Machinery,Industrials,JBT
2022Q1,2022,Q1,2022-04-29,2022-03-31,25600000.0,469200000.0,30600000.0,0.8,139500000.0,0.297314578,2209900000.0,783600000.0,777100000.0,595900000.0,1426300000.0,275600000.0,755800000.0,3791040000.0,4376840000.0,24.4875,1.30407786541366,0.30318113941807323,0.8550280755487494,0.01890913304174029,24.4875,0.03266972945380296,8.079795396419437,37.021874999999994,4.837978560490046,0.125,1.196298984034833,0.0008440955516164431,0.21231729942531335,0.7133747273032388,0.011584234580750261,305.72903225806454,0.29731457800511507,-0.18367346938775503,0.37931034482758635,0.27685050798258354,0.9522322614934894,-0.012039660056657223,-0.189873417721519,-0.14763231197771587,0.29137055837563464,0.11680838323353285,0.6345560453400504,Specialty Industrial Machinery,Industrials,JBT
2021Q4,2021,Q4,2022-02-24,2021-12-31,31600000.0,497600000.0,35900000.0,0.98,141200000.0,0.2837620579,2141400000.0,750500000.0,718700000.0,549900000.0,1390900000.0,229100000.0,733400000.0,4913920000.0,5509520000.0,23.453125,1.3069649027095835,0.3149341552255534,0.8986009327115256,0.023765794509800636,23.453125,0.042105263157894736,9.87524115755627,38.87594936708861,6.547528314457029,0.10443037974683544,1.5556525534701005,0.0006715616045845272,0.23237134584851032,0.7497726859428987,0.014756701223498645,116.4436018957346,0.2837620578778135,0.07692307692307687,0.2568181818181819,0.1288148148148149,2.832806420233463,-0.009122807017543859,0.07849829351535836,-0.11358024691358025,-0.268006993006993,-0.0796761585706309,0.632325180564675,Specialty Industrial Machinery,Industrials,JBT
2021Q3,2021,Q3,2021-10-29,2021-09-30,29300000.0,477400000.0,40500000.0,0.91,142500000.0,0.29849183074989527,2038500000.0,707300000.0,664400000.0,502800000.0,1331200000.0,217900000.0,705000000.0,4497600000.0,5092600000.0,22.103125,1.3214001591089897,0.32043168996811383,0.9235119468400962,0.0227732662408134,22.103125,0.04142513784815496,9.421030582320904,38.375426621160415,6.358829351053302,0.10921501706484642,1.5369435520881138,0.000711490572749911,0.23419180770174147,0.7515910898965792,0.014373313711062055,231.83505154639175,0.29849183074989527,-0.04210526315789466,0.30676577669902916,0.25460883867276884,2.842885127143702,-0.049366244162775186,-0.03934426229508197,-0.14376321353065538,0.10638020833333338,-0.012433855571695442,0.6306422005087882,Specialty Industrial Machinery,Industrials,JBT
2021Q2,2021,Q2,2021-07-30,2021-06-30,30500000.0,475500000.0,47300000.0,0.95,149900000.0,0.3152471083070452,1976300000.0,685700000.0,778100000.0,478900000.0,1290600000.0,204100000.0,678900000.0,4563840000.0,5003240000.0,21.428125,1.624765086656922,0.3246976673581946,0.9358319964999271,0.024044775800986958,21.428125,0.04448009333527782,9.597981072555205,37.408524590163935,6.6557386612221086,0.10163934426229508,1.5952964233219011,0.0006792525592483523,0.24060112331123817,1.0636876174566716,0.015432879623538936,137.46506024096385,0.3152471083070452,0.13095238095238093,0.4905252659574467,0.3286667427007298,3.2451945754716984,0.12537537537537538,0.12962962962962962,0.25132275132275134,-0.09509858630952377,-0.035184077956442114,0.664776394301023,Specialty Industrial Machinery,Industrials,JBT
2021Q1,2021,Q1,2021-04-30,2021-03-31,27000000.0,417800000.0,37800000.0,0.84,133200000.0,0.3188128291048348,1794300000.0,672100000.0,597400000.0,469400000.0,1122200000.0,195700000.0,651600000.0,4266880000.0,4679180000.0,21.003125,1.2726885385598636,0.2618291255642869,0.6990031245350394,0.025035673258707106,21.003125,0.04017259336408273,10.21273336524653,39.50814814814815,6.348579080493974,0.11851851851851852,1.4542667347981604,0.0007499625018749063,0.23284846458228836,0.722198551342139,0.015047650894499248,55.55833333333333,0.3188128291048348,-0.10638297872340424,3.8805147058823533,0.4420043991014603,3.496314858490566,-0.0007501875468867217,-0.10299003322259136,-0.1310344827586207,21.4296875,0.017825940860215092,0.5990446002386636,Specialty Industrial Machinery,Industrials,JBT
2020Q4,2020,Q4,2021-02-25,2020-12-31,30100000.0,439400000.0,43500000.0,0.94,133300000.0,0.30336822940373237,1805900000.0,637100000.0,616100000.0,457500000.0,1168800000.0,197300000.0,627800000.0,3643840000.0,4121240000.0,19.909375,1.3466666666666667,0.29065839747494326,0.8238894992936745,0.02803003057004136,19.909375,0.047245330403390365,8.292762858443332,30.264451827242524,5.719416104222257,0.10963455149501661,1.5514445007602635,0.0009056380082550276,0.24331358325488675,0.7691803278688525,0.016667589567528656,45.950063051702394,0.30336822940373237,0.7407407407407405,0.32767643540669855,0.14297933126410822,3.5283466653816498,0.0479559748427673,0.75,0.5371024734982333,0.5466978092783507,-0.09442448831920619,0.437223495134646,Specialty Industrial Machinery,Industrials,JBT
2020Q3,2020,Q3,2020-10-29,2020-09-30,17200000.0,419200000.0,28300000.0,0.54,127200000.0,0.30343511450381677,1811900000.0,611400000.0,634500000.0,434600000.0,1200500000.0,219700000.0,600900000.0,2940480000.0,3488080000.0,19.10625,1.4599631845375058,0.3301506705668083,0.9784102060843964,0.01656024778452762,19.10625,0.028132155708210663,7.014503816793893,42.739534883720935,4.809421000981354,0.18604651162790697,1.3290851160673647,0.0010882576994232236,0.23135934654230367,0.8182236539346526,0.009492797615762459,54.85970149253731,0.30343511450381677,-0.4653465346534653,0.25843253968253965,0.41401390413465045,3.63134244042728,-0.02304147465437788,-0.4707692307692308,-0.4054621848739496,-0.3354166666666667,-0.00691539923954372,0.4164289449221473,Specialty Industrial Machinery,Industrials,JBT
2020Q2,2020,Q2,2020-07-29,2020-06-30,32500000.0,411500000.0,47600000.0,1.01,130200000.0,0.31640340218712026,1821000000.0,596600000.0,640200000.0,412300000.0,1224400000.0,229100000.0,586900000.0,2752640000.0,3342340000.0,18.64375,1.552752849866602,0.3556836902800659,1.085652028159571,0.028846155639087788,18.64375,0.05447536037546095,6.689283110571082,21.174153846153846,4.613878645658732,0.09538461538461539,1.2278481012658229,0.0011261915833527087,0.22597473915431082,0.8746058695124909,0.01784733662822625,34.32219451371571,0.31640340218712026,0.1222222222222222,1.080620659722222,0.4899904261586804,3.424703338696702,-0.08951048951048951,0.1206896551724138,0.08924485125858124,0.8099685754189943,0.06245548433048429,0.4768701887260988,Specialty Industrial Machinery,Industrials,JBT
2020Q1,2020,Q1,2020-05-01,2020-03-31,29000000.0,457700000.0,43700000.0,0.9,143000000.0,0.3124317238365742,1884200000.0,570700000.0,703000000.0,412100000.0,1313500000.0,237200000.0,557600000.0,2369213000.0,3027713000.0,17.890282131661444,1.7058966270322737,0.38950217598981,1.2859646048712108,0.025630840658404985,17.890282131661444,0.05081478885579113,5.176344767314835,20.42425,4.151415805151568,0.1103448275862069,1.3267284991568298,0.001350659480595455,0.24291476488695468,1.0048531909730647,0.015391147436577858,515.0463043478261,0.3124317238365742,-0.31297709923664124,2.3636363636363633,0.887554162312783,4.072340527750754,-0.148302561048243,-0.31116389548693585,-0.3019169329073482,0.5673981191222571,0.24945971400102834,0.4262781396487997,Specialty Industrial Machinery,Industrials,JBT
2019Q4,2019,Q4,2020-03-02,2019-12-31,42100000.0,545500000.0,62600000.0,1.31,167900000.0,0.3077910174152154,1914900000.0,569500000.0,708200000.0,474500000.0,1345400000.0,245000000.0,532800000.0,3593854000.0,4253554000.0,17.852664576802507,1.492518440463646,0.36513656065590894,1.2277436347673398,0.036962486048571025,17.852664576802507,0.07392449517120281,6.588183318056829,21.341175771971496,6.310542581211589,0.07600950118764846,1.5412244897959184,0.0008904090149460718,0.2848712726513134,0.8488935721812434,0.021985482270614653,53.96177177177177,0.3077910174152154,0.25961538461538464,1.5700379475334103,0.7135046682358335,3.433212009004649,0.1375338753387534,0.25671641791044775,0.2880658436213992,0.6796808207466514,0.2413560896319518,1.9175560786992425,Specialty Industrial Machinery,Industrials,JBT
2019Q3,2019,Q3,2019-10-31,2019-09-30,33500000.0,489400000.0,48600000.0,1.04,147600000.0,0.30159378831221906,1918800000.0,523700000.0,725100000.0,472800000.0,1395100000.0,264000000.0,493900000.0,3171817000.0,3893017000.0,16.41692789968652,1.5336294416243654,0.4014488221805295,1.470880274966584,0.02981496809921109,16.41692789968652,0.06396792056520909,6.481031875766244,23.670276119402985,6.0565533702501435,0.0955223880597015,1.2946969696969697,0.001008885443264854,0.25505524286012093,0.8540609137055838,0.01745882843443819,302.07780952380955,0.30159378831221906,-0.009523809523809532,2.453848833159178,0.8672455040422374,2.2011927920337353,-0.04774193548387097,-0.005934718100890208,0.03404255319148936,0.49876738594515635,0.2901766819939313,1.8542736856935762,Specialty Industrial Machinery,Industrials,JBT
2019Q2,2019,Q2,2019-07-31,2019-06-30,33700000.0,493300000.0,47000000.0,1.05,155000000.0,0.3142104196229475,1912300000.0,500000000.0,715400000.0,484000000.0,1412300000.0,260400000.0,463700000.0,3944754000.0,4680054000.0,15.67398119122257,1.478099173553719,0.4049573811640433,1.5488,0.029643579549417595,15.67398119122257,0.0674,7.996663288060004,29.26375370919881,7.889508,0.09198813056379822,1.2991551459293396,0.0007858538200354191,0.25796161690111385,0.8190082644628099,0.017622757935470378,4383.06,0.3142104196229475,0.7213114754098362,1.7337348072375296,0.8424334425532131,1.9246201463698027,0.21473354231974923,0.7106598984771574,0.5666666666666667,0.6520709664510105,0.3827254421893233,2.105222688827113,Specialty Industrial Machinery,Industrials,JBT
2019Q1,2019,Q1,2019-05-01,2019-03-31,19700000.0,417500000.0,30000000.0,0.61,127600000.0,0.3056287425149701,1521600000.0,476400000.0,626800000.0,453500000.0,1045200000.0,226400000.0,433100000.0,2970756000.0,3375056000.0,14.981132075471699,1.3821389195148843,0.2945583596214511,0.9408060453400504,0.02439676823317861,14.981132075471699,0.04135180520570949,7.115583233532934,37.69994923857868,6.235843828715365,0.16243654822335024,1.2804770318021201,0.001077166889505567,0.274382229232387,0.7490628445424476,0.012946898002103049,-521.1852631578947,0.3056287425149701,-0.5447761194029851,4.7944182389937104,0.9494473032208882,1.975981642019378,-0.19546027742749053,-0.5407925407925408,-0.49238578680203043,2.583364163275373,0.4500316702339832,2.207136402223622,Specialty Industrial Machinery,Industrials,JBT
2018Q4,2018,Q4,2019-02-28,2018-12-31,42900000.0,537300000.0,59100000.0,1.34,158600000.0,0.29517960171226504,1442500000.0,456900000.0,618500000.0,485300000.0,985600000.0,206100000.0,416500000.0,2283558000.0,2628158000.0,14.367924528301886,1.2744694003709045,0.2687001733102253,0.8483256730137886,0.054192021853017934,14.367924528301886,0.09389363099146422,4.2500614182021215,13.307447552447552,4.9979382797110965,0.07692307692307693,1.8374575448811257,0.0014451132837440522,0.37247833622183707,0.7556150834535339,0.02974003466204506,19.584545454545456,0.29517960171226504,0.6341463414634149,1.9064234184239732,0.7183597152456235,1.7265556261609147,0.17394522575869725,0.625,0.6147540983606558,0.904170804369414,0.4064296818433493,2.267955077755633,Specialty Industrial Machinery,Industrials,JBT
2018Q3,2018,Q3,2018-11-02,2018-09-30,26400000.0,481900000.0,36600000.0,0.82,135100000.0,0.28034862004565264,1521200000.0,432400000.0,686700000.0,496400000.0,1088800000.0,256600000.0,354700000.0,3696572000.0,4144272000.0,13.554858934169278,1.3833601933924256,0.3196160925585064,1.1244218316373729,0.031682576157012116,13.554858934169278,0.06105457909343201,7.670827972608425,35.00541666666667,8.548963922294172,0.12121212121212122,1.3515198752922837,0.0008656668935435317,0.31678937680778335,0.750402900886382,0.017354719957927953,2174.454117647059,0.28034862004565264,-0.21153846153846162,2.5537525354969577,0.8891315876031227,2.34010026057167,-0.03706343549536707,-0.21428571428571427,-0.13270142180094788,0.9376026272577997,0.6306044662530524,2.285688895299866,Specialty Industrial Machinery,Industrials,JBT
2018Q2,2018,Q2,2018-07-30,2018-06-30,33600000.0,491300000.0,42200000.0,1.04,140300000.0,0.28556889883981273,1479100000.0,410600000.0,685200000.0,516100000.0,1068500000.0,270500000.0,333800000.0,2835910000.0,3236910000.0,12.871473354231975,1.3276496802945166,0.29565276181461697,1.065026790063322,0.04341915811613005,12.871473354231975,0.08183146614710181,5.772257276613067,21.100520833333334,6.906746225036533,0.10119047619047619,1.2975970425138632,0.0011989096974163495,0.33216144953011967,0.6878511916295291,0.022716516800757217,260.1752293577982,0.28556889883981273,25.0,2.5762921921702993,0.9820035893347848,2.4608381394435885,0.35424710424710426,27.0,6.1525423728813555,1.1577847439916402,0.7845129245703508,2.0547744485104045,Specialty Industrial Machinery,Industrials,JBT
2018Q1,2018,Q1,2018-05-04,2018-03-31,1200000.0,409200000.0,5900000.0,0.04,103600000.0,0.25317693059628543,1498000000.0,419000000.0,678600000.0,543700000.0,1079000000.0,305400000.0,303400000.0,3617460000.0,4003160000.0,13.134796238244514,1.248114769174177,0.2779038718291055,0.9935560859188545,0.00565066443194062,13.134796238244514,0.002863961813842482,8.84032258064516,753.6375,8.633556085918855,2.6666666666666665,1.0006548788474132,0.000884598585748011,0.2731642189586115,0.5852492183189258,0.0008010680907877169,-239.56688741721854,0.25317693059628543,-0.9333333333333332,-0.7320896092973469,1.01704640410005,2.621681304596221,-0.24269005847953215,-0.9381443298969072,-0.8895131086142322,-0.8608150470219436,0.6875402298850574,2.7240418453260307,Specialty Industrial Machinery,Industrials,JBT
2017Q4,2017,Q4,2018-02-28,2017-12-31,19400000.0,483700000.0,53400000.0,0.6,136800000.0,0.282819929708497,1391400000.0,441900000.0,588600000.0,441400000.0,949500000.0,190200000.0,333700000.0,3534520000.0,3883720000.0,13.852664576802507,1.3334843679202537,0.275406065832974,0.8671645168590179,0.02557773799147554,13.852664576802507,0.04390133514369767,7.307256563985941,45.5479381443299,7.9984611903145515,0.15979381443298968,1.823869610935857,0.0008770639294727431,0.34763547506108955,0.7938377888536475,0.013942791433088976,134.90534351145038,0.282819929708497,-0.25000000000000006,-0.04339574684402272,0.5064649152192271,2.8173535907666,0.1259259259259259,-0.24806201550387597,0.26540284360189575,0.18429302095363798,0.5193807663165402,2.439923418400622,Specialty Industrial Machinery,Industrials,JBT
2017Q3,2017,Q3,2017-10-30,2017-09-30,25800000.0,420800000.0,42200000.0,0.8,121500000.0,0.2887357414448669,1424900000.0,430300000.0,609300000.0,475300000.0,994600000.0,217500000.0,317600000.0,3225090000.0,3590690000.0,13.489028213166144,1.2819272038712393,0.28352866867850374,0.9388798512665583,0.03459448180007564,13.489028213166144,0.05995816871949802,7.664187262357414,31.250872093023254,7.494980246339763,0.12403100775193798,1.3760919540229886,0.0009922203721446532,0.2953189697522633,0.7117609930570166,0.018106533791845042,56.9803886925795,0.2887357414448669,0.4285714285714285,2.871524744334241,0.8761992160719002,3.0816541328958693,0.05836236933797909,0.441340782122905,0.4208754208754209,1.6599791013584118,0.6055106418082825,1.6302716410389846,Specialty Industrial Machinery,Industrials,JBT
2017Q2,2017,Q2,2017-08-01,2017-06-30,17900000.0,386100000.0,29700000.0,0.56,114800000.0,0.2973322973322973,1319600000.0,402700000.0,560400000.0,403700000.0,916900000.0,198300000.0,295000000.0,3126200000.0,3499400000.0,12.623824451410659,1.3881595243993063,0.3027432555319794,0.9920536379438788,0.025663799551234105,12.623824451410659,0.04444996275142786,8.096866096866098,43.662011173184354,7.7630990812018865,0.1787709497206704,1.368129097327282,0.0010236069349369842,0.2925886632312822,0.7631904879861283,0.013564716580782055,-97.69375,0.2973322973322973,-0.01754385964912263,1.1206285877132274,0.6427721307256821,3.251774207593173,0.1762295081967213,0.028735632183908046,0.44878048780487806,0.4520431171973822,0.44205058214027076,1.3554890658862393,Specialty Industrial Machinery,Industrials,JBT
2017Q1,2017,Q1,2017-04-27,2017-03-31,17400000.0,344500000.0,20500000.0,0.57,97600000.0,0.2833091436865022,1271800000.0,376300000.0,520500000.0,402200000.0,895500000.0,178400000.0,280300000.0,2638500000.0,2976000000.0,12.543333333333333,1.2941322725012432,0.2991036326466426,1.0108955620515545,0.027883461351497767,12.543333333333333,0.0462397023651342,7.6589259796806965,37.90948275862069,7.011692798299229,0.1839080459770115,1.3839686098654709,0.0012128103088876255,0.27087592388740367,0.7197911486822476,0.013681396445982073,165.9433962264151,0.2833091436865022,-0.2597402597402598,3.327692307692308,0.6324621397166584,3.205195852534562,-0.14385964912280702,-0.24675324675324675,-0.40233236151603496,4.5525,0.70510101010101,1.491716216216216,Specialty Industrial Machinery,Industrials,JBT
2016Q4,2016,Q4,2017-02-28,2016-12-31,23100000.0,405000000.0,34300000.0,0.77,114000000.0,0.2814814814814815,1187400000.0,179900000.0,485000000.0,393000000.0,1007500000.0,139600000.0,266600000.0,2526930000.0,2992430000.0,6.119047619047619,1.2340966921119594,0.41999326259053393,2.772095608671484,0.037077072748892013,6.119047619047619,0.12840466926070038,6.239333333333334,27.347727272727273,14.046303501945527,0.12554112554112554,2.0845272206303727,0.0011476376472636756,0.3410813542193027,0.7473282442748092,0.019454269833249115,88.97640845070423,0.2814814814814815,0.11594202898550736,2.1755952380952377,0.476491148945766,1.2313820264948083,0.21147715196599362,0.12135922330097088,0.16271186440677965,0.692752100840336,0.40098038521205065,0.16119232667160116,Specialty Industrial Machinery,Industrials,JBT
2016Q3,2016,Q3,2016-10-28,2016-09-30,20600000.0,349600000.0,29500000.0,0.69,94100000.0,0.26916475972540044,960700000.0,169100000.0,472400000.0,390500000.0,791600000.0,143400000.0,246600000.0,2074170000.0,2331870000.0,5.7517006802721085,1.2097311139564662,0.3181013844072031,1.8072146658781787,0.04794670239197001,5.7517006802721085,0.1218214074512123,5.932980549199085,25.171966019417475,12.265937315198109,0.1407766990291262,1.7817294281729428,0.001398149621294301,0.3639013219527428,0.7395646606914212,0.0214426980326845,93.43108108108108,0.26916475972540044,0.09523809523809515,1.491307634164777,0.487039974478719,0.5686456400742115,-0.017745302713987474,0.09574468085106383,-0.013377926421404682,2.0088035214085638,0.4870311293682355,0.4172967077126208,Specialty Industrial Machinery,Industrials,JBT
2016Q2,2016,Q2,2016-07-28,2016-06-30,18800000.0,328800000.0,29900000.0,0.63,95800000.0,0.2913625304136253,949200000.0,148400000.0,459100000.0,389800000.0,800800000.0,150300000.0,228900000.0,1799868000.0,2077868000.0,5.0476190476190474,1.1777834787070292,0.3298567214496418,2.1098382749326148,0.043972136065490414,5.0476190476190474,0.12668463611859837,5.474051094890511,23.93441489361702,12.128490566037737,0.15425531914893617,1.5502328675981372,0.0016112292679240922,0.3463969658659924,0.6852231913801949,0.01980615254951538,-197.7876923076923,0.2913625304136253,2.705882352941176,0.7879928670497326,0.27560315215195,0.3096525096525097,0.24739583333333334,2.6862745098039214,2.082474226804124,1.1711754469229554,0.43923871884584603,0.35718670525300356,Specialty Industrial Machinery,Industrials,JBT
2016Q1,2016,Q1,2016-04-29,2016-03-31,5100000.0,267100000.0,9700000.0,0.17,76800000.0,0.28753275926619243,922200000.0,137800000.0,430500000.0,371200000.0,784400000.0,136900000.0,213200000.0,1664095000.0,1927495000.0,4.671186440677966,1.1597521551724137,0.324658425504229,2.172714078374456,0.014983186986846638,4.671186440677966,0.03701015965166909,6.230232122800449,81.5732843137255,12.076161103047896,0.6078431372549019,1.3900657414170927,0.0018628744152226885,0.2896334851442203,0.6651400862068966,0.005530253741054001,-148.57991071428572,0.28753275926619243,-0.7571428571428571,0.012590799031476889,0.2896109685830843,0.3528057603174331,-0.2802249297094658,-0.7559808612440191,-0.6870967741935484,0.23125258371227772,0.4237142100891722,0.28799475040412276,Specialty Industrial Machinery,Industrials,JBT
2015Q4,2015,Q4,2016-02-29,2015-12-31,20900000.0,354400000.0,31000000.0,0.7,106700000.0,0.3010722347629797,876100000.0,129700000.0,396200000.0,353100000.0,746400000.0,104900000.0,211100000.0,1469985000.0,1715585000.0,4.396610169491526,1.1220617388841687,0.32279420157516264,2.1804163454124903,0.053242937853107346,4.396610169491526,0.16114109483423283,4.147813205417608,17.583552631578947,11.33373168851195,0.13875598086124402,2.3612964728312678,0.001972809246352854,0.40452003195982195,0.7071651090342679,0.02385572423239356,27.787996219281663,0.3010722347629797,0.6666666666666666,0.2869126796824716,0.2030326327368211,0.3568033533807181,0.43221476510067114,0.6587301587301587,0.46919431279620855,0.11441136051305556,0.19356290976847548,0.21156587057010792,Specialty Industrial Machinery,Industrials,JBT
2015Q3,2015,Q3,2015-10-29,2015-09-30,12600000.0,273300000.0,21100000.0,0.42,74500000.0,0.2725942188071716,781700000.0,121700000.0,423800000.0,325300000.0,660000000.0,137700000.0,193200000.0,1128375000.0,1323475000.0,4.125423728813559,1.302797417768214,0.2980683126519125,1.914543960558751,0.038545076897406834,4.125423728813559,0.10353327855382087,4.128704720087816,22.388392857142858,9.27177485620378,0.21428571428571427,1.4437182280319536,0.0023928215353938185,0.3496226173723935,0.676913618198586,0.016118715619802992,1128.375,0.2725942188071716,-0.125,0.28589974756581327,0.21100559752612838,0.41001801359207407,0.024759284731774415,-0.125,-0.09051724137931035,1.0445679355376492,0.31768474411155245,0.24831474488451735,Specialty Industrial Machinery,Industrials,JBT
2015Q2,2015,Q2,2015-07-30,2015-06-30,14400000.0,254600000.0,23200000.0,0.48,72700000.0,0.28554595443833464,671600000.0,124300000.0,370300000.0,287600000.0,547300000.0,121700000.0,183300000.0,1108905000.0,1246505000.0,4.213559322033898,1.2875521557719054,0.23451459201905897,1.2670957361222848,0.055920832384803894,4.213559322033898,0.11584875301689461,4.355479183032207,19.25182291666667,8.921198712791634,0.18055555555555555,1.494658997534922,0.0023446553131242077,0.3790946992257296,0.6425591098748261,0.02144133412745682,-462.04375,0.28554595443833464,0.7777777777777776,0.6994350282485875,0.16841257313034486,0.9226921178212935,0.15396825396825398,0.8,0.6934306569343066,0.8447721769755668,0.17139830508474574,0.4191501883239171,Specialty Industrial Machinery,Industrials,JBT
2015Q1,2015,Q1,2015-04-30,2015-03-31,8000000.0,225000000.0,13700000.0,0.27,63000000.0,0.28,650200000.0,104400000.0,354500000.0,288200000.0,545800000.0,118000000.0,171700000.0,1057312000.0,1192112000.0,3.527027027027027,1.2300485773768217,0.23777299292525378,1.4808429118773947,0.03556017001395152,3.527027027027027,0.07662835249042145,4.6991644444444445,33.041,10.12750957854406,0.375,1.3728813559322033,0.0028373838564208108,0.3460473700399877,0.5746009715475364,0.012303906490310674,46.57762114537445,0.28,-0.47058823529411764,0.9054054054054054,0.2683911722373261,0.6604701529576321,-0.1732283464566929,-0.47368421052631576,-0.38288288288288286,1.0166320166320169,0.08060246372410523,0.18244800099638814,Specialty Industrial Machinery,Industrials,JBT
2014Q4,2014,Q4,2015-03-02,2014-12-31,15200000.0,295400000.0,22200000.0,0.51,76200000.0,0.25795531482735273,697800000.0,119200000.0,387900000.0,286400000.0,578600000.0,111800000.0,166400000.0,972656000.0,1117356000.0,4.027027027027027,1.354399441340782,0.25508741759816567,1.4932885906040267,0.05448924259270096,4.027027027027027,0.12751677852348994,3.2926743398781313,15.997631578947368,8.15986577181208,0.17105263157894737,1.960644007155635,0.0026730930565379745,0.4233304671825738,0.7314944134078212,0.021782745772427628,48.87718592964824,0.25795531482735273,0.7000000000000001,0.35337206365243745,0.14401779828609093,0.8375754395171872,0.18691588785046728,0.6888888888888889,0.4605263157894737,1.0754504504504503,0.06965058981633561,0.4685023369233896,Specialty Industrial Machinery,Industrials,JBT
2014Q3,2014,Q3,2014-11-10,2014-09-30,9000000.0,243200000.0,15200000.0,0.3,64200000.0,0.26398026315789475,648400000.0,151800000.0,388000000.0,300900000.0,496600000.0,138600000.0,153900000.0,832648000.0,936648000.0,5.128378378378378,1.28946493851778,0.19632942628007402,0.8386034255599473,0.036307177833512484,5.128378378378378,0.05928853754940711,3.423717105263158,23.12911111111111,5.485164690382081,0.28888888888888886,1.2914862914862915,0.003122567999923137,0.3750771128932758,0.5928880026586906,0.013880320789636027,45.74989010989011,0.26398026315789475,-0.21052631578947373,0.014734614132204558,0.15880442560686947,2.1152649359886198,-0.060029282576866766,-0.21052631578947367,-0.1783783783783784,0.08108108108108109,0.027472978840759953,0.39864864864864863,Specialty Industrial Machinery,Industrials,JBT
2014Q2,2014,Q2,2014-08-08,2014-06-30,11400000.0,247600000.0,18500000.0,0.38,68300000.0,0.27584814216478193,657300000.0,158100000.0,434500000.0,281700000.0,499200000.0,143400000.0,147700000.0,914205000.0,991705000.0,5.359322033898305,1.5424210152644657,0.2148181956488666,0.8931056293485136,0.041449657042904035,5.359322033898305,0.07210626185958255,3.6922657512116315,20.048355263157895,5.782447817836812,0.23684210526315788,1.2503486750348676,0.002953385728583852,0.37669253004716263,0.7880724174653887,0.01734367868553172,-95.2296875,0.27584814216478193,3.375,0.09956316617158835,0.006311387297707206,9.79688234566374,0.31346153846153846,3.375,4.5576923076923075,0.08053315780812903,-0.04267427420708168,0.3905267979844252,Specialty Industrial Machinery,Industrials,JBT
2014Q1,2014,Q1,2014-05-07,2014-03-31,-4800000.0,198000000.0,-5200000.0,-0.16,52000000.0,0.26262626262626265,600800000.0,148000000.0,378500000.0,289300000.0,452800000.0,142400000.0,138900000.0,908460000.0,972760000.0,5.034013605442177,1.3083304528171449,0.13881491344873503,0.5635135135135135,-0.016248919619706138,5.034013605442177,-0.032432432432432434,4.588181818181818,-47.315625000000004,6.1382432432432426,-0.5833333333333334,1.0252808988764044,0.0030821390044691015,0.32956058588548603,0.5800207397165572,-0.007989347536617843,72.6768,0.26262626262626265,-1.3478260869565217,-2.095072175211548,0.09588213983818378,21.063097702849255,-0.24963924963924963,-1.3529411764705883,-1.2574257425742574,-1.9562682215743439,-0.0407656859269763,0.4578828504156457,Specialty Industrial Machinery,Industrials,JBT
2013Q4,2013,Q4,2014-03-07,2013-12-31,13600000.0,288100000.0,20200000.0,0.46,69300000.0,0.2405414786532454,621200000.0,154400000.0,396600000.0,277600000.0,466800000.0,117600000.0,146500000.0,859369000.0,930369000.0,5.26962457337884,1.4286743515850144,0.16162266580811332,0.6502590673575129,0.05716351317855078,5.26962457337884,0.08808290155440414,2.982884415133634,15.79722426470588,5.56586139896373,0.19117647058823528,1.8605442176870748,0.0030254756687755784,0.4637797810688989,0.7773775216138329,0.02189311010946555,165.26326923076923,0.2405414786532454,1.0,0.26381238806474516,0.1530960507069723,17.467576791808874,0.2785977859778598,1.0,0.7413793103448276,-0.1568669806022379,-0.015351216689014747,0.6262174758706742,Specialty Industrial Machinery,Industrials,JBT
2013Q3,2013,Q3,2013-11-01,2013-09-30,6800000.0,233500000.0,11600000.0,0.23,54200000.0,0.23211991434689508,607100000.0,118500000.0,383300000.0,262200000.0,488300000.0,145000000.0,135500000.0,726496000.0,799396000.0,4.058219178082192,1.4618611746758199,0.17871849777631363,0.9156118143459916,0.03636055574381566,4.058219178082192,0.05738396624472574,3.1113319057815847,26.709411764705884,6.130767932489451,0.38235294117647056,1.2365517241379311,0.0035788221820904726,0.38461538461538464,0.6746758199847445,0.011200790644045461,61.050084033613444,0.23211991434689508,-0.20689655172413784,-0.2722602739726028,-0.1430014734302095,4.215001280245807,-0.0829103214890017,-0.20930232558139536,-0.21621621621621623,-0.29889245118041385,0.04527982536619316,0.3870483422672226,Specialty Industrial Machinery,Industrials,JBT
2013Q2,2013,Q2,2013-08-08,2013-06-30,8600000.0,226900000.0,14800000.0,0.29,59100000.0,0.2604671661524901,591000000.0,108600000.0,370700000.0,256400000.0,482400000.0,139300000.0,131400000.0,619916000.0,703516000.0,3.719178082191781,1.4457878315132606,0.1769881556683587,0.9631675874769797,0.04627892432770482,3.719178082191781,0.07918968692449356,2.7321110621419127,18.02081395348837,5.708250460405156,0.3023255813953488,1.2045944005743001,0.004194116622252047,0.3839255499153976,0.6552262090483619,0.01455160744500846,99.98645161290322,0.2604671661524901,1.0714285714285712,-0.37467365542676495,-0.22486568503052115,-0.5394557298254024,0.1749502982107356,1.0975609756097562,1.2424242424242424,0.025367833587011616,0.05198968821312786,0.6971006782816864,Specialty Industrial Machinery,Industrials,JBT
2013Q1,2013,Q1,2013-05-09,2013-03-31,4100000.0,185700000.0,6600000.0,0.14,50300000.0,0.2708669897684437,582100000.0,105900000.0,357300000.0,250700000.0,476200000.0,132300000.0,125500000.0,604440000.0,690940000.0,3.6267123287671232,1.425209413641803,0.17488404054286205,0.9612842304060434,0.02505462760638495,3.6267123287671232,0.03871576959395656,3.2549273021001617,36.856097560975606,5.707648725212464,0.5609756097560976,1.0234315948601662,0.00380517503805175,0.3190173509706236,0.6577582768248903,0.007043463322453186,63.625263157894736,0.2708669897684437,-0.7777777777777778,-0.6849130821917808,-0.32538461986564593,-0.5580436477365509,-0.3239247311827957,-0.7783783783783784,-0.7708333333333334,-0.010102739726027427,0.061185863662154547,0.7074004619571431,Specialty Industrial Machinery,Industrials,JBT
2012Q4,2012,Q4,2013-03-07,2012-12-31,18500000.0,292900000.0,28800000.0,0.63,74400000.0,0.25401160805735745,678000000.0,105600000.0,451100000.0,250800000.0,572400000.0,109200000.0,123500000.0,517107000.0,609207000.0,3.6288659793814433,1.7986443381180224,0.28185840707964605,1.8096590909090908,0.06805487670650215,3.6288659793814433,0.17518939393939395,1.7654728576305907,6.987932432432433,4.896846590909091,0.11351351351351352,2.000915750915751,0.0040610550621051344,0.43200589970501474,1.145933014354067,0.02728613569321534,49.248285714285714,0.25401160805735745,2.15,0.3765998322374651,-0.04717544700155565,-0.5341091763165748,0.4307692307692308,2.0327868852459017,1.796116504854369,0.6754986029482608,0.15382616712765057,0.6558903012711441,Specialty Industrial Machinery,Industrials,JBT
2012Q3,2012,Q3,2012-11-07,2012-09-30,6100000.0,205300000.0,10300000.0,0.2,52000000.0,0.25328787140769604,660500000.0,96500000.0,423200000.0,362500000.0,564000000.0,142800000.0,107100000.0,471872000.0,564272000.0,3.3047945205479454,1.167448275862069,0.2676760030280091,1.8321243523316062,0.027489722563009838,3.3047945205479454,0.06321243523316063,2.29845104724793,19.339016393442623,4.889865284974093,0.32786885245901637,1.0735294117647058,0.0042384375423843755,0.31082513247539745,0.6413793103448275,0.00923542770628312,33.23042253521127,0.25328787140769604,-0.23076923076923075,-0.547648581598533,-0.2408810257568668,0.0,-0.037037037037037035,-0.2077922077922078,-0.2642857142857143,-0.3028139957088628,-0.008382041123789916,1.0075177241047826,Specialty Industrial Machinery,Industrials,JBT
2012Q2,2012,Q2,2012-08-08,2012-06-30,7700000.0,214400000.0,14000000.0,0.26,54000000.0,0.251865671641791,621500000.0,86400000.0,385400000.0,224400000.0,535100000.0,124700000.0,103200000.0,394887000.0,499787000.0,2.9690721649484537,1.7174688057040999,0.28881737731295254,2.0775462962962963,0.03409392166412863,2.9690721649484537,0.08912037037037036,1.8418236940298507,12.821006493506493,4.5704513888888885,0.2597402597402597,1.2862870890136326,0.00506474003955562,0.3449718423169751,0.9750445632798574,0.012389380530973451,15.246602316602317,0.251865671641791,1.0,-0.06709842276852583,-0.14833256053469,0.0,0.07142857142857142,0.9743589743589743,0.7948717948717948,-0.24710383675204592,-0.11664442394332143,4.981488449093235,Specialty Industrial Machinery,Industrials,JBT
2012Q1,2012,Q1,2012-05-04,2012-03-31,3900000.0,204700000.0,7800000.0,0.13,50400000.0,0.24621397166585246,584000000.0,86800000.0,349900000.0,219700000.0,497200000.0,132200000.0,97500000.0,471420000.0,591620000.0,2.9828178694158076,1.59262630860264,0.23852739726027397,1.6048387096774193,0.022256780471101852,2.9828178694158076,0.044930875576036866,2.302979970688813,30.21923076923077,5.43110599078341,0.6153846153846154,1.1671709531013617,0.005091001654575538,0.350513698630137,0.7960855712335002,0.006678082191780822,44.057943925233644,0.24621397166585246,-0.47458333333333336,0.15173969072164945,-0.006955763952101786,0.0,-0.24096385542168675,-0.4583333333333333,-0.36065573770491804,-0.10108121699773695,0.1446450720836129,12.888042233178943,Specialty Industrial Machinery,Industrials,JBT
2011Q4,2011,Q4,2012-03-08,2011-12-31,7200000.0,271500000.0,12200000.0,0.24742268041237114,66400000.0,0.2445672191528545,592200000.0,79800000.0,359100000.0,239700000.0,512400000.0,122300000.0,95800000.0,447267000.0,573967000.0,2.7422680412371134,1.4981226533166458,0.22914555893279298,1.700501253132832,0.03915259015113733,2.7422680412371134,0.09022556390977443,1.6473922651933701,15.530104166666666,5.60484962406015,0.2777777777777778,1.6770237121831562,0.0044716019737651115,0.4584599797365755,0.8277012932832708,0.0121580547112462,-34.405153846153844,0.2445672191528545,-0.08361970217640323,-0.464242227453527,-0.11679117057330944,-0.6479347752846844,0.16083916083916083,-0.1111111111111111,-0.14685314685314685,-0.3263243850158211,0.09412437078231822,9.569587628865978,Specialty Industrial Machinery,Industrials,JBT
2011Q3,2011,Q3,2011-11-03,2011-09-30,8100000.0,230300000.0,14300000.0,0.27,57200000.0,0.24837168910117238,576400000.0,105600000.0,356300000.0,247600000.0,470800000.0,139900000.0,90700000.0,410688000.0,524888000.0,3.6666666666666665,1.4390145395799676,0.23299791811242193,1.271780303030303,0.0377207951229679,3.6666666666666665,0.07670454545454546,1.7832739904472428,12.675555555555555,3.889090909090909,0.24691358024691357,1.2373123659756968,0.004869876889512233,0.39954892435808465,0.722940226171244,0.014052741151977794,15.556363636363637,0.24837168910117238,-0.22857142857142848,-0.39099409448818895,-0.13661360860271343,0.0,-0.043478260869565216,-0.21359223300970873,-0.1781609195402299,-0.12109375000000001,-0.14300657097081487,3.711838006230529,Specialty Industrial Machinery,Industrials,JBT
2011Q2,2011,Q2,2011-08-04,2011-06-30,10300000.0,252500000.0,17400000.0,0.35,59800000.0,0.23683168316831682,598100000.0,111000000.0,368400000.0,240400000.0,487100000.0,128100000.0,84700000.0,556416000.0,693816000.0,3.8541666666666665,1.5324459234608985,0.24276876776458786,1.308108108108108,0.044988737898835014,3.8541666666666665,0.09279279279279279,2.203627722772277,13.505242718446603,5.012756756756757,0.1941747572815534,1.5042935206869632,0.0035944329422590293,0.42217020565122887,0.8265391014975042,0.01722120046814914,-40.32,0.23683168316831682,1.0588235294117645,0.2609063390313391,0.01346124655550886,0.0,0.16796875,1.1020408163265305,0.8709677419354839,-0.24066072596153842,-0.12543072935489707,-0.5227401497308211,Specialty Industrial Machinery,Industrials,JBT
2011Q1,2011,Q1,2011-05-10,2011-03-31,4900000.0,201500000.0,9300000.0,0.17,51200000.0,0.2540942928039702,571200000.0,99100000.0,340800000.0,238400000.0,472100000.0,128300000.0,76500000.0,551901000.0,672701000.0,3.4529616724738674,1.429530201342282,0.22899159663865545,1.3198789101917254,0.026081133673679632,3.4529616724738674,0.04944500504540868,2.7389627791563274,28.158214285714283,5.569132189707367,0.4897959183673469,1.171473109898675,0.004348605999989129,0.35276610644257705,0.7189597315436241,0.00857843137254902,34.4938125,0.2540942928039702,-0.6912025316455696,0.46722560975609767,-0.008855683306026377,0.0,-0.3024523160762943,-0.689873417721519,-0.6825938566552902,-0.6168723022010707,-0.2552331467083749,-0.5792171512564322,Specialty Industrial Machinery,Industrials,JBT
2010Q4,2010,Q4,2011-03-03,2010-12-31,15800000.0,286600000.0,29300000.0,0.5505226480836237,73400000.0,0.25610607117934403,582200000.0,93000000.0,356400000.0,242000000.0,489200000.0,106700000.0,73600000.0,577731000.0,709431000.0,3.240418118466899,1.4727272727272727,0.24974235657849536,1.5634408602150538,0.07634863738051657,3.240418118466899,0.16989247311827957,2.0158094905792043,9.14131329113924,6.21216129032258,0.12025316455696203,1.9981255857544518,0.0032887277989237206,0.4922706973548609,0.8528925619834711,0.027138440398488492,134.3560465116279,0.25610607117934403,0.7203832752613241,0.19207660018107506,-0.054675646338465,-0.5839799334367894,0.30604982206405695,0.6808510638297872,0.8662420382165605,0.19207660018107506,-0.054675646338465,-0.5839799334367894,Specialty Industrial Machinery,Industrials,JBT
2010Q3,2010,Q3,2010-11-04,2010-09-30,9400000.0,216500000.0,15700000.0,0.32,56200000.0,0.25958429561200924,570600000.0,82800000.0,354100000.0,249900000.0,487800000.0,131600000.0,59800000.0,455913000.0,587113000.0,2.9257950530035335,1.4169667867146858,0.2518401682439537,1.7355072463768115,0.04493567785643602,2.9257950530035335,0.11352657004830918,2.1058337182448037,12.125345744680851,5.506195652173913,0.2127659574468085,1.2180851063829787,0.004386801867900235,0.37942516649141256,0.7170868347338936,0.016473887136347704,-79.98473684210526,0.25958429561200924,0.14285714285714277,-0.280765699340586,-0.1740091925510647,0.0,0.03308823529411765,0.16049382716049382,0.06802721088435375,-0.280765699340586,-0.1740091925510647,0.0,Specialty Industrial Machinery,Industrials,JBT
2010Q2,2010,Q2,2010-08-05,2010-06-30,8100000.0,208300000.0,14700000.0,0.28,54400000.0,0.26116178588574174,511400000.0,61800000.0,300500000.0,219100000.0,449600000.0,117100000.0,52500000.0,430050000.0,551550000.0,2.1914893617021276,1.371519853947969,0.2543996871333594,2.105177993527508,0.050656423876683086,2.1914893617021276,0.13106796116504854,2.0645703312530004,13.273148148148147,6.95873786407767,0.24691358024691357,1.314261315115286,0.0046506220206952685,0.4073132577238952,0.6832496576905522,0.01583887368009386,82.70192307692308,0.26116178588574174,1.0,0.012684124386252157,-0.1461562310882157,0.0,0.15991471215351813,1.025,0.9864864864864865,0.012684124386252157,-0.1461562310882157,0.0,Specialty Industrial Machinery,Industrials,JBT
2010Q1,2010,Q1,2010-05-10,2010-03-31,4000000.0,169000000.0,7400000.0,0.14,46900000.0,0.2775147928994083,506800000.0,59900000.0,287200000.0,209200000.0,446900000.0,110700000.0,46500000.0,494628000.0,621928000.0,2.124113475177305,1.372848948374761,0.27032359905288084,2.287145242070117,0.024428643981716607,2.124113475177305,0.0667779632721202,2.926792899408284,30.914249999999996,8.257562604340567,0.55,1.102981029810298,0.004447787023783531,0.3334648776637727,0.6869024856596558,0.007892659826361484,-46.66301886792453,0.2775147928994083,-0.6310280373831775,0.21897163120567384,-0.15397862146300262,0.0,-0.22479338842975208,-0.6261682242990654,-0.5697674418604651,0.21897163120567384,-0.15397862146300262,0.0,Specialty Industrial Machinery,Industrials,JBT
2009Q4,2009,Q4,2010-03-04,2009-12-31,10700000.0,246000000.0,17200000.0,0.37943262411347517,60500000.0,0.2459349593495935,533100000.0,61800000.0,303400000.0,233600000.0,471300000.0,107000000.0,44700000.0,479682000.00000006,597082000.0,2.1914893617021276,1.2988013698630136,0.24723316450947289,2.132686084142395,0.061551342300005404,2.1914893617021276,0.17313915857605178,1.949926829268293,11.207523364485983,7.761844660194176,0.17757009345794392,1.733644859813084,0.003960957467655655,0.4614518851997749,0.7007705479452054,0.020071281185518663,30.74884615384616,0.2459349593495935,0.3083883590119834,-0.1783939241637348,-0.17420441644999454,-0.7186463237777381,0.12037037037037036,0.2891566265060241,0.25547445255474455,-0.1783939241637348,-0.17420441644999454,-0.7186463237777381,Specialty Industrial Machinery,Industrials,JBT
2009Q3,2009,Q3,2009-11-06,2009-09-30,8300000.0,196400000.0,13700000.0,0.29,54000000.0,0.27494908350305497,551300000.0,45600000.0,316100000.0,240600000.0,505700000.0,143400000.0,36000000.0,503309000.00000006,635609000.0,1.6462093862815885,1.3137988362427264,0.2630146925448939,3.1798245614035086,0.047918852745715286,1.6462093862815885,0.18201754385964913,2.5626731160896132,15.159909638554218,11.037478070175439,0.2289156626506024,0.99302649930265,0.003775016937904945,0.3562488663159804,0.5577722360764755,0.015055323780155994,838.8483333333335,0.27494908350305497,-0.14705882352941188,-0.35117541715227835,-0.23446427381828125,0.0,-0.0847457627118644,-0.14432989690721648,-0.1696969696969697,-0.35117541715227835,-0.23446427381828125,0.0,Specialty Industrial Machinery,Industrials,JBT
2009Q2,2009,Q2,2009-08-05,2009-06-30,9700000.0,230200000.0,16500000.0,0.34,59000000.0,0.2562988705473501,560800000.0,13700000.0,316400000.0,244500000.0,547100000.0,140700000.0,29700000.0,345552000.0,477452000.0,0.4963768115942029,1.2940695296523517,0.2656918687589158,10.875912408759124,0.06646705094769016,0.4963768115942029,0.708029197080292,1.501094700260643,8.905979381443299,25.222773722627736,0.20618556701030927,1.216773276474769,0.005787840903829236,0.41048502139800286,0.6057259713701432,0.017296718972895864,20.446863905325444,0.2562988705473501,1.2666666666666668,0.23908398364920108,-0.03587245889455433,0.0,0.2579957356076759,1.3658536585365855,1.037037037037037,0.23908398364920108,-0.03587245889455433,0.0,Specialty Industrial Machinery,Industrials,JBT
2009Q1,2009,Q1,2009-05-08,2009-03-31,4100000.0,169000000.0,8100000.0,0.15,46900000.0,0.2775147928994083,559200000.0,-6900000.0,327800000.0,249700000.0,566100000.0,148900000.0,22200000.0,287650000.0,430250000.0,-0.2509090909090909,1.3127753303964758,0.29506437768240346,-23.91304347826087,0.033880149354226605,-0.2509090909090909,-0.5942028985507246,1.7020710059171598,17.539634146341466,-41.68840579710145,0.4634146341463415,0.8200134318334452,0.0066052494350773506,0.30221745350500717,0.5855026031237485,0.007331902718168813,239.70833333333334,0.2775147928994083,-0.5915841584158416,0.2812499999999999,-0.13244353182751542,0.0,-0.22861842105263158,-0.594059405940594,-0.6086956521739131,0.2812499999999999,-0.13244353182751542,0.0,Specialty Industrial Machinery,Industrials,JBT
2008Q4,2008,Q4,2009-03-11,2008-12-31,10100000.0,234500000.0,20700000.0,0.36727272727272725,60800000.0,0.259275053304904,591300000.0,-8800000.0,357000000.0,264400000.0,600100000.0,123000000.0,20200000.0,224675000.0,366075000.0,-0.32,1.3502269288956128,0.3128699475731439,-21.022727272727273,0.0834514071000822,-0.32,-1.1477272727272727,0.9581023454157782,5.561262376237624,-25.53125,0.0,1.4121951219512194,0.0,0.3965837984102824,0.7662632375189108,0.017081007948587856,40.85,0.259275053304904,0.18475073313782986,-0.2047244094488189,-0.19277108433734944,-1.0410830999066294,-0.009771986970684038,0.14772727272727273,0.11290322580645161,-0.2047244094488189,-0.19277108433734944,-1.0410830999066294,Specialty Industrial Machinery,Industrials,JBT
2008Q3,2008,Q3,2008-11-14,2008-09-30,8800000.0,256600000.0,18600000.0,0.31,61400000.0,0.23928293063133282,586000000.0,21400000.0,366500000.0,341600000.0,564600000.0,141300000.0,12000000.0,348150000.0,457050000.0,0.7781818181818182,1.0728922716627636,0.23890784982935154,6.542056074766355,0.07741422855359119,0.7781818181818182,0.411214953271028,1.3567809820732657,9.890625,16.268691588785046,0.0,1.3814578910120312,0.0,0.4378839590443686,0.5670374707259953,0.015017064846416382,11.12300319488818,0.23928293063133282,-0.3404255319148936,-0.3070866141732283,0.007459756576364278,0.0,-0.0930576070901034,-0.3230769230769231,-0.08374384236453201,-0.3070866141732283,0.007459756576364278,0.0,Specialty Industrial Machinery,Industrials,JBT
2008Q2,2008,Q2,2008-08-14,2008-06-30,13000000.0,276700000.0,20300000.0,0.47,67700000.0,0.2446693169497651,578300000.0,222900000.0,368200000.0,295300000.0,355400000.0,162700000.0,0.0,372621789.0,366921789.0,8.075614708618126,1.2468675922790382,0.0,0.0,0.060714819799611186,8.075614708618126,0.05832211754149843,1.3466634947596674,7.165803634615385,1.6716993674293406,0.0,1.2845728334357713,0.0,0.47847138163582914,0.5716220792414494,0.022479681826041847,25.348421020408164,0.2446693169497651,0.081205429031516,0.6605309143636793,0.15881186381949589,0.0,0.09369951534733441,0.056910569105691054,0.18023255813953487,0.6605309143636793,0.15881186381949589,0.0,Specialty Industrial Machinery,Industrials,JBT
2008Q1,2008,Q1,2008-03-31,2008-03-31,12300000.0,260200000.0,17200000.0,0.4347,61900000.0,0.23789392774788623,597300000.0,226500000.0,392100000.0,314600000.0,370800000.0,168300000.0,0.0,372621789.0,360921789.0,8.206041864073601,1.2463445645263826,0.0,0.0,0.046972076193077084,8.206041864073601,0.054304635761589407,1.4320591429669485,7.573613597560976,1.645129311258278,0.0,1.17825311942959,0.0,0.43562698811317596,0.5969485060394152,0.02059266700150678,50.35429581081081,0.23789392774788623,-0.05872047244094489,2.8295994212512356,0.33081153157319093,0.0,-0.11697574893009986,-0.031496062992125984,-0.2773109243697479,2.8295994212512356,0.33081153157319093,0.0,Specialty Industrial Machinery,Industrials,JBT
2007Q4,2007,Q4,2007-12-31,2007-12-31,12700000.0,290500000.0,23800000.0,0.4618181818181818,70100000.0,0.24130808950086058,573900000.0,214200000.0,369800000.0,306200000.0,359700000.0,147200000.0,0.0,371250000.0,361750000.0,7.789090909090909,1.2077073807968648,0.0,0.0,0.0707070707070707,7.789090909090909,0.05929038281979458,1.2779690189328743,7.308070866141732,1.7331932773109244,0.0,1.497282608695652,0.0,0.5061857466457571,0.616263879817113,0.02212929081721554,30.43032786885246,0.24130808950086058,0.003952569169960379,0.0,0.0,0.0,0.09702660406885759,0.0,0.0967741935483871,0.0,0.0,0.0,Specialty Industrial Machinery,Industrials,JBT
2007Q3,2007,Q3,2007-09-30,2007-09-30,12700000.0,254700000.0,21700000.0,0.46,63900000.0,0.2508833922261484,,,,,,,,371250000.0,,,0.0,0.0,0.0,0.0,,0.0,1.4575971731448762,7.308070866141732,0.0,0.2677165354330709,0.0,0.009158249158249159,0.0,0.0,0.0,-35.357142857142854,0.2508833922261484,0.6217969510217322,0.0,0.0,0.0,0.16605839416058393,0.6282051282051282,0.8547008547008547,0.0,0.0,0.0,Specialty Industrial Machinery,Industrials,JBT
2007Q2,2007,Q2,2007-06-30,2007-06-30,7800000.0,237900000.0,11700000.0,0.283636,54800000.0,0.23034888608659101,,,,,,,,371250000.0,,,0.0,0.0,0.0,0.0,,0.0,1.560529634300126,11.899038461538462,0.0,0.0,0.0,0.0,0.0,0.0,0.0,64.00862068965517,0.23034888608659101,1.4374892578460694,0.0,0.0,0.0,0.13457556935817805,1.4375,0.56,0.0,0.0,0.0,Specialty Industrial Machinery,Industrials,JBT
2007Q1,2007,Q1,2007-03-31,2007-03-31,3200000.0,194800000.0,7500000.0,0.116364,48300000.0,0.24794661190965092,,,,,,,,371250000.0,,,0.0,0.0,0.0,0.0,,0.0,1.9058008213552362,29.00390625,0.0,0.0,0.0,0.0,0.0,0.0,0.0,116.015625,0.24794661190965092,0.0,0.0,0.0,0.0,0.0,0.0,0.0,0.0,0.0,0.0,Specialty Industrial Machinery,Industrials,JBT
