Quarters,Year,Quarter,FillingDate,Date,NetIncome,Revenue,OperatingIncome,EPSDiluted,GrossProfit,GrossProfitRatio,TotalAssets,CommonStockEquity,CurrentAssets,CurrentLiability,TotalLiability,Inventory,RetainedEarnings,MarketCap,EnterpriseValue,bookValuePerShare,currentRatio,debtToAssets,debtToEquity,roic,shareholdersEquityPerShare,roe,priceToSalesRatio,peRatio,pbRatio,payoutRatio,inventoryTurnover,dividendYield,assetTurnover,quickRatio,returnOnAssets,priceToFreeCashFlowsRatio,grossProfitMargin,epsdilutedGrowth,fiveYNetIncomeGrowthPerShare,fiveYRevenueGrowthPerShare,fiveYShareholdersEquityGrowthPerShare,grossProfitGrowth,netIncomeGrowth,operatingIncomeGrowth,threeYNetIncomeGrowthPerShare,threeYRevenueGrowthPerShare,threeYShareholdersEquityGrowthPerShare,Industry,Sector,Symbol
2023Q1,2023,Q1,2023-05-15,2023-03-31,-2654000.0,720000.0,-2492000.0,-1.68,-427000.0,-0.5930555556,8468000.0,4662000.0,4953000.0,2851000.0,3806000.0,491000.0,-56155000.0,2800755.96,1340755.96,2.946254553359944,1.7372851631006665,0.11277751535191309,0.20484770484770484,-0.40764370468549066,2.946254553359944,-0.5692835692835693,3.8899388333333333,-0.2638240354182366,0.6007627541827542,0.0,2.336048879837067,0.0,0.08502598016060463,1.47351806383725,-0.31341521020311763,-1.2108759014267185,-0.5930555555555556,-645.1538461538462,0.9774116556994705,0.0,-0.9566350755642703,-2.3774193548387097,0.09881154499151104,-0.3462992976769314,0.8848327526763209,0.5194786481861133,-0.8246234537075742,Software—Application,Technology,MYSZ
2022Q4,2022,Q4,2023-04-14,2022-12-31,-2945000.0,2528000.0,-1851000.0,-0.0026,310000.0,0.1226265823,9727000.0,4536000.0,6058000.0,4179000.0,5191000.0,997000.0,-53501000.0,3024403360.0,3023301360.0,0.004079455856708214,1.449629097870304,0.10260100750488331,0.22001763668430335,-0.3759855559393523,0.004079455856708214,-0.6492504409171076,1196.3620886075948,-256.7405229202038,666.7555908289241,0.0,2.2246740220661985,0.0,0.2598951372468387,1.0710696338837042,-0.3027654980980775,-2112.0135195530725,0.12262658227848101,0.99871921182266,0.999897380894691,0.0,1.0002586275859713,3.052980132450331,-0.417910447761194,0.06278481012658228,0.9997884065024817,-0.9928822677673522,-0.9996111475098184,Software—Application,Technology,MYSZ
2022Q3,2022,Q3,2022-11-14,2022-09-30,-2077000.0,726000.0,-1975000.0,-2.03,-151000.0,-0.2079889807,8191000.0,5534000.0,6718000.0,2135000.0,2657000.0,1059000.0,-51121000.0,5127815.0,1593815.0,5.396060505302941,3.1466042154566747,0.1008423879868148,0.14925912540657751,-0.2932246472897945,5.396060505302941,-0.3753162269606072,7.063106060606061,-0.6172141309581126,0.9266019154318756,0.0,0.8281397544853636,0.0,0.08863386643877426,2.5278688524590165,-0.25357099255280185,-2.8647011173184356,-0.20798898071625344,-0.1599999999999999,0.8820473463615398,0.0,1.5154882922962267,-1.468944099378882,-0.16685393258426967,-0.19552058111380144,0.8804514781239761,8.402143018030097,-0.7748627949384338,Software—Application,Technology,MYSZ
2022Q2,2022,Q2,2022-08-15,2022-06-30,-1780000.0,801000.0,-1652000.0,-1.75,322000.0,0.4019975031,10666000.0,7695000.0,9078000.0,2382000.0,2971000.0,1223000.0,-49095000.0,4863576.25,-733423.75,7.554857395316872,3.8110831234256928,0.08109881867616726,0.11241065627030539,-0.1872801151489676,7.554857395316872,-0.23131903833658218,6.071880461922596,-0.6830865519662922,0.632043697205978,0.0,0.39165985282093213,0.0,0.07509844365272829,3.1750629722921913,-0.1668854303393962,-3.253228260869565,0.4019975031210986,0.23580786026200876,0.937750002998252,0.0,1.776116947473384,1.1045751633986929,0.2162043152796125,0.2152019002375297,0.8980542848175136,11.533206224534878,-0.8030695562959698,Software—Application,Technology,MYSZ
2022Q1,2022,Q1,2022-05-12,2022-03-31,-2271000.0,404000.0,-2105000.0,-2.29,153000.0,0.3787128713,12278000.0,9298000.0,10540000.0,2249000.0,2980000.0,1096000.0,-47379000.0,8552032.5,1771032.5,9.377332230671481,4.686527345486883,0.08633327903567356,0.11400301140030114,-0.1977599079039511,9.377332230671481,-0.24424607442460744,21.168397277227722,-0.9414390686922061,0.9197711873521187,0.0,0.229014598540146,0.0,0.03290438182114351,4.064917741218319,-0.1849649780094478,-3.289243269230769,0.3787128712871287,0.5500982318271119,0.9232132354786052,0.0,-0.7288059271036933,2.558139534883721,0.16353591160220995,0.22467771639042358,0.8805959339390418,0.621781672953184,-0.814809901541289,Software—Application,Technology,MYSZ
2021Q4,2021,Q4,2022-03-18,2021-12-31,-2715000.0,43000.0,-2715000.0,-5.09,43000.0,1.0,12558000.0,10857000.0,11562000.0,1228000.0,1701000.0,0.0,-45191000.0,6736788.375,-3322211.625,20.346434735676254,9.415309446254073,0.048654244306418216,0.05627705627705628,-0.22477026243894363,20.346434735676254,-0.2500690798563139,156.66949709302327,-0.6203304212707182,0.6205018306161924,0.0,0.0,0.0,0.0034241121197642935,8.843648208469055,-0.21619684663162925,-2.0267113041516245,1.0,-0.525396345816733,-0.11116048706012403,0.0,-0.3764651623791281,0.3870967741935484,-0.3520916334661355,-0.34007897334649556,0.29680286904344705,0.0,-0.6940463486960748,Software—Application,Technology,MYSZ
2021Q3,2021,Q3,2021-11-15,2021-09-30,-2008000.0,31000.0,-2026000.0,-3.336837677603518,31000.0,1.0,4972000.0,3088000.0,3967000.0,1391000.0,1884000.0,0.0,-42476000.0,20610519.75,17694519.75,5.131554239431541,2.8519051042415526,0.1253016894609815,0.20174870466321243,-0.46746654360867557,5.131554239431541,-0.6502590673575129,664.8554758064516,-2.566050765687251,6.674391110751295,0.0,0.0,0.0,0.006234915526950925,2.657800143781452,-0.40386162510056317,-15.673399049429658,1.0,0.5897330704091239,0.7961716373273343,0.0,-0.7781593487401174,0.03333333333333333,0.5373271889400921,0.5302573614653373,0.8306484392573417,0.0,-0.9287767601498381,Software—Application,Technology,MYSZ
2021Q2,2021,Q2,2021-08-16,2021-06-30,-4340000.0,30000.0,-4313000.0,-8.133333293353814,30000.0,1.0,6357000.0,4945000.0,5330000.0,891000.0,1412000.0,0.0,-40468000.0,20543869.5,16370869.5,9.26711980914793,5.9820426487093155,0.1024067956583294,0.13164812942366028,-0.690411397470786,9.26711980914793,-0.8776541961577351,684.79565,-1.1834026209677417,4.154473104145602,0.0,0.0,0.0,0.004719207173194903,5.68013468013468,-0.6827119710555294,-14.601186567164179,1.0,-1.0468090899160019,0.9052920850228248,0.0,-0.529301776559485,0.1111111111111111,-1.9787234042553192,-1.8449868073878628,-1.4019887719375466,0.0,-0.8949668541089151,Software—Application,Technology,MYSZ
2021Q1,2021,Q1,2021-05-14,2021-03-31,-1457000.0,27000.0,-1516000.0,-3.9736648295262333,27000.0,1.0,7442000.0,6093000.0,6381000.0,820000.0,1349000.0,0.0,-36128000.0,10633256.0,5529256.0,16.617393581044226,7.78170731707317,0.08761085729642569,0.10700804201542755,-0.20494795187238068,16.617393581044226,-0.23912686689643853,393.82429629629627,-1.8245120109814688,1.7451593632036764,0.0,0.0,0.0,0.003628056973931739,7.45609756097561,-0.1957807041117979,-8.346354788069073,1.0,0.3330139820181325,-2.4619150301437083,0.0,1.4423758159511755,8.0,0.15290697674418605,0.11396843950905904,0.9464848480878831,0.0,-0.7554142033861379,Software—Application,Technology,MYSZ
2020Q4,2020,Q4,2021-03-29,2020-12-31,-1720000.0,3000.0,-1711000.0,-5.95764337241963,3000.0,1.0,3566000.0,2076000.0,2468000.0,911000.0,1490000.0,0.0,-34671000.0,10176851.25,9195851.25,7.190731023016574,2.709110867178924,0.0,0.0,-0.6145833333333334,7.190731023016574,-0.8285163776493256,3392.28375,-1.4791934956395347,4.902144147398844,0.0,0.0,0.0,0.0008412787436904094,2.025246981339188,-0.4823331463825014,-5.384577380952381,1.0,-0.027479091995221055,0.5701553354222275,0.0,1.1123795954025746,-0.9655172413793104,-0.027479091995221028,-0.04202192448233861,0.7691723266023246,0.0,1.4558748693880144,Software—Application,Technology,MYSZ
2020Q3,2020,Q3,2020-11-12,2020-09-30,-1674000.0,88000.0,-1642000.0,-5.798311049668873,87000.0,0.9886363636363636,4983000.0,3477000.0,3923000.0,934000.0,1506000.0,0.0,-32951000.0,7434153.75,4601153.75,12.043435340572557,4.200214132762313,0.0,0.0,-0.3939539347408829,12.043435340572557,-0.4814495254529767,84.47901988636363,-1.110238015232975,2.138094262295082,0.0,0.0,0.0,0.017660044150110375,3.9668094218415417,-0.33594220349187237,-6.326939361702127,0.9886363636363636,0.08102603746258467,0.8532927933730994,0.0,1.1872878023621332,3.142857142857143,-0.2837423312883436,-0.231807951987997,0.6622971609730903,0.0,2.150515252931404,Software—Application,Technology,MYSZ
2020Q2,2020,Q2,2020-08-13,2020-06-30,-1304000.0,21000.0,-1333000.0,-6.309548785973138,21000.0,1.0,6215000.0,4793000.0,5125000.0,824000.0,1422000.0,0.0,-31277000.0,5476781.5,1640781.5,23.19144921154879,6.219660194174757,0.0,0.0,-0.24209952778786778,23.19144921154879,-0.27206342582933446,260.79911904761906,-1.049996453220859,1.1426625286876695,0.0,0.0,0.0,0.0033789219629927593,5.885922330097087,-0.2098149637972647,-4.594615352348994,1.0,0.5667593085419247,0.7114637243391687,0.0,2.5863805886968474,-0.27586206896551724,0.10623714873200822,0.08698630136986302,0.7752499814807594,0.0,3.382477368892325,Software—Application,Technology,MYSZ
2020Q1,2020,Q1,2020-05-14,2020-03-31,-1459000.0,30000.0,-1460000.0,-14.563610737343934,29000.0,0.9666666666666667,3070000.0,1683000.0,1970000.0,777000.0,1387000.0,0.0,-29973000.0,4069853.125,3370853.125,16.799592737145765,2.5353925353925355,0.0,0.0,-0.607826810990841,16.799592737145765,-0.8669043374925728,135.66177083333332,-0.697370309287183,2.418213383838384,0.0,0.0,0.0,0.009771986970684038,2.184041184041184,-0.4752442996742671,-2.7818544941900205,0.9666666666666667,-0.16347687400318983,-0.6338883489016748,0.0,2.430224843034108,1.4166666666666667,-0.1634768740031898,0.0670926517571885,0.5117419608242224,0.0,-0.5141528672212207,Software—Application,Technology,MYSZ
2019Q4,2019,Q4,2020-03-19,2019-12-31,-1254000.0,32000.0,-1565000.0,-12.517318618662983,12000.0,0.375,2958000.0,1051000.0,1825000.0,1248000.0,1907000.0,0.0,-28514000.0,8304754.4475,7862754.4475,10.491011269602021,1.4623397435897436,0.0,0.0,-0.8636865342163356,10.491011269602021,-1.1931493815413892,259.523576484375,-1.6556528005382773,7.901764460038058,0.0,0.0,0.0,0.010818120351588911,1.0368589743589745,-0.4239350912778905,-5.116915864140481,0.375,0.2611065762172276,-1.0446830436909196,0.0,-0.10372086356331017,1.0,0.07111111111111111,0.021263289555972485,-1.7336357641267437,0.0,-0.6784935005345244,Software—Application,Technology,MYSZ
2019Q3,2019,Q3,2019-11-14,2019-09-30,-1350000.0,6000.0,-1599000.0,-16.940627992844277,6000.0,1.0,3434000.0,1910000.0,3254000.0,1511000.0,1524000.0,0.0,-27260000.0,14338223.25,11807223.25,23.96787551763082,2.1535407015221706,0.0,0.0,-0.8242268041237113,23.96787551763082,-0.7068062827225131,2389.703875,-2.655226527777778,7.506923167539267,0.0,0.0,0.0,0.0017472335468841002,1.9801455989410985,-0.3931275480489225,-8.616720703125,1.0,0.01175866874891205,-0.8909773630658523,0.0,-0.002811870022310448,0.2,0.01171303074670571,-0.023032629558541268,-0.034806664498966765,0.0,0.03614789322309182,Software—Application,Technology,MYSZ
2019Q2,2019,Q2,2019-08-08,2019-06-30,-1366000.0,5000.0,-1563000.0,-17.14219741386234,5000.0,1.0,4783000.0,3057000.0,4513000.0,1692000.0,1726000.0,0.0,-25910000.0,19799978.849999998,15744978.849999998,38.36307506964837,2.66725768321513,0.0,0.0,-0.4980879541108987,38.36307506964837,-0.44684331043506703,3959.9957699999995,-3.6237150164714493,6.476931256133464,0.0,0.0,0.0,0.0010453690152623877,2.5041371158392436,-0.2855948149696843,-16.045363735818476,1.0,0.10632953804979693,-5.504717379350314,0.0,6.124079210902793,-0.7368421052631579,0.1054354944335298,-0.2375296912114014,0.8003879584368933,0.0,0.9485483788796399,Software—Application,Technology,MYSZ
2019Q1,2019,Q1,2019-05-13,2019-03-31,-1527000.0,20000.0,-1263000.0,-19.181788079303818,19000.0,0.95,5938000.0,4031000.0,5734000.0,1877000.0,1907000.0,0.0,-24544000.0,23132799.112499997,17955799.112499997,50.63625058097906,3.054874800213106,0.0,0.0,-0.3057371096586783,50.63625058097906,-0.3788141900272885,1156.6399556249999,-3.7872952050589386,5.738724661994542,0.0,0.0,0.0,0.003368137420006736,2.908897176345232,-0.2571572920175143,-19.197343661825723,0.95,-1.6510416666666665,-74.89392699327756,0.0,141.88130161641283,0.0,-1.6510416666666667,0.0015810276679841897,-8.056975839758762,0.0,2.3480003683021136,Software—Application,Technology,MYSZ
2018Q4,2018,Q4,2019-03-27,2018-12-31,-576000.0,0.0,-1265000.0,-7.235566426770792,0.0,0.0,7117000.0,5294000.0,6838000.0,1823000.0,1823000.0,0.0,-23017000.0,22998462.299999997,17858462.299999997,66.50168954991395,3.750959956116292,0.0,0.0,-0.23894975443898753,66.50168954991395,-0.10880241783150736,0.0,-9.981971484375,4.344250528900642,0.0,0.0,0.0,0.0,3.530992868897422,-0.08093297737810876,-28.21897214723926,0.0,0.6327780853164254,-11.662203072594119,0.0,6.2304699645999735,0.0,0.6310057655349135,-0.16913123844731978,0.4779541778137042,0.0,2.039314770818919,Software—Application,Technology,MYSZ
2018Q3,2018,Q3,2018-11-19,2018-09-30,-1561000.0,0.0,-1082000.0,-19.70352568148197,0.0,0.0,8438000.0,5708000.0,7949000.0,2730000.0,2730000.0,0.0,-22441000.0,33274080.0,27791080.0,72.04887407856205,2.9117216117216116,0.0,0.0,-0.18955851436580237,72.04887407856205,-0.27347582340574633,0.0,-5.328968609865471,5.82937631394534,0.0,0.0,0.0,0.0,2.0384615384615383,-0.18499644465513154,-31.27263157894737,0.0,-1.9915522508634473,-22.41127267831297,0.0,7.348089986381413,0.0,-1.9811439346323068,-0.1377497371188223,0.501464101099125,0.0,2.1204340711143335,Software—Application,Technology,MYSZ
2018Q2,2018,Q2,2018-08-13,2018-06-30,1591000.0,0.0,-951000.0,19.871394234972556,0.0,0.0,9414000.0,6938000.0,8853000.0,2476000.0,2476000.0,0.0,-20880000.0,26878425.9375,18088425.9375,88.23043174159089,3.5755250403877223,0.0,0.0,-0.1370712020755261,88.23043174159089,0.22931680599596427,0.0,4.223511303818353,3.8740884891179017,0.0,0.0,0.0,0.0,3.5755250403877223,0.16900361164223496,-47.57243528761062,0.0,1.2676181026272122,14.191733960704521,0.0,9.33713644862569,0.0,1.2933800479439426,0.4933404368673415,1.9252448143936316,0.0,7.035286668394217,Software—Application,Technology,MYSZ
2018Q1,2018,Q1,2018-05-11,2018-03-31,-5423000.0,0.0,-1877000.0,-74.25280293034997,0.0,0.0,9905000.0,4962000.0,9564000.0,4943000.0,4943000.0,0.0,-22471000.0,38342850.0,28947850.0,67.94095900539475,1.9348573740643333,0.0,0.0,-0.3782748891575977,67.94095900539475,-1.0929060862555422,0.0,-1.7676032638760835,7.7272974607013305,0.0,0.0,0.0,0.0,1.920898239935262,-0.5475012619888945,-32.13985750209556,0.0,-1.8769230769230774,-19.295960785387628,0.0,7.539317304269245,0.0,-1.876923076923077,0.19059939629150496,-7.330421259464583,0.0,12.872524714516524,Software—Application,Technology,MYSZ
2017Q4,2017,Q4,2018-03-21,2017-12-31,-1885000.0,0.0,-2319000.0,-25.809797810014693,0.0,0.0,2418000.0,-1152000.0,2253000.0,3570000.0,3570000.0,0.0,-17048000.0,17744523.225,16500523.225000001,-15.77347536763699,0.6310924369747899,0.23076923076923078,-0.484375,3.904040404040404,-15.77347536763699,1.6362847222222223,0.0,-2.353385043103448,-15.403231966145833,0.0,0.0,0.0,0.0,0.596078431372549,-0.7795698924731183,-13.114946951219514,0.0,-0.5032176341854084,-6.972390332660892,0.0,0.056983623182132605,0.0,-1.335811648079306,-1.8143203883495145,-3.215995016019936,0.0,-2.3475761790547947,Software—Application,Technology,MYSZ
2017Q3,2017,Q3,2017-11-13,2017-09-30,-807000.0,0.0,-824000.0,-17.169701328045548,0.0,0.0,700000.0,-492000.0,387000.0,1192000.0,1192000.0,0.0,-15163000.0,12707895.375,12693895.375,-10.467862385906683,0.32466442953020136,0.0,0.0,1.6747967479674797,-10.467862385906683,1.6402439024390243,0.0,-3.9367705622676583,-25.8290556402439,0.0,0.0,0.0,0.0,0.26677852348993286,-1.1528571428571428,-24.067983664772726,0.0,0.3884063802755161,-6.891968703913354,0.0,0.11363035381673288,0.0,0.3877086494688923,0.40333091962346124,-0.9165617871426411,0.0,-1.4355174537596187,Software—Application,Technology,MYSZ
2017Q2,2017,Q2,2017-08-18,2017-06-30,-1318000.0,0.0,-1381000.0,-28.073709035389065,0.0,0.0,799000.0,-457000.0,417000.0,1256000.0,1256000.0,0.0,-14356000.0,20799137.7,20671137.7,-9.734173979722247,0.3320063694267516,0.0,0.0,3.0218818380743984,-9.734173979722247,2.8840262582056893,0.0,-3.9452082132018207,-45.512336323851194,0.0,0.0,0.0,0.0,0.2770700636942675,-1.6495619524405507,-22.1975855923159,0.0,0.058815411485960624,-3.9596716935048715,0.0,0.3617593143192424,0.0,0.054519368723098996,-0.2716390423572744,-9.652660196581131,0.0,-0.300174150123541,Software—Application,Technology,MYSZ
2017Q1,2017,Q1,2017-05-16,2017-03-31,-1394000.0,0.0,-1086000.0,-29.828058574261597,0.0,0.0,2481000.0,1616000.0,2044000.0,865000.0,865000.0,0.0,-13038000.0,46092393.75,45733393.75,34.57793944581149,2.3630057803468207,0.0,0.0,-0.6720297029702971,34.57793944581149,-0.8626237623762376,0.0,-8.266211217718794,28.52252088490099,0.0,0.0,0.0,0.0,2.2867052023121386,-0.561870213623539,-45.41122536945813,0.0,-5.5140186915887845,-3.773481526386811,0.0,4.030902587926102,0.0,-5.514018691588785,-0.4938101788170564,-115.90567932121371,0.0,97.20351152479107,Software—Application,Technology,MYSZ
2016Q4,2016,Q4,2017-04-14,2016-12-31,-214000.0,0.0,-727000.0,-4.579056337799126,0.0,0.0,2150000.0,1525000.0,1497000.0,625000.0,625000.0,0.0,-11644000.0,95514656.25,95480656.25,32.63079062800899,2.3952,0.0,0.0,-0.47672131147540986,32.63079062800899,-0.14032786885245901,0.0,-111.58254234813084,62.63256147540984,0.0,0.0,0.0,0.0,2.2656,-0.09953488372093024,-229.6025390625,0.0,0.7202907469776513,-1.8805757058206798,0.0,5.9484998651443695,0.0,0.7044198895027625,-0.19966996699669967,-7.013266288648765,0.0,3.5664666786074486,Software—Application,Technology,MYSZ
2016Q3,2016,Q3,2016-11-21,2016-09-30,-724000.0,0.0,-606000.0,-16.37077175074098,0.0,0.0,1457000.0,1023000.0,692000.0,434000.0,434000.0,0.0,-11430000.0,87067968.75,86934968.75,23.131712832108537,1.5944700460829493,0.0,0.0,-0.592375366568915,23.131712832108537,-0.70772238514174,0.0,-30.06490633632597,85.1104288856305,0.0,0.0,0.0,0.0,1.4470046082949308,-0.4969114619080302,-125.82076408959537,0.0,0.8093719557587283,-1.316084658421458,0.0,-0.5291320933814238,0.0,0.7935557456515541,0.192,-18.789636329376293,0.0,3.0380914549371307,Software—Application,Technology,MYSZ
2016Q2,2016,Q2,2016-08-15,2016-06-30,-3507000.0,0.0,-750000.0,-85.87808690950551,0.0,0.0,1884000.0,804000.0,291000.0,1080000.0,1080000.0,0.0,-10706000.0,91883250.0,91795250.0,19.688028013811003,0.26944444444444443,0.0,0.0,-0.9328358208955224,19.688028013811003,-4.361940298507463,0.0,-6.549989307100086,114.28264925373135,0.0,0.0,0.0,0.0,0.2111111111111111,-1.8614649681528663,-154.42563025210083,0.0,-32.96363826536787,-12.29181066479129,0.0,-0.6793132468829981,0.0,-32.5945945945946,-0.49105367793240556,-54.99245782011411,0.0,2.8603759804354745,Software—Application,Technology,MYSZ
2016Q1,2016,Q1,2016-05-23,2016-03-31,111000.0,0.0,-503000.0,2.686743173493899,0.0,0.0,2706000.0,-1534000.0,2634000.0,4240000.0,4240000.0,0.0,-7199000.0,91883250.0,95408250.0,-37.563973847246366,0.6212264150943396,0.0,0.0,0.32790091264667537,-37.563973847246366,-0.07235984354628422,0.0,206.94425675675677,-59.89781616688397,0.0,0.0,0.0,0.0,0.372877358490566,0.041019955654102,-186.7545731707317,0.0,1.193848804781349,1.4502495673876872,0.0,-29.961823836226948,0.0,1.196113074204947,0.08545454545454545,-0.3302544261331635,0.0,-2.615532482797463,Software—Application,Technology,MYSZ
2015Q4,2015,Q4,2016-03-04,2015-12-31,-566000.0,0.0,-550000.0,-13.859993496087858,0.0,0.0,3738000.0,-2613000.0,3677000.0,6351000.0,6351000.0,0.0,-7310000.0,91883250.0,94444250.0,-63.98609104488577,0.5789639426861911,0.0,0.0,0.21048603138155378,-63.98609104488577,0.21660926138538078,0.0,-40.58447438162544,-35.16389207807118,0.0,0.0,0.0,0.0,0.44355219650448746,-0.1514178705189941,-166.45516304347825,0.0,0.6493184634448574,0.2647217074460043,0.0,0.21817311892857477,0.0,0.6493184634448576,-0.15546218487394958,-3.2811937975637564,0.0,-2.8254050130060735,Software—Application,Technology,MYSZ
2015Q3,2015,Q3,2015-11-16,2015-09-30,-1614000.0,0.0,-476000.0,-39.523020322766435,0.0,0.0,4087000.0,-2626000.0,4048000.0,6713000.0,6713000.0,0.0,-6744000.0,91883250.0,93304250.0,-64.3044298063031,0.6030090868464174,0.0,0.0,0.18126428027418126,-64.3044298063031,0.6146230007616146,0.0,-14.232225836431226,-34.98981340441737,0.0,0.0,0.0,0.0,0.4491285565321019,-0.39491069243944216,-284.46826625386996,0.0,-0.807390817469205,-190.08411174739993,0.0,-41.69997085031042,0.0,-0.8073908174692049,0.0967741935483871,-14.562623162946915,0.0,-4.44499847191034,Software—Application,Technology,MYSZ
2015Q2,2015,Q2,2015-08-20,2015-06-30,-893000.0,0.0,-527000.0,-21.867445568916,0.0,0.0,656000.0,-597000.0,620000.0,1253000.0,1253000.0,0.0,-5130000.0,91883250.0,91758250.0,-14.619095428165634,0.4948124501197127,0.0,0.0,0.8827470686767169,-14.619095428165634,1.4958123953098827,0.0,-25.723194288913774,-153.90829145728642,0.0,0.0,0.0,0.0,0.4948124501197127,-1.361280487804878,-239.90404699738903,0.0,-1.453296703296703,-61.19043362870039,0.0,-10.11817249338491,0.0,-1.4532967032967032,-0.5409356725146199,-2.863244933108047,0.0,0.041469619349139855,Software—Application,Technology,MYSZ
2015Q1,2015,Q1,2015-03-31,2015-03-31,-364000.0,0.0,-342000.0,-8.913494050487598,0.0,0.0,510000.0,200000.0,480000.0,310000.0,310000.0,0.0,-8120000.0,91883250.0,91543250.0,4.897519406420648,1.5483870967741935,0.13725490196078433,0.35,-1.2666666666666666,4.897519406420648,-1.82,0.0,-63.10662774725275,459.41625,0.0,0.0,0.0,0.0,1.5483870967741935,-0.7137254901960784,-402.9967105263158,0.0,-0.4560000000000001,-22.234549905864206,0.0,6.092113675964343,0.0,-0.456,-0.47413793103448276,-0.42646878636606284,0.0,1.4292882826809603,Software—Application,Technology,MYSZ
2014Q4,2014,Q4,2014-12-31,2014-12-31,-250000.0,0.0,-232000.0,-6.1219052544557675,0.0,0.0,779000.0,478000.0,755000.0,301000.0,301000.0,0.0,-3873000.0,91883250.0,91308250.0,11.705071381345348,2.5083056478405314,0.0,0.0,-0.48535564853556484,11.705071381345348,-0.5230125523012552,0.0,-91.88325,192.22437238493725,0.0,0.0,0.0,0.0,2.142857142857143,-0.3209242618741977,-670.6806569343066,0.0,0.31664435238600624,-98.88285442085,0.0,21.211144763510617,0.0,0.1289198606271777,0.056910569105691054,-2.177284298356238,0.0,2.775088590785607,Software—Application,Technology,MYSZ
2014Q3,2014,Q3,2014-09-30,2014-09-30,-287000.0,0.0,-246000.0,-8.958593194965209,0.0,0.0,1020000.0,770000.0,1020000.0,250000.0,250000.0,0.0,-8290000.0,72081000.0,71181000.0,24.035460107379198,4.08,0.06862745098039216,0.09090909090909091,-0.29285714285714287,24.035460107379198,-0.37272727272727274,0.0,-62.7883275261324,93.61168831168831,0.0,0.0,0.0,0.0,4.08,-0.28137254901960784,-205.35897435897436,0.0,-2.3993707645320757,-150.59557815166272,0.0,37.61393942879527,0.0,-2.2613636363636362,-1.5360824742268042,-0.2674397308450877,0.0,-0.5107354622842121,Software—Application,Technology,MYSZ
2014Q2,2014,Q2,2014-06-30,2014-06-30,-88000.0,0.0,-97000.0,-2.6353680770677457,0.0,0.0,50000.0,-250000.0,50000.0,300000.0,300000.0,0.0,-8620000.0,75132000.0,75272000.0,-7.486823191183517,0.16666666666666666,2.8,-0.56,0.8818181818181818,-7.486823191183517,0.352,0.0,-213.4431818181818,-300.52799999999996,0.0,0.0,0.0,0.0,0.13333333333333333,-1.76,-1252.1999999999994,0.0,-11.152248715350208,-6.613120280631339,0.0,-2.288797399873403,0.0,-1.676923076923077,0.11818181818181818,0.5921105702006282,0.0,-1.121948476437431,Software—Application,Technology,MYSZ
2014Q1,2014,Q1,2014-03-31,2014-03-31,130000.0,0.0,-110000.0,0.2595846645367412,0.0,0.0,50000.0,-180000.0,50000.0,230000.0,230000.0,0.0,-8430000.0,1126800000.0,1126870000.0,-0.35942492012779553,0.21739130434782608,1.6,-0.4444444444444444,1.1,-0.35942492012779553,-0.7222222222222222,0.0,2166.9230769230767,-6260.0,0.0,0.0,0.0,0.0,0.21739130434782608,2.6,-5365.714285714285,0.0,1.454273162939297,1.448941632288542,0.0,0.8612676172669184,0.0,4.25,-2.6666666666666665,1.042999478417297,0.0,-1.2771166134185303,Software—Application,Technology,MYSZ
2013Q4,2013,Q4,2013-12-31,2013-12-31,-40000.0,0.0,-30000.0,-0.5714285714285714,0.0,0.0,30000.0,-890000.0,30000.0,920000.0,920000.0,0.0,-8850000.0,157500000.0,157620000.0,-12.714285714285714,0.03260869565217391,4.0,-0.1348314606741573,0.03896103896103896,-12.714285714285714,0.0449438202247191,0.0,-984.375,-176.96629213483146,0.0,0.0,0.0,0.0,0.03260869565217391,-1.3333333333333333,-1575.0000000000002,0.0,-1.620952380952381,-1.6099779114662836,0.0,-26.092930453486286,0.0,-1.6666666666666667,-1.4285714285714286,0.9696854521625163,0.0,0.8446479510980304,Software—Application,Technology,MYSZ
2013Q3,2013,Q3,2013-09-30,2013-09-30,60000.0,0.0,70000.0,0.9202453987730062,0.0,0.0,20000.0,-740000.0,20000.0,760000.0,760000.0,0.0,-8530000.0,146700000.0,146770000.0,-11.349693251533742,0.02631578947368421,3.5,-0.0945945945945946,-0.1044776119402985,-11.349693251533742,-0.08108108108108109,0.0,611.25,-198.24324324324326,0.0,0.0,0.0,0.0,0.02631578947368421,3.0,0.0,0.0,1.6,1.020418170516276,0.0,-0.3378825218639863,0.0,1.6,1.7777777777777777,5.449165205959685,0.0,-6.536519217420262,Software—Application,Technology,MYSZ
2013Q2,2013,Q2,2013-06-30,2013-06-30,-100000.0,0.0,-90000.0,-1.5337423312883436,0.0,0.0,20000.0,-690000.0,20000.0,710000.0,710000.0,0.0,-7820000.0,146700000.0,146760000.0,-10.582822085889571,0.028169014084507043,3.0,-0.08695652173913043,0.14285714285714285,-10.582822085889571,0.14492753623188406,0.0,-366.75,-212.6086956521739,0.0,0.0,0.0,0.0,0.014084507042253521,-5.0,14670.000000000007,0.0,-1.377914110429448,-1.0015730690577316,0.0,0.9949303846295141,0.0,-1.4,0.18181818181818182,-3.3619266725094947,0.0,-7.048489866960778,Software—Application,Technology,MYSZ
2013Q1,2013,Q1,2013-03-31,2013-03-31,250000.0,0.0,-110000.0,4.058441558441558,0.0,0.0,40000.0,-640000.0,40000.0,680000.0,680000.0,0.0,-7750000.0,138600000.0,138660000.0,-10.38961038961039,0.058823529411764705,1.5,-0.09375,0.1896551724137931,-10.38961038961039,-0.390625,0.0,138.60000000000002,-216.5625,0.0,0.0,0.0,0.0,0.058823529411764705,6.25,-1155.0,0.0,2.2536075036075034,-0.9819624819624819,0.0,0.9968154450913072,0.0,2.388888888888889,0.3888888888888889,11.579033851257856,0.0,-9.802423178460044,Software—Application,Technology,MYSZ
2012Q4,2012,Q4,2012-12-31,2012-12-31,-180000.0,0.0,-180000.0,-3.237410071942446,0.0,0.0,100000.0,-930000.0,60000.0,960000.0,1030000.0,0.0,-7870000.0,125100000.0,125240000.0,-16.72661870503597,0.0625,1.5,-0.16129032258064516,0.2579185520361991,-16.72661870503597,0.1935483870967742,0.0,-173.75,-134.51612903225808,0.0,0.0,0.0,0.0,0.020833333333333332,-1.8,-735.8823529411764,0.0,-2.1109428246876183,-1.0012821426027496,0.0,0.9951692075942135,0.0,-1.9473684210526316,0.0,-52.76284767461621,0.0,-27.88184967332257,Software—Application,Technology,MYSZ
2012Q3,2012,Q3,2012-09-30,2012-09-30,190000.0,0.0,-180000.0,2.914110429447853,0.0,0.0,160000.0,-770000.0,110000.0,860000.0,930000.0,0.0,-7350000.0,146700000.0,146800000.0,-11.809815950920246,0.12790697674418605,1.0,-0.2077922077922078,-0.35040983606557374,-11.809815950920246,-0.24675324675324675,0.0,193.02631578947367,-190.5194805194805,0.0,0.0,0.0,0.0,0.12790697674418605,1.1875,-2934.0000000000005,0.0,1.5148261758691206,1.0006457862447529,0.0,0.9980316973415133,0.0,1.5277777777777777,0.45454545454545453,50.311581032719836,0.0,-16.99024790706879,Software—Application,Technology,MYSZ
2012Q2,2012,Q2,2012-06-30,2012-06-30,-360000.0,0.0,-330000.0,-5.660377358490566,0.0,0.0,120000.0,-970000.0,70000.0,1010000.0,1090000.0,0.0,-7540000.0,143100000.0,143150000.0,-15.251572327044025,0.06930693069306931,0.5,-0.061855670103092786,0.3626373626373626,-15.251572327044025,0.3711340206185567,0.0,-99.375,-147.5257731958763,0.0,0.0,0.0,0.0,0.06930693069306931,-3.0,-1589.9999999999998,0.0,0.09414557236490129,-1.0058055152394776,0.0,0.9926938575678831,0.0,0.06413855843247739,0.1688810169501198,-15.351885446666488,0.0,-5.699681578193427,Software—Application,Technology,MYSZ
2012Q1,2012,Q1,2012-05-17,2012-03-31,-384672.328627,0.0,-397055.062789,-6.248661137825459,0.0,0.0,171473.94915,-702316.378858,113059.746692,823990.201489,873790.328008,0.0,-3119372.249216,138512250.0,138488022.911423,-11.40846280693946,0.13721006207075548,0.0,0.0,0.5653507090844592,-11.40846280693946,0.5477194327327174,0.0,-90.01963469427854,-197.22201299822672,0.0,0.0,0.0,0.0,0.13721006207075548,-2.2433281004714063,-545.6545407334712,0.0,-2.201656814919468,-1.0277717190087519,0.0,0.996503153162624,0.0,-2.201656814919468,-3.054843520202615,-9.806775505159727,0.0,-3.4034877380391584,Software—Application,Technology,MYSZ
2011Q4,2011,Q4,2012-03-30,2011-12-31,320118.293219,0.0,193228.856059,5.200038031028207,0.0,0.0,411192.853389,-405937.992643,352075.669995,770625.328429,817130.846033,0.0,-2669206.516027,138512250.0,138268161.718339,-6.594077299637758,0.4568700988750823,0.0,0.0,,-6.594077299637758,-0.788589141742459,0.0,108.17270750694081,-341.215290291426,0.0,0.0,0.0,0.0,0.4568700988750823,0.7785113252349235,-314.59240688771195,0.0,1.7356717372868982,-0.9979405870264139,0.0,0.9980955733430649,0.0,2.4583530166874623,2.278437616634518,4.550817950647078,0.0,-13.051349930202123,Software—Application,Technology,MYSZ
2011Q3,2011,Q3,2011-11-21,2011-09-30,-219506.724062,0.0,-151144.532627,-7.068421644421946,0.0,0.0,2554235.78547,1525598.436215,36584.45401,1028637.349256,1028637.349256,0.0,-49844582.830408,69873750.0,70002196.148752,49.125694291257446,0.03556593977115556,0.0502875065343135,0.0841939436374057,,49.125694291257446,-0.14388237353375558,0.0,-79.58042093993447,45.800879406612616,0.0,0.0,0.0,0.0,0.03556593977115556,-0.08593831677979133,16760.89750246355,0.0,-0.09400298085999964,0.9984336129648488,0.0,1.0081876157152097,0.0,-0.09400298085999957,0.2782268863495878,0.8431698829854924,0.0,6.790853224850379,Software—Application,Technology,MYSZ
2011Q2,2011,Q2,2011-08-22,2011-06-30,-200645.453351,0.0,-209407.263541,-6.46106250904859,0.0,0.0,2797645.9936619997,1906569.897341,11974.473926,891076.096322,891076.096322,0.0,-54274741.161524,69873750.0,69907336.939062,61.393331100982124,0.01343821697768099,0.012840588787996642,0.018841911764735528,,61.393331100982124,-0.1052389705884009,0.0,-87.06121772638184,36.648931726788256,0.0,0.0,0.0,0.0,0.013438216977680986,-0.0717193861573471,437.54394438113945,0.0,-0.07026815751345457,-1.0066266368882668,0.0,1.0294099789705304,0.0,-0.43693739077463206,-0.41299871096512547,-1.0066266368882668,0.0,1.0294099789705304,Software—Application,Technology,MYSZ
2011Q1,2011,Q1,2011-03-31,2011-03-31,-139634.095848,0.0,-148200.604796,-6.0368632512243705,0.0,0.0,190000.0,30000.0,110000.0,70000.0,160000.0,0.0,-2390000.0,52042500.0,52012500.0,1.297016861219196,1.5714285714285714,0.0,0.0,-4.940020159866667,1.297016861219196,-4.6544698616,0.0,-93.17656207809615,1734.75,0.0,0.0,0.0,0.0,1.5714285714285714,-0.7349162939368421,-223.07632242981478,0.0,0.6797383122752293,-1.0268307817356968,0.0,1.0003975530609102,0.0,0.6797383122752293,0.7122318353475728,-1.0268307817356968,0.0,1.0003975530609102,Software—Application,Technology,MYSZ
2010Q4,2010,Q4,2011-04-14,2010-12-31,-436000.0,0.0,-515000.0,-18.849782795163385,0.0,0.0,82000.0,-1893000.0,82000.0,1975000.0,1975000.0,0.0,-184432000.0,52042500.0,52009500.0,-81.84176394293125,0.04151898734177215,0.0,0.0,,-81.84176394293125,0.23032223983095615,0.0,-29.840883027522935,-27.49207606973059,0.0,0.0,0.0,0.0,0.035443037974683546,-5.317073170731708,-110.25953389830508,0.0,-90.13417407152672,-1.0074653379734861,0.0,0.9763633894749657,0.0,-0.0380952380952381,0.013409961685823755,-1.0074653379734861,0.0,0.9763633894749657,Software—Application,Technology,MYSZ
2010Q3,2010,Q3,2010-11-15,2010-09-30,-420000.0,0.0,-522000.0,-0.2068355036648395,0.0,0.0,114000.0,-3058000.0,109000.0,3172000.0,3172000.0,0.0,-183996000.0,4568847750.0,4569891750.0,-1.5059595715352958,0.034363177805800754,9.666666666666666,-0.3603662524525834,,-1.5059595715352958,0.13734466971877043,0.0,-2719.552232142857,-1494.0640124264226,0.0,0.0,0.0,0.0,0.03215636822194199,-3.6842105263157894,-71388.24609375,0.0,0.4117647058823529,0.9999541638736925,0.0,0.9997490067380774,0.0,0.4117647058823529,0.22321428571428573,0.9999541638736925,0.0,0.9997490067380774,Software—Application,Technology,MYSZ
2010Q2,2010,Q2,2010-08-13,2010-06-30,-714000.0,0.0,-672000.0,-0.35162035623022714,0.0,0.0,264000.0,-2670000.0,257000.0,2934000.0,2934000.0,0.0,-183608000.0,4568847750.0,4569827750.0,-1.3148829483319946,0.08759372869802318,4.170454545454546,-0.41235955056179774,,-1.3148829483319946,0.26741573033707866,0.0,-1599.736607142857,-1711.1789325842697,0.0,0.0,0.0,0.0,0.08520790729379686,-2.7045454545454546,-4729.656055900621,0.0,0.08344030808729147,-1.0003606362912163,0.0,0.9993701159528948,0.0,0.0834403080872914,0.16313823163138233,-1.0003606362912163,0.0,0.9993701159528948,Software—Application,Technology,MYSZ
2010Q1,2010,Q1,2010-05-24,2010-03-31,-779000.0,0.0,-803000.0,-0.38363061274978566,0.0,0.0,511000.0,-1953000.0,503000.0,2464000.0,2464000.0,0.0,-182896000.0,4568847750.0,4568665750.0,-0.9617851678248635,0.2041396103896104,0.0,0.0,,-0.9617851678248635,0.39887352790578595,0.0,-1466.254091784339,-2339.3997695852536,0.0,0.0,0.0,0.0,0.19967532467532467,-1.5244618395303327,-4277.947331460674,0.0,-7.133858267716535,-1.0017050250799011,0.0,0.9997051999485594,0.0,-7.133858267716535,-7.129770992366412,-1.0017050250799011,0.0,0.9997051999485594,Software—Application,Technology,MYSZ
2009Q4,2009,Q4,2010-03-23,2009-12-31,127000.0,0.0,131000.0,0.06254311658436813,0.0,0.0,1312000.0,-1176000.0,1303000.0,2486000.0,2488000.0,0.0,-182117000.0,4568847750.0,4567845750.0,-0.5791394558945414,0.5241351568785197,0.0,0.0,-0.11139455782312925,-0.5791394558945414,-0.10799319727891156,0.0,8993.794783464566,-3885.0746173469392,0.0,0.0,0.0,0.0,0.42115848753016893,0.09679878048780488,-6363.29770194986,0.0,2.0583333333333336,-0.9999752304469257,0.0,0.9998327395073229,0.0,2.058333333333333,1.6208530805687205,-0.9999752304469257,0.0,0.9998327395073229,Software—Application,Technology,MYSZ
2009Q3,2009,Q3,2009-11-16,2009-09-30,-120000.0,0.0,-211000.0,-0.059095858189954144,0.0,0.0,2042000.0,-1333000.0,2032000.0,3372000.0,3375000.0,0.0,0.0,4568847750.0,4567143750.0,-0.6564565431185576,0.6026097271648873,0.0,0.0,0.15828957239309827,-0.6564565431185576,0.0900225056264066,0.0,-9518.4328125,-3427.492685671418,0.0,0.0,0.0,0.0,0.5762158956109134,-0.058765915768854066,-7105.517496111976,0.0,0.8292818953284021,0.9999869039639122,0.0,0.9998905905761469,0.0,0.8288159771754636,0.8080072793448589,0.9999869039639122,0.0,0.9998905905761469,Software—Application,Technology,MYSZ
2009Q2,2009,Q2,2009-08-14,2009-06-30,-701000.0,0.0,-1099000.0,-0.3461604632012169,0.0,0.0,680000.0,-4610000.0,680000.0,690000.0,5290000.0,0.0,-43090000.0,4556412000.0,4555812000.0,-2.276462268995868,0.9855072463768116,0.0,0.0,,-2.276462268995868,0.15206073752711496,0.0,-1624.9686162624823,-988.375704989154,0.0,0.0,0.0,0.0,0.9710144927536232,-1.0308823529411764,-4493.502958579882,0.0,0.4013289305057924,-1.0003550364426421,0.0,0.9989094791525768,0.0,0.2861507128309572,-0.4633821571238349,-1.0003550364426421,0.0,0.9989094791525768,Software—Application,Technology,MYSZ
2009Q1,2009,Q1,2009-05-15,2009-03-31,-982000.0,0.0,-751000.0,-0.5782147841112041,0.0,0.0,880000.0,-4400000.0,870000.0,670000.0,5280000.0,0.0,-39800000.0,3821244750.0,3820474750.0,-2.5907788293330336,1.2985074626865671,0.0,0.0,,-2.5907788293330336,0.22318181818181818,0.0,-972.8219831975559,-868.4647159090908,0.0,0.0,0.0,0.0,1.2238805970149254,-1.115909090909091,-2672.199125874126,0.0,-1.6172218730358265,-1.0025698432428334,0.0,0.9992058915465646,0.0,-1.6172218730358265,0.7013916500994036,-1.0025698432428334,0.0,0.9992058915465646,Software—Application,Technology,MYSZ
2008Q4,2008,Q4,2009-03-30,2008-12-31,1591000.0,0.0,-2515000.0,0.9368021604082747,0.0,0.0,4391000.0,-797000.0,4381000.0,3806000.0,5188000.0,0.0,-180441000.0,3821244750.0,3817859750.0,-0.46928425613146085,1.151077246452969,0.0,0.0,-2.0575955941337396,-0.46928425613146085,-1.9962358845671266,0.0,600.4470065996229,-4794.535445420326,0.0,0.0,0.0,0.0,0.8938518129269575,0.36233204281484854,-1638.6126715265866,0.0,1.0207855397318129,-0.9996289892783555,0.0,0.9998644666408284,0.0,1.0637164597517021,0.596696600384862,-0.9996289892783555,0.0,0.9998644666408284,Software—Application,Technology,MYSZ
2008Q3,2008,Q3,2008-11-14,2008-09-30,-24970000.0,0.0,-6236000.0,-45.0698982319171,0.0,0.0,5810000.0,-4700000.0,5810000.0,6440000.0,10510000.0,0.0,-47640000.0,1246563000.0,1245033000.0,-8.483325752489044,0.9021739130434783,0.0,0.0,1.6907582807164225,-8.483325752489044,5.312765957446809,0.0,-12.480606728073688,-265.22617021276596,0.0,0.0,0.0,0.0,0.8524844720496895,-4.29776247848537,-515.1086776859504,0.0,-1.0462255366481201,0.9900122051493062,0.0,0.9985861123745852,0.0,-33.01282051282051,-1.0786666666666667,0.9900122051493062,0.0,0.9985861123745852,Software—Application,Technology,MYSZ
2008Q2,2008,Q2,2008-08-14,2008-06-30,780000.0,0.0,-3000000.0,975.0,0.0,0.0,8480000.0,-1670000.0,7820000.0,5870000.0,10150000.0,0.0,-41710000.0,1800000.0,-5620000.0,-2087.5,1.332197614991482,0.0,0.0,1.7964071856287425,-2087.5,-0.46706586826347307,0.0,0.5769230769230769,-1.0778443113772456,0.0,0.0,0.0,0.0,1.332197614991482,0.09198113207547169,-0.8823529411764705,0.0,3.3333333333333335,0.0,0.0,0.0,0.0,3.3333333333333335,-0.2765957446808511,0.0,0.0,0.0,Software—Application,Technology,MYSZ
2008Q1,2008,Q1,2008-05-15,2008-03-31,180000.0,0.0,-2350000.0,225.0,0.0,0.0,10910000.0,-2610000.0,10050000.0,2260000.0,13530000.0,0.0,-40590000.0,1800000.0,-750000.0,-3262.5,4.446902654867257,0.6241979835013749,-2.6091954022988504,-0.5595238095238095,-3262.5,-0.06896551724137931,0.0,2.5,-0.6896551724137931,0.0,0.0,0.0,0.0,4.446902654867257,0.016498625114573784,-0.75,0.0,-0.9108910891089109,0.0,0.0,0.0,0.0,-0.9108910891089109,0.1696113074204947,0.0,0.0,0.0,Software—Application,Technology,MYSZ
2007Q4,2007,Q4,2008-03-04,2007-12-31,2020000.0,0.0,-2830000.0,2525.0,0.0,0.0,12210000.0,-2770000.0,11360000.0,2290000.0,14970000.0,130000.0,-37410000.0,1800000.0,-630000.0,-3462.5,4.960698689956332,0.6723996723996724,-2.963898916967509,-0.5202205882352942,-3462.5,-0.7292418772563177,0.0,0.22277227722772278,-0.6498194945848376,0.0,0.0,0.0,0.0,4.903930131004367,0.16543816543816545,-0.4972375690607735,0.0,1.559556786703601,0.0,0.0,0.0,0.0,1.559556786703601,-0.1598360655737705,0.0,0.0,0.0,Software—Application,Technology,MYSZ
2007Q3,2007,Q3,2007-11-08,2007-09-30,-3610000.0,0.0,-2440000.0,-4512.5,0.0,0.0,15440000.0,-4800000.0,14790000.0,4110000.0,20250000.0,0.0,-38040000.0,1800000.0,-1190000.0,-6000.0,3.5985401459854014,0.7292746113989638,-2.345833333333333,-0.37770897832817335,-6000.0,0.7520833333333333,0.0,-0.12465373961218837,-0.375,0.0,0.0,0.0,0.0,3.5985401459854014,-0.2338082901554404,-0.8144796380090498,0.0,0.0,0.0,0.0,0.0,0.0,0.0,0.0,0.0,0.0,0.0,Software—Application,Technology,MYSZ
