Quarters,Year,Quarter,FillingDate,Date,NetIncome,Revenue,OperatingIncome,EPSDiluted,GrossProfit,GrossProfitRatio,TotalAssets,CommonStockEquity,CurrentAssets,CurrentLiability,TotalLiability,Inventory,RetainedEarnings,MarketCap,EnterpriseValue,bookValuePerShare,currentRatio,debtToAssets,debtToEquity,roic,shareholdersEquityPerShare,roe,priceToSalesRatio,peRatio,pbRatio,payoutRatio,inventoryTurnover,dividendYield,assetTurnover,quickRatio,returnOnAssets,priceToFreeCashFlowsRatio,grossProfitMargin,epsdilutedGrowth,fiveYNetIncomeGrowthPerShare,fiveYRevenueGrowthPerShare,fiveYShareholdersEquityGrowthPerShare,grossProfitGrowth,netIncomeGrowth,operatingIncomeGrowth,threeYNetIncomeGrowthPerShare,threeYRevenueGrowthPerShare,threeYShareholdersEquityGrowthPerShare,Industry,Sector,Symbol
2023Q1,2023,Q1,2023-05-09,2023-03-31,-23558000.0,8780000.0,-24464000.0,-0.21,8780000.0,1.0,204502000.0,40177000.0,169017000.0,46859000.0,164325000.0,8424000.0,-453372000.0,83876741.8224,-47658258.1776,0.3609747653778579,3.6069271644721397,0.13005740775151342,0.6619956691639495,-0.3234514556381263,0.3609747653778579,-0.5863553774547626,9.553159660865605,-0.8901088995500468,2.0876805590860443,0.0,0.0,0.0,0.04293356544190277,3.3717108773127893,-0.11519691738956098,-2.6060817717073173,1.0,0.3636363636363637,0.20959235304667506,0.7374209762541827,0.0,-0.17154180033968675,0.35434538328719817,-0.19063610259405267,0.5952886057820174,-0.42157723764190597,-0.8389813871408628,Biotechnology,Healthcare,DTIL
2022Q4,2022,Q4,2023-03-09,2022-12-31,-36487000.0,10598000.0,-20547000.0,-0.33,10598000.0,1.0,238169000.0,60433000.0,199105000.0,59664000.0,177736000.0,7552000.0,-428312000.0,132039416.66999999,-30500583.330000013,0.5446500129558624,3.337104451595602,0.1135160327330593,0.4473714692303874,-0.28517248405481843,0.5446500129558624,-0.603759535353201,12.458899478203433,-0.9047017887877874,2.184889326526897,0.0,0.0,0.0,0.044497814577044034,3.1894609814963797,-0.15319793927841155,-5.874946236707452,1.0,-0.43478260869565216,0.28338744827034457,-0.3493088623203572,-0.54130226054143,0.43935895694689664,-0.461701786715808,0.10392498909725251,0.1932697396900825,-0.24852948561878763,-0.7979416339249736,Biotechnology,Healthcare,DTIL
2022Q3,2022,Q3,2022-11-08,2022-09-30,-24962000.0,7363000.0,-22930000.0,-0.23,7363000.0,1.0,271733000.0,84380000.0,225365000.0,61148000.0,187353000.0,12292000.0,-399824000.0,144103954.8,-40488045.19999999,0.761214361897582,3.6855661673317197,0.10105139971957768,0.3254207158094335,-0.2040801907457913,0.761214361897582,-0.29582839535434935,19.571364226538098,-1.4432332625590898,1.707797520739512,0.0,0.0,0.0,0.027096451295941237,3.4795250866749527,-0.09186223241196322,5.128984723804101,1.0,0.5208333333333333,0.22319931325897233,-0.12026443592352204,0.0,0.9274869109947644,0.23120514952724136,0.22536400797270362,0.4503961263396061,-0.3088170890464575,-0.7526416614251935,Biotechnology,Healthcare,DTIL
2022Q2,2022,Q2,2022-08-08,2022-06-30,-32469000.0,3820000.0,-29601000.0,-0.48,3820000.0,1.0,297163000.0,103023000.0,247692000.0,53923000.0,194140000.0,12632000.0,-375878000.0,108727500.80000001,-47538499.19999999,1.5160543449187789,4.593438792352058,0.09378354640382551,0.2705124098502276,-0.22664144804906927,1.5160543449187789,-0.31516263358667485,28.46269654450262,-0.837163916350981,1.0553711384836395,0.0,0.0,0.0,0.012854897817022981,4.351427034845984,-0.10926326628819873,-4.348578202615687,1.0,-0.02127659574468087,-0.3597096405619163,0.009506023518591948,0.0,0.1516430509496533,-0.12000689893066575,-0.08246178600160901,-0.23004136223595145,-0.4780692648134741,-0.5639888946411689,Biotechnology,Healthcare,DTIL
2022Q1,2022,Q1,2022-05-09,2022-03-31,-28990000.0,3317000.0,-27346000.0,-0.47,3317000.0,1.0,181351000.0,69659000.0,134053000.0,29106000.0,111692000.0,17060000.0,-344843000.0,187977867.0,80438867.0,1.1413562853120363,4.605682677111249,0.04787952644319579,0.12465008110940438,-0.33289583235093095,1.1413562853120363,-0.4161702005483857,56.67104823635815,-1.621057838909969,2.698543863678778,0.0,0.0,0.0,0.01829049743315449,4.009826152683296,-0.15985574934794955,-6.331352879757494,1.0,-0.27027027027027023,-0.7738038475898772,0.1970179902812235,0.0,-0.47673134563811326,-0.2974980978382491,-0.22975221477717317,0.7613718737442825,-0.8411226163486127,0.6827402489753974,Biotechnology,Healthcare,DTIL
2021Q4,2021,Q4,2022-03-15,2021-12-31,-22343000.0,6339000.0,-22237000.0,-0.37,6339000.0,1.0,211498000.0,91168000.0,161754000.0,35980000.0,120330000.0,0.0,-316675000.0,441466809.8,306916809.8,1.52818555103981,4.495664257921067,0.04308787789955461,0.09995831870831871,-0.20848024598154571,1.52818555103981,-0.2450750263250263,69.64297362359994,-4.939654587566576,4.842343912337663,0.0,0.0,0.0,0.029971914628034307,4.006420233463035,-0.1056416609140512,-17.528262121813707,1.0,-0.9473684210526315,0.18383486849668654,-0.27612758753810773,0.28701962923117713,-0.7362705941088368,-0.980938026420782,-0.9266158378097383,0.18383486849668654,-0.27612758753810773,0.28701962923117713,Biotechnology,Healthcare,DTIL
2021Q3,2021,Q3,2021-11-10,2021-09-30,-11279000.0,24036000.0,-11542000.0,-0.19,24036000.0,1.0,227199000.0,101443000.0,183048000.0,36475000.0,125756000.0,0.0,-294385000.0,688449592.5799999,539521592.5799999,1.7004182043494587,5.018450993831391,0.05080568136303417,0.1137880386029593,-0.09454843334015973,1.7004182043494587,-0.11118559190875664,28.642436036778165,-15.259544121376008,6.786565781571917,0.0,0.0,0.0,0.10579271915809489,4.412858122001371,-0.049643704417713104,-27.117125909090905,1.0,-1.527777777777778,0.3478206738765853,4.33612203257113,0.0,-0.6506649226073686,-1.5208256372367934,-1.5335613905325445,0.3478206738765853,4.33612203257113,0.0,Biotechnology,Healthcare,DTIL
2021Q2,2021,Q2,2021-08-12,2021-06-30,21656000.0,68805000.0,21632000.0,0.36,68805000.0,1.0,230114000.0,100553000.0,188304000.0,36251000.0,129561000.0,0.0,-283106000.0,722900067.4399999,560970067.4399999,1.7414904448110173,5.194449808281151,0.05220455947921465,0.11946933457977385,0.1770966368667518,1.7414904448110173,0.21536900937813888,10.506504867960176,8.345263061507204,7.189244154227124,0.0,0.0,0.0,0.29900397194434064,4.811756917050564,0.09410987597451698,-21.886828769868902,1.0,2.090909090909091,2.0673355942564524,20.399865183752546,0.0,3.208514282219096,2.1587564877735566,2.154199124959983,2.0673355942564524,20.399865183752546,0.0,Biotechnology,Healthcare,DTIL
2021Q1,2021,Q1,2021-05-13,2021-03-31,-18689000.0,16349000.0,-18742000.0,-0.33,16349000.0,1.0,262316000.0,58822000.0,219139000.0,63797000.0,203494000.0,0.0,-304762000.0,586068998.4,402666998.4,1.0387986767122606,3.4349420819160774,0.03834306714039555,0.17099044575158953,-0.23742684131850314,1.0387986767122606,-0.31772126075277957,35.847391179888675,-7.839758660174433,9.963432022032574,0.0,0.0,0.0,0.06232559203403529,3.3343730896437136,-0.07124613062108297,8.754223466324106,1.0,0.2634453609346352,-0.23251167829700534,5.359075797359921,0.0,0.8481799683472756,0.2031296635824841,0.20178875638841567,-0.23251167829700534,5.359075797359921,0.0,Biotechnology,Healthcare,DTIL
2020Q4,2020,Q4,2021-03-18,2020-12-31,-23453000.0,8846000.0,-23480000.0,-0.4480319347641968,8846000.0,1.0,150158000.0,44425000.0,105564000.0,42829000.0,105733000.0,0.0,-286073000.0,436571603.09999996,357292603.09999996,0.8486683452820296,2.4647785379065588,0.012873106993966356,0.04351153629713,-0.412820648065123,0.8486683452820296,-0.527923466516601,49.35243082749265,-4.653686128640259,9.827160452447947,0.0,0.0,0.0,0.058911280118275414,2.330150131919961,-0.1561888144487806,-30.009046130052237,1.0,0.10393613047160644,0.02363576978015659,0.15123799475290903,-0.2852616501039927,0.20141246774412602,0.09851629766297663,0.09844877898940255,0.02363576978015659,0.15123799475290903,-0.2852616501039927,Biotechnology,Healthcare,DTIL
2020Q3,2020,Q3,2020-11-10,2020-09-30,-26016000.0,7363000.0,-26044000.0,-0.5,7363000.0,1.0,168687000.0,63824000.0,122560000.0,41983000.0,104863000.0,0.0,-262620000.0,322455764.40000004,229271764.40000004,1.2192551146714745,2.9192768501536337,0.0111034045302839,0.029346327400350966,-0.3397294582643065,1.2192551146714745,-0.4076209576334921,43.794073665625426,-3.098629347324723,5.052265047630986,0.0,0.0,0.0,0.043648888177512196,2.7216730581425814,-0.1542264667698163,-13.857145010743448,1.0,0.20634920634920637,-0.714406720650952,0.8629245401642501,0.0,5.830241187384044,0.20442799914375706,0.20616922701780055,-0.714406720650952,0.8629245401642501,0.0,Biotechnology,Healthcare,DTIL
2020Q2,2020,Q2,2020-08-13,2020-06-30,-32701000.0,1078000.0,-32808000.0,-0.63,1078000.0,1.0,184192000.0,85599000.0,137393000.0,34311000.0,98593000.0,0.0,-236604000.0,432403969.2,316438969.2,1.6490127769160172,4.004342630643234,0.009772411396803335,0.021028283040689728,-0.3336859235150529,1.6490127769160172,-0.3820254909519971,401.11685454545454,-3.3057396501636034,5.051507251252936,0.0,0.0,0.0,0.005852588603196664,3.700533356649471,-0.17753756949270327,-15.674761444210832,1.0,-0.2115384615384615,-0.7927224191049053,-0.627059915433369,0.0,-0.8459559874249786,-0.2185497093456551,-0.19319173697992434,-0.7927224191049053,-0.627059915433369,0.0,Biotechnology,Healthcare,DTIL
2020Q1,2020,Q1,2020-05-15,2020-03-31,-26836000.0,6998000.0,-27496000.0,-0.52,6998000.0,1.0,214202000.0,115034000.0,166841000.0,23757000.0,99168000.0,0.0,-203903000.0,309416003.1,166434003.10000002,2.2418201161231406,7.022814328408469,0.008071820057702543,0.015030338856338126,-0.21486621655413854,2.2418201161231406,-0.2332875497678947,44.21491899114033,-2.8824713360784022,2.689778701079681,0.0,0.0,0.0,0.03267009645101353,6.652565559624532,-0.1252836107972848,-11.454336915559177,1.0,-0.27570474278064644,-0.9530155519357617,2.003721653641576,0.0,0.072983747316774,-0.28303690954293365,-0.2577649695805315,-0.9530155519357617,2.003721653641576,0.0,Biotechnology,Healthcare,DTIL
2019Q4,2019,Q4,2020-03-10,2019-12-31,-20916000.0,6522000.0,-21861000.0,-0.4076178308050803,6522000.0,1.0,235233000.0,138314000.0,193672000.0,26932000.0,96919000.0,0.0,-177067000.0,712734375.3000001,531848375.3000001,2.6955083500656856,7.191148076637457,0.0,0.0,-0.15805341469410183,2.6955083500656856,-0.1512211345200052,109.28156628334868,-8.519009075588066,5.153016869586593,0.0,0.0,0.0,0.02772570175102983,6.752227833061043,-0.08891609595592455,-27.323533651523867,1.0,0.005810168768096783,0.11170736120105622,-0.13410955556194362,1.2701249563121326,0.3405960945529291,-0.008388776395718832,0.005323505323505323,0.11170736120105622,-0.13410955556194362,1.2701249563121326,Biotechnology,Healthcare,DTIL
2019Q3,2019,Q3,2019-11-12,2019-09-30,-20742000.0,4865000.0,-21978000.0,-0.41,4865000.0,1.0,260298000.0,155788000.0,219501000.0,23726000.0,104510000.0,0.0,-156151000.0,424732549.35,218467549.35000002,3.07737497867845,9.251496248840933,0.0,0.0,-0.14107633450586696,3.07737497867845,-0.13314247567206716,87.30371004110998,-5.119233311035581,2.7263495862967626,0.0,0.0,0.0,0.0186901167123835,8.70416420804181,-0.0796855911301662,-21.34870818547374,1.0,-0.05128205128205118,-0.4133828452981776,0.27279704132559046,0.0,-0.0972351085544628,-0.06719489606915004,0.07930124418750785,-0.4133828452981776,0.27279704132559046,0.0,Biotechnology,Healthcare,DTIL
2019Q2,2019,Q2,2019-08-14,2019-06-30,-19436000.0,5389000.0,-23871000.0,-0.39,5389000.0,1.0,271920000.0,173978000.0,237088000.0,15820000.0,97942000.0,0.0,-135409000.0,649459102.6,423360102.6,3.4771002992483115,14.986599241466498,0.0,0.0,-0.13720700318431067,3.4771002992483115,-0.11171527434503213,120.51569912785304,-8.353816405124512,3.7329955661060596,0.0,0.0,0.0,0.01981832892027067,14.307774968394437,-0.0714769049720506,-26.281122636775656,1.0,0.8040201005025126,-0.1054178195197076,0.9341762334763022,0.0,-0.013365067740754303,0.38847811723248277,-0.2245306248076331,-0.1054178195197076,0.9341762334763022,0.0,Biotechnology,Healthcare,DTIL
2019Q1,2019,Q1,2019-04-29,2019-03-31,-31783000.0,5462000.0,-19494000.0,-1.99,5462000.0,1.0,166801000.0,10830000.0,136980000.0,71384000.0,155971000.0,0.0,-115973000.0,270481589.84000003,206422589.84000003,0.6782724107342152,1.9189174044603832,0.3143866043968561,4.842105263157895,-0.3081081081081081,0.6782724107342152,-2.93471837488458,49.52061329915782,-2.1275649705817576,24.97521605170822,0.0,0.0,0.0,0.032745607040725176,1.718256191863723,-0.1905444211965156,-10.82402616511265,1.0,-3.33666591012109,-6.433339377978614,6.534225216773145,0.0,0.10566801619433198,-1.0580845690604157,-0.2104315429990686,-6.433339377978614,6.534225216773145,0.0,Biotechnology,Healthcare,DTIL
2018Q4,2018,Q4,2018-12-31,2018-12-31,-15443000.0,4940000.0,-16105000.0,-0.45887786637095,4940000.0,1.0,138600000.0,39960000.0,115675000.0,14075000.0,98640000.0,0.0,-85187000.0,586922882.4000001,483729882.4000001,1.1873832506755917,8.218472468916518,0.0,0.0,-0.403028028028028,1.1873832506755917,-0.3864614614614615,118.81030008097169,-9.50143887845626,14.68775981981982,0.0,0.0,0.0,0.03564213564213564,7.40461811722913,-0.11142135642135642,-25.76143977527104,1.0,-0.5829215136997099,0.0,0.0,0.0,0.944116489571035,-0.5829233292332924,-0.5415908873360773,0.0,0.0,0.0,Biotechnology,Healthcare,DTIL
2018Q3,2018,Q3,2018-09-30,2018-09-30,-9756000.0,2541000.0,-10447000.0,-0.289893,2541000.0,1.0,,,,,,,,586922882.4000001,,,0.0,0.0,0.0,0.0,,0.0,230.98106351829992,-15.040049261992621,0.0,0.0,0.0,0.0,0.0,0.0,0.0,-30.717688930758367,1.0,0.17503649676580318,0.0,0.0,0.0,0.35592315901814303,0.1750380517503805,0.1383917525773196,0.0,0.0,0.0,Biotechnology,Healthcare,DTIL
2018Q2,2018,Q2,2018-06-30,2018-06-30,-11826000.0,1874000.0,-12125000.0,-0.351401,1874000.0,1.0,,,,,,,,586922882.4000001,,,0.0,0.0,0.0,0.0,,0.0,313.1925733191036,-12.407468340943684,0.0,0.0,0.0,0.0,0.0,0.0,0.0,-56.22943881969727,1.0,-0.31225049946785677,0.0,0.0,0.0,0.22643979057591623,-0.3122503328894807,-0.312939902544667,0.0,0.0,0.0,Biotechnology,Healthcare,DTIL
2018Q1,2018,Q1,2018-03-31,2018-03-31,-9012000.0,1528000.0,-9235000.0,-0.267785,1528000.0,1.0,,,,,,,,586922882.4000001,,,0.0,0.0,0.0,0.0,,0.0,384.11183403141365,-16.28170446071904,0.0,0.0,0.0,0.0,0.0,0.0,0.0,-38.938690532740665,1.0,0.0,0.0,0.0,0.0,0.0,0.0,0.0,0.0,0.0,0.0,Biotechnology,Healthcare,DTIL
