Quarters,Year,Quarter,FillingDate,Date,NetIncome,Revenue,OperatingIncome,EPSDiluted,GrossProfit,GrossProfitRatio,TotalAssets,CommonStockEquity,CurrentAssets,CurrentLiability,TotalLiability,Inventory,RetainedEarnings,MarketCap,EnterpriseValue,bookValuePerShare,currentRatio,debtToAssets,debtToEquity,roic,shareholdersEquityPerShare,roe,priceToSalesRatio,peRatio,pbRatio,payoutRatio,inventoryTurnover,dividendYield,assetTurnover,quickRatio,returnOnAssets,priceToFreeCashFlowsRatio,grossProfitMargin,epsdilutedGrowth,fiveYNetIncomeGrowthPerShare,fiveYRevenueGrowthPerShare,fiveYShareholdersEquityGrowthPerShare,grossProfitGrowth,netIncomeGrowth,operatingIncomeGrowth,threeYNetIncomeGrowthPerShare,threeYRevenueGrowthPerShare,threeYShareholdersEquityGrowthPerShare,Industry,Sector,Symbol
2023Q1,2023,Q1,2023-04-28,2023-03-31,23541000.0,108943000.0,37203000.0,0.22,75795000.0,0.695730795,2185392000.0,484509000.0,235767000.0,79401000.0,1679086000.0,0.0,-486638000.0,2043247440.0,3355601440.0,4.654801706248559,2.96932028563872,1.2084170711707556,5.450600504840983,0.010965893121547603,4.654801706248559,0.04858733274304502,18.755197121430474,21.698817382439145,4.21715064116456,1.0459623635359585,0.0,0.012050914401243543,0.0498505531273108,2.96932028563872,0.010771980495947638,79.89549698912958,0.6957307950028914,1.5316455696202531,-0.07264475815996473,-0.20660656365822405,-0.22666891806744507,-0.028966383109562364,1.5585262471470491,0.3114424703891709,1.778223604652976,-0.13274302124709486,0.30383443758798095,REIT—Retail,Real Estate,SKT
2022Q4,2022,Q4,2023-02-27,2022-12-31,9201000.0,116461000.0,28368000.0,0.0869,78056000.0,0.6702329535,2217665000.0,491643000.0,264574000.0,104741000.0,1703731000.0,0.0,-485557000.0,1861831140.0000002,3165729140.0,4.7373122247810295,2.5259831393628094,1.1911393289789034,5.372898627662756,0.004219846001212418,4.7373122247810295,0.018714799153043978,15.986734958483957,50.58773883273558,3.7869574874451586,2.5015759156613413,0.0,0.012362560441437239,0.0525151454344998,2.5259831393628094,0.004148958476595879,20.410562930968332,0.6702329535209212,-0.20999999999999996,-0.736261554987568,-0.16878256135508518,-0.23682890403013962,0.035637521560302504,-0.20790289256198347,-0.21210942924593806,1.6960648364526953,-0.14091157089451262,0.008720773836180702,REIT—Retail,Real Estate,SKT
2022Q3,2022,Q3,2022-11-04,2022-09-30,11616000.0,111446000.0,36005000.0,0.11,75370000.0,0.6762916569,2157689000.0,493426000.0,309360000.0,76491000.0,1642030000.0,0.0,-480904000.0,1419286320.0,2722087320.0,4.755959093581625,4.0443973800839315,1.1684028606532266,5.109276770984909,0.005537258136420499,4.755959093581625,0.023541523956986457,12.735193008273065,30.54593491735537,2.8763914345818824,1.8025998622589532,0.0,0.014753189476243243,0.05165063176389183,2.3624740165509666,0.0053835376646031935,42.15785421493495,0.6762916569459648,0.38364779874213834,1.6909689355371287,-0.1645673650540329,-0.22754329508787832,0.03047538316402565,0.39464521551206627,0.11143695014662756,-0.560090842083619,-0.1648529310081381,-0.0696725202484639,REIT—Retail,Real Estate,SKT
2022Q2,2022,Q2,2022-08-08,2022-06-30,8329000.0,105838000.0,32395000.0,0.0795,73141000.0,0.6910655908,2155245000.0,490216000.0,290176000.0,76512000.0,1642670000.0,0.0,-483241000.0,1473618600.0,2763773600.0,4.73044485187687,3.792555416143873,0.7296966238177098,3.2081266217340927,0.006024568578852952,4.73044485187687,0.016990469507319222,13.923341332980593,44.231558410373395,3.0060597777306333,2.5141073358146238,0.0,0.01420991836015099,0.04910717807024259,3.5841567335842743,0.0038645258427696155,20.985440252915794,0.6910655908085943,-0.06028368794326234,-0.7401362770295044,-0.18864299369120766,-0.28391446355441,0.014297600887532937,-0.062471859522737504,-0.02118080734832004,-0.45438404591833237,-0.17746985511435348,-0.1018090223116376,REIT—Retail,Real Estate,SKT
2022Q1,2022,Q1,2022-05-09,2022-03-31,8884000.0,108868000.0,33096000.0,0.0846,72110000.0,0.6623617592,2134232000.0,488320000.0,265461000.0,58016000.0,1623655000.0,0.0,-482206000.0,1779508800.0000002,3111808800.0,4.717156105100464,4.575651544401544,0.6958695212141885,3.0413396952817826,0.006643684328813356,4.717156105100464,0.018192988204456095,16.34556343461807,50.076226924808644,3.6441448230668416,2.174133273300315,0.0,0.010854118844481129,0.05101038687452911,2.6345663265306123,0.004162621495694938,94.38362151267637,0.662361759194621,3.91860465116279,-0.6340505727752731,-0.17469595802850088,-0.3226214726253769,-0.039864720920323816,3.916436081903708,0.01633705932932072,-0.8715376684582934,-0.20325464411122396,-0.07968539169361258,REIT—Retail,Real Estate,SKT
2021Q4,2021,Q4,2022-02-22,2021-12-31,1807000.0,112093000.0,32564000.0,0.0172,75104000.0,0.6700150768,2157384000.0,477925000.0,265840000.0,92995000.0,1657595000.0,0.0,-483409000.0,1991643280.0,3316338280.0,4.626528300790893,2.8586483144255066,0.729969259065609,3.2951278966365014,0.00200686290662436,4.626528300790893,0.0037809279698697495,17.767775686260517,275.54555617044826,4.167271601192656,10.535694521306032,0.0,0.009558940695444216,0.05195783411761652,2.6227431582343135,0.0008375884867969726,26.99874308643314,0.6700150767666134,1.1563636363636365,-0.9308333904218942,-0.1707758710836983,-0.3429271714804154,-0.0023246855032612018,1.1708100954721619,1.695069370330843,-0.9173410148710653,-0.20558537954384362,-0.10275918989678777,REIT—Retail,Real Estate,SKT
2021Q3,2021,Q3,2021-11-04,2021-09-30,-10579000.0,112465000.0,-46850000.0,-0.11,75279000.0,0.669354910416574,2149161000.0,458996000.0,243250000.0,90053000.0,1669001000.0,0.0,-496495000.0,1683284700.0,3040297700.0,4.444663935934307,2.701187078720309,0.698006803585213,3.2682833837331917,-0.022870515780167723,4.444663935934307,-0.02304813113839772,14.967187124883297,-39.77891813971075,3.6673188873105653,-1.7496927875980717,0.0,0.010996357300699044,0.052329723087288484,1.589241890886478,-0.004922385991556705,32.157506925207755,0.669354910416574,-6.5,-1.1410612202856172,-0.13016488953237437,-0.368979500706066,0.07506105136883595,-5.2691686844229215,-2.761874318378399,0.5636489575999384,-0.18380934450407838,-0.16898621983705084,REIT—Retail,Real Estate,SKT
2021Q2,2021,Q2,2021-08-03,2021-06-30,2478000.0,101273000.0,26591000.0,0.02,70023000.0,0.6914281200319927,2131082000.0,500334000.0,196333000.0,70328000.0,1607597000.0,0.0,-448368000.0,1892709650.0000002,3243318650.0,4.982959694848072,2.7916761460584687,0.6842632052638049,2.9144951172616693,0.0129827836892764,4.982959694848072,0.004952691602009857,18.689183197890852,190.95133676351898,3.7828923279249462,7.2441485068603715,0.0,0.009484286192549396,0.04752186917256117,1.530144465931066,0.001162789606406511,31.373131495632286,0.6914281200319927,-0.5,-0.9680241476227546,-0.13823822587658455,-0.24433158602564178,0.07096645917134424,-0.4004355189934672,2.488274472491185,-0.8997558802903544,-0.21393346290565113,-0.1494504569988083,REIT—Retail,Real Estate,SKT
2021Q1,2021,Q1,2021-05-07,2021-03-31,4133000.0,100694000.0,-17867000.0,0.04,65383000.0,0.6493236935666474,2259421000.0,461081000.0,300981000.0,68084000.0,1776407000.0,0.0,-432895000.0,1434505560.0,2865414560.0,4.863108045395098,4.420730274366958,0.7225877780192359,3.5408745968712654,-0.008182430603673506,4.863108045395098,0.008963717871697164,14.246187061791169,86.7714468908783,3.1111790769951484,4.094846358577304,0.0,0.011797793241038397,0.04456628490219397,2.962825333411668,0.001829229700883545,45.86601739352859,0.6493236935666474,13.285714285714286,-0.8475597023292154,-0.08998520743659023,-0.2097466072959303,-0.13982186788754258,14.714828897338403,-0.17391590013140604,-0.8212590815871027,-0.19493634224055592,-0.19206169378776045,REIT—Retail,Real Estate,SKT
2020Q4,2020,Q4,2021-02-23,2020-12-31,263000.0,111155000.0,-15220000.0,0.0028,76011000.0,0.6838288875894022,2189531000.0,341390000.0,190114000.0,88253000.0,1830648000.0,0.0,-420104000.0,923152560.0000001,2406208127.886,3.6832962907019398,2.154193058592909,0.7160837493901662,4.592658156026832,-0.007612350054693389,3.6832962907019398,0.000770379917396526,8.305092528451263,877.5214448669202,2.7040995928410325,0.0,0.0,0.0,0.05076657969218065,0.9612364452199925,0.00012011704789747211,12.683106091830847,0.6838288875894022,-0.98,-0.997513152877421,0.007543089401103097,-0.39308612925747877,0.11769376681812166,-0.979814260495817,-0.1563592159246315,-0.9915589228391922,-0.11168530755568272,-0.4066286675696889,REIT—Retail,Real Estate,SKT
2020Q3,2020,Q3,2020-11-09,2020-09-30,13029000.0,103213000.0,-13162000.0,0.14,68007000.0,0.6588995572263184,2185475000.0,332036000.0,145090000.0,85712000.0,1835990000.0,0.0,-420367000.0,558673470.0,2197663470.0,3.583805545661583,1.6927618069815196,0.7175634587446665,4.723033044609621,-0.006611349399418028,3.583805545661583,0.03923972099410907,5.412820768701617,10.719807160948655,1.6825689684251106,0.0,0.0,0.0,0.047226804241640837,0.23092449131976853,0.005961633054599114,7.188561961990298,0.6588995572263184,1.56,-0.6976994684106735,-0.06515948147577351,-0.33871646565787816,0.8979403884795714,1.574268335684062,0.2039915331115815,1.8678730187823864,-0.13358784669268822,-0.41792295341994773,REIT—Retail,Real Estate,SKT
2020Q2,2020,Q2,2020-08-10,2020-06-30,-22688000.0,63990000.0,-16535000.0,-0.25,35832000.0,0.5599624941397093,2563792000.0,313511000.0,487672000.0,70895000.0,2233809000.0,0.0,-433396000.0,660466160.0,2378545160.0,3.384478366007427,6.87879258057691,0.7667907536960876,6.270567858863006,-0.006976216312912518,3.384478366007427,-0.07236747673925317,10.321396468198156,-7.277703631875882,2.106676193179825,-1.4778296897038081,0.0,0.05076565921257798,0.024959123048983692,4.776161929614219,-0.00884939183833946,-50.65701487958276,0.5599624941397093,0.16666666666666663,-1.9478595347506469,-0.39252531211154934,-0.36395220872139433,-0.509191025395173,0.1560151774421546,-0.10409989316239317,-1.7919056923956356,-0.45120905909575826,-0.4876642509954778,REIT—Retail,Real Estate,SKT
2020Q1,2020,Q1,2020-05-11,2020-03-31,-26882000.0,111633000.0,-14976000.0,-0.3,73006000.0,0.6539822453933872,2791769000.0,330233000.0,701128000.0,90659000.0,2444111000.0,0.0,-410532000.0,462500000.0,2120617000.0,3.5700864864864865,7.7336833629314246,0.7764087931343889,6.563711076724616,-0.005784910715527325,3.5700864864864865,-0.08140313051693804,4.143040140460259,-4.301205267465218,1.4005262950704502,-1.2288520199389927,0.0,0.07142486486486486,0.039986474525650226,6.623214462987679,-0.00962902016606675,16.95256945971703,0.6539822453933872,-1.3076923076923075,-1.7960620832236966,0.07707392748941003,-0.3246332605211874,-0.09880261696086903,-1.2880245127244871,-0.00991300829455796,-2.239243441686672,-0.05291522722049713,-0.4873394322902624,REIT—Retail,Real Estate,SKT
2019Q4,2019,Q4,2020-02-19,2019-12-31,-11749000.0,120492000.0,-14829000.0,-0.13,81010000.0,0.6723267934800651,2285211000.0,433206000.0,120290000.0,79562000.0,1829102000.0,0.0,-317263000.0,1358739390.0,3003077390.0,4.696356363084462,1.5119026671023856,0.6869269402256509,3.6236178630951557,-0.007080931479847351,4.696356363084462,-0.027121046338231695,11.276594213723733,-28.911809302919394,3.136474079306381,-2.8115584305047236,0.0,0.024311505387357615,0.05272685979544121,0.20954727131042458,-0.005141319554299363,22.099432200770945,0.6723267934800651,-1.52,-1.6814394663355863,0.1336142209875729,-0.11284040861593492,0.014590769616131254,-1.4989807185933917,0.009418837675350702,-1.5036285548130761,-0.0017880651752192184,-0.3330099896502656,REIT—Retail,Real Estate,SKT
2019Q3,2019,Q3,2019-11-04,2019-09-30,23546000.0,118994000.0,-14970000.0,0.25,79845000.0,0.6710002184984117,2324357000.0,472944000.0,102031000.0,73932000.0,1826157000.0,0.0,-272481000.0,1432116720.0,3091058720.0,5.112134379661456,1.3800654655629498,0.6762829462083493,3.323697943096857,-0.007006622826519389,5.112134379661456,0.04978602117798302,12.0352011025766,15.205520258217955,3.028089414391556,1.4126815595005522,0.0,0.023226458804279582,0.0511943733256122,0.0630849970242926,0.01013011340340576,21.617508754981284,0.6710002184984117,0.6666666666666667,0.03821053498445808,0.14620378143018103,-0.07524258199738383,0.010939339841227637,0.7153056020980549,0.1930354158805455,-0.6495365984869768,0.027323263137450347,-0.27421698575877745,REIT—Retail,Real Estate,SKT
2019Q2,2019,Q2,2019-08-05,2019-06-30,13727000.0,115707000.0,-18551000.0,0.15,78981000.0,0.6825948300448547,2343768000.0,490782000.0,103292000.0,60324000.0,1826960000.0,0.0,-262764000.0,1474218340.0,3145240340.0,5.26663590414972,1.7122869836217758,0.6768199753559226,3.2322069676557006,-0.008552067760073724,5.26663590414972,0.027969648438614294,12.740960702463981,26.848880673125958,3.0038150135905557,2.4373861732352298,0.0,0.02269541701672223,0.04936794085421424,0.12232279026589749,0.005856808353045182,24.754728393195975,0.6825948300448547,-0.7727272727272727,-0.26698681431156707,0.1387631546584792,-0.047701717552676506,-0.022246156131619996,-0.7797725048531229,-1.6785544460294817,-0.8091405037764984,0.060890341132630255,-0.20131194222100313,REIT—Retail,Real Estate,SKT
2019Q1,2019,Q1,2019-05-07,2019-03-31,62331000.0,123155000.0,27339000.0,0.66,80778000.0,0.6559051601640209,2353824000.0,478233000.0,95840000.0,87536000.0,1850381000.0,0.0,-276491000.0,1898716050.0000002,3572238050.0,5.12559081701553,1.0948638274538476,0.6724309039248474,3.309650316895739,0.012695907950836154,5.12559081701553,0.13033604958252568,15.417287564451303,7.615456394089619,3.970274008694507,0.5279876786831592,0.0,0.017332765475911997,0.052321244069225226,0.01846097605556571,0.026480739426567153,57.245418777134596,0.6559051601640209,2.1428571428571432,3.2772338290028706,0.201071792406243,-0.0711909393836507,-0.06678681592901951,2.162886284061501,-0.3521256931608133,1.3361793308950112,0.13100521424321834,-0.16709324675712256,REIT—Retail,Real Estate,SKT
2018Q4,2018,Q4,2019-02-21,2018-12-31,19707000.0,127199000.0,42198000.0,0.21,86559000.0,0.6805006328666106,2384902000.0,480179000.0,107185000.0,82676000.0,1879367000.0,0.0,-272454000.0,1882947060.0,3586782060.0,5.15639530513407,1.2964463689583434,0.7182341245049063,3.5672488801051276,0.019241282989306902,5.15639530513407,0.041040945147538734,14.803159301566836,23.886779570710914,3.9213440404515816,1.6696097833257217,0.0,0.01747420344361673,0.05333510559343738,0.10986259615849824,0.008263232619201963,24.03005513157559,0.6805006328666106,1.8749999999999998,-0.09886430292624197,0.1879507692746194,-0.07775917186307325,0.02336166842036816,1.9015508486207053,5.818223338661795,-0.8145311250216151,0.14756027010727815,-0.15035674930156548,REIT—Retail,Real Estate,SKT
2018Q3,2018,Q3,2018-11-05,2018-09-30,-21859000.0,124236000.0,-8758000.0,-0.24,84583000.0,0.6808252036446762,2421617000.0,497992000.0,108314000.0,70132000.0,1897134000.0,0.0,-259258000.0,2071675250.0,3814931250.0,5.348484034840886,1.5444305024810359,0.7216913326921639,3.5094138058442708,-0.0038999809409472172,5.348484034840886,-0.04389427942617552,16.67532156540777,-23.69361876115101,4.160057290076948,-1.504780639553502,0.0,0.01587748852046188,0.05130291041068839,0.0627958706439286,-0.009026613209272977,32.07275169135975,0.6808252036446762,-2.0,-1.4112996748950637,0.27250018425920475,-0.04964877391682077,0.034464624227970406,-1.9516739953850843,-1.2300257393496874,-1.504669653429878,0.11969479679268755,-0.013098121293554775,REIT—Retail,Real Estate,SKT
2018Q2,2018,Q2,2018-08-02,2018-06-30,22969000.0,119711000.0,38074000.0,0.24,81765000.0,0.6830199396880822,2488597000.0,546588000.0,103243000.0,65445000.0,1912933000.0,0.0,-204506000.0,2191570020.0,3955516020.0,5.858517867478403,1.5775536710214684,0.7105236404287235,3.234990523026484,0.01644810879581129,5.858517867478403,0.04202251055639714,18.30717327563883,23.853563716313293,4.009546532305868,1.4392877356436937,0.0,0.015084619564197179,0.048103811103203935,0.06510810604324242,0.009229698500801858,33.52921408136101,0.6830199396880822,0.0,0.36055922890541925,0.31575391329907976,0.14075572658820784,0.005509303097753237,0.005736053945179087,0.026751523650288548,-0.04725086252410599,0.1283370321885041,0.10099606107740976,REIT—Retail,Real Estate,SKT
2018Q1,2018,Q1,2018-05-03,2018-03-31,22838000.0,123535000.0,37082000.0,0.24,81317000.0,0.6582506981827012,2505858000.0,563658000.0,102096000.0,66405000.0,1912367000.0,0.0,-194416000.0,2060168000.0,3828796000.0,6.019157660928624,1.537474587756946,0.7071649710398594,3.1438478651948523,0.01587609436604583,6.019157660928624,0.040517476909757336,16.676796049702514,22.55197477887731,3.6549964694903645,1.4182064979420264,0.0,0.015721533389509983,0.049298483792776765,0.05160755967171147,0.009113844439708875,41.20006399488041,0.6582506981827012,-0.27272727272727276,0.47115311135760435,0.38528532851928105,0.1655723446082287,-0.05802423371869425,-0.2748690268296555,-0.14947590541067457,-0.3319557856763956,0.1773476278742521,0.13866677999473395,REIT—Retail,Real Estate,SKT
2017Q4,2017,Q4,2018-02-22,2017-12-31,31495000.0,126487000.0,43599000.0,0.33,86326000.0,0.6824891095527603,2540105000.0,581578000.0,102105000.0,90416000.0,1927803000.0,0.0,-184865000.0,2483748410.0,4241298410.0,6.207405193668548,1.1292802158909927,0.6943220851106549,3.032527021310985,0.01859050864542439,6.207405193668548,0.05415438685782475,19.6363927518243,19.715418399745992,4.270705580334883,1.0282584537228132,0.0,0.013038760234173637,0.049795973001116094,0.06747699522208458,0.012399093738250978,34.71443520433834,0.6824891095527603,2.941176470588235,0.7285450899415122,0.32030907692357885,0.1941893649023462,0.03764694569319903,3.0694526578618833,0.053548558586859335,0.7984714009553409,0.17162467369248902,0.17260246655419165,REIT—Retail,Real Estate,SKT
2017Q3,2017,Q3,2017-11-08,2017-09-30,-15219000.0,120765000.0,41383000.0,-0.17,83194000.0,0.6888916490705088,2541446000.0,578277000.0,103848000.0,84091000.0,1932411000.0,0.0,-183975000.0,2293599660.0,4058807660.0,6.156926418449155,1.234947854110428,0.6980203396019431,3.0677011190138983,0.017592883093606227,6.156926418449155,-0.026317837299425707,18.992254875170786,-37.67658288980879,3.9662647139692573,-2.13752546159406,0.0,0.014183381942077895,0.047518223877273016,0.10432745478112997,-0.005988323182943883,32.36941530124053,0.6888916490705088,-1.5483870967741935,-1.9797491878584295,0.31692198169805375,0.1860814122368246,0.008436568159228103,-1.5178291936032664,0.08636757409497808,-1.6609824243833706,0.1458119882888175,0.11375463841664314,REIT—Retail,Real Estate,SKT
2017Q2,2017,Q2,2017-08-02,2017-06-30,29390000.0,119614000.0,38093000.0,0.31,82498000.0,0.6897018743625328,2529493000.0,627733000.0,100223000.0,71383000.0,1868364000.0,0.0,-136225000.0,2468749500.0,4189389500.0,6.605977374375165,1.4040177633330064,0.6835369775682321,2.7543589392305328,0.016163463435642955,6.605977374375165,0.046819268701820675,20.63930225558881,20.99991068390609,3.932801844096136,1.1243280027220144,0.0,0.013384914103273741,0.04728773710779196,0.11714273706624827,0.011618929168809718,45.59178378178729,0.6897018743625328,0.3478260869565217,1.4210018354234364,0.32192145642942566,0.2594590882825715,0.01873278917276892,0.31581303724928367,0.01182001699957501,0.5390516386515622,0.15444497959408882,0.1944742378235441,REIT—Retail,Real Estate,SKT
2017Q1,2017,Q1,2017-05-02,2017-03-31,22336000.0,121368000.0,37648000.0,0.23,80981000.0,0.667235185551381,2539770000.0,663271000.0,100046000.0,82772000.0,1841767000.0,0.0,-132571000.0,3121178650.0000005,4813414650.0,6.9638406215549375,1.2086937611752766,0.6691397252507116,2.562242281058572,0.01593409663051078,6.9638406215549375,0.03367552629317428,25.71665224770945,34.93439570648281,4.705736644599266,1.441887535816619,0.0,0.010318537838261836,0.04778700433503821,0.0872879717778959,0.008794497139504759,55.13962812472397,0.667235185551381,-0.07999999999999996,1.5872091163154447,0.35637631632626826,0.29536880221100553,-0.022794738747435744,-0.0721555269388942,-0.016072968664244833,0.5014736718944197,0.15951010054756193,0.26191857619929443,REIT—Retail,Real Estate,SKT
2016Q4,2016,Q4,2017-02-23,2016-12-31,24073000.0,124559000.0,38263000.0,0.25,82870000.0,0.6653072038150595,2526214000.0,670216000.0,95207000.0,78143000.0,1820773000.0,0.0,-122701000.0,3405755080.0,5081399080.0,7.041119492362323,1.218368887808249,0.6681405454961457,2.5183910858588874,0.016226322918371797,7.041119492362323,0.03591827112453299,27.342504997631643,35.36903460308229,5.081578297145994,1.296431686952187,0.0,0.009163606679550192,0.04930659081138811,0.15640556415801798,0.00952927978389796,55.33314508529651,0.6653072038150595,-0.6527777777777778,0.6978535459465318,0.3163804362990147,0.3708995227561584,0.014382765163106678,-0.6516410048622366,-0.04042633228840126,0.07692082404961736,0.13808248769513476,0.25933088667228305,REIT—Retail,Real Estate,SKT
2016Q3,2016,Q3,2016-10-28,2016-09-30,69104000.0,119137000.0,39875000.0,0.72,81695000.0,0.6857231590521836,2560919000.0,670242000.0,117099000.0,78542000.0,1855267000.0,0.0,-115565000.0,3707277760.0,5406021760.0,7.043612594056077,1.4909093224007537,0.6734480864096053,2.573169094148084,0.016650047935435813,7.043612594056077,0.10310305829834597,31.117769962312295,13.41195068302848,5.531252532667305,0.4515512850196805,0.0,0.00841695767624382,0.046521190244595785,0.32978533778105984,0.026984063142957666,50.9626470547804,0.6857231590521836,-0.05263157894736847,3.962509087840136,0.2810158556656617,0.2963464180952353,0.07041312351777361,-0.058746611820150646,0.04003651538862806,0.2722918567972064,0.1940225762453367,0.25155199514683696,REIT—Retail,Real Estate,SKT
2016Q2,2016,Q2,2016-07-29,2016-06-30,73417000.0,111333000.0,38340000.0,0.76,76321000.0,0.6855200165269956,2379352000.0,627258000.0,111453000.0,62658000.0,1718938000.0,0.0,-153465000.0,3822082320.0,5397822320.0,6.594108742273243,1.7787513166714546,0.6736485396023791,2.5553233278810312,0.017192015622582792,6.594108742273243,0.11704434220049804,34.330183503543424,13.014977185120614,6.093317773547727,0.42535107672609884,0.0,0.008170415335272005,0.0467913112477683,0.43261834083437073,0.030855880088360193,74.95748813492841,0.6855200165269956,1.714285714285714,5.592764860757868,0.30646167941318075,0.48643048491727087,0.04648229148098888,1.7041252302025782,0.10175579758039024,3.2653456303643233,0.20018101678669362,0.28398811434047355,REIT—Retail,Real Estate,SKT
2016Q1,2016,Q1,2016-05-04,2016-03-31,27150000.0,110805000.0,34799000.0,0.28,72931000.0,0.6581923198411624,2190606000.0,584272000.0,99931000.0,67608000.0,1575034000.0,0.0,-195654000.0,3455012160.0,4911803160.0,6.153859116953151,1.478094308365874,0.6736346015668724,2.525652435851795,0.016893210481858694,6.153859116953151,0.046468083358435795,31.181013131176393,31.814108287292814,5.913362543472903,1.7475874769797421,0.0,0.013732802607560143,0.05058189377733833,0.27921251922849366,0.012393830748203922,63.944997501434365,0.6581923198411624,-0.7522123893805309,1.4449442712678366,0.32566873300862703,0.3647783747461789,-0.030417846554726864,-0.7489179891244035,-0.09119636468099554,0.7249720859108855,0.22552169781406659,0.1916564415475383,REIT—Retail,Real Estate,SKT
2015Q4,2015,Q4,2016-02-23,2015-12-31,108132000.0,112801000.0,38291000.0,1.13,75219000.0,0.666829194776642,2326707000.0,575137000.0,221777000.0,97396000.0,1720675000.0,0.0,-195486000.0,3098913600.0000005,4641161600.0,6.0688945635657605,2.2770647665201857,0.6721112714235183,2.719014773871269,0.017901832821164473,6.0688945635657605,0.18801085654374522,27.472394748273512,7.164654311397182,5.388131175702485,0.2525431879554618,0.0,0.008812120479899795,0.048480964728261876,0.2213437923528687,0.04647426599051793,67.76988650031711,0.666829194776642,1.4565217391304346,5.7387994582572395,0.2653831903522471,0.3274099405975917,-0.018989240299967396,1.4533635847986386,0.05264460083571586,4.867181117671617,0.16406927300346716,0.16754249455410708,REIT—Retail,Real Estate,SKT
2015Q3,2015,Q3,2015-11-03,2015-09-30,44075000.0,112906000.0,36376000.0,0.46,76675000.0,0.679104741997768,2230799000.0,513473000.0,157428000.0,90506000.0,1689523000.0,19286000.0,-256180000.0,3123775620.0,4642338620.0,5.419468895784519,1.7394205909000509,0.6899877577495777,2.9976727111259986,0.017721076223134735,5.419468895784519,0.08583703524820195,27.66704710112837,17.718523085649462,6.083621962595891,0.6195575723199093,1.8786166130872135,0.008741664998333011,0.05061235906955311,0.22828320774313304,0.019757494960325875,42.0269026477236,0.679104741997768,0.7692307692307693,1.8709511675259018,0.3760822624779437,-0.022236201908839754,0.053546401385033936,0.8003758016420898,-0.014040223342548924,1.8127568312430595,0.22052605475633746,0.04401626471033156,REIT—Retail,Real Estate,SKT
2015Q2,2015,Q2,2015-08-05,2015-06-30,24481000.0,107736000.0,36894000.0,0.26,72778000.0,0.6755216455038242,2188740000.0,504127000.0,138204000.0,83787000.0,1657304000.0,46862000.0,-272948000.0,3003289700.0,4500830700.0,5.321107018080873,1.6494682946041748,0.691946051152718,3.0041834696415783,0.01827686975785897,5.321107018080873,0.04856117605285969,27.876380225736987,30.669597851394958,5.957406962927992,1.1153547649197337,0.7459775511075072,0.009091697014776828,0.04922284053839195,0.20228675092794826,0.011184974003307839,64.85046101358209,0.6755216455038242,-0.27777777777777773,3.2574296249628265,0.3968501359212429,-0.045781524675313635,0.06721999002844825,-0.29065252665739455,0.12139817629179331,1.022667984530492,0.19422016149687632,0.014492816709052135,REIT—Retail,Real Estate,SKT
2015Q1,2015,Q1,2015-05-06,2015-03-31,34512000.0,105926000.0,32900000.0,0.36,68194000.0,0.6437890602873704,2128957000.0,499731000.0,133115000.0,80835000.0,1602106000.0,46530000.0,-270124000.0,3324831120.0,4771977120.0,5.286144960649911,1.646749551555638,0.6866305895328088,2.9251877510100432,0.016772552966090894,5.286144960649911,0.06906115490133692,31.38824386836093,24.08460187760779,6.653241684026007,0.665188919796013,0.8109176875134322,0.006904711599306734,0.04975487997174203,0.1813694562998701,0.0162107548438038,61.13058008053099,0.6437890602873704,1.0,9.464477663167457,0.3546849871704438,-0.06188761160993802,-0.06806969593440383,0.9673925436096226,-0.06946487159180903,3.0275526208738377,0.19267890770106244,-0.0167053443474908,REIT—Retail,Real Estate,SKT
2014Q4,2014,Q4,2015-02-24,2014-12-31,17542000.0,108143000.0,35356000.0,0.18,73175000.0,0.6766503610959563,2097660000.0,496819000.0,135234000.0,69558000.0,1573774000.0,46005000.0,-281679000.0,3468732960.0,4895051960.0,5.2936995876442445,1.9441904597602002,0.6880018687489869,2.9048687751474884,0.018224620144298,5.2936995876442445,0.03530863352649556,32.075427535762834,49.4346847565842,6.981884670272272,1.311309998859879,0.7600912944245191,0.006631528072429075,0.051554112677936366,0.2426032950918658,0.00836265171667477,86.14759617533838,0.6766503610959563,-0.25,0.23322601662701659,0.22609853058298385,-0.12899625260929307,0.00932426654160747,-0.2374038168934487,-0.000988951993444661,0.25482536582083753,0.15914800463493248,0.030678466142771314,REIT—Retail,Real Estate,SKT
2014Q3,2014,Q3,2014-11-03,2014-09-30,23003000.0,105297000.0,35391000.0,0.24,72499000.0,0.6885191410961375,2140117000.0,518722000.0,93539000.0,79227000.0,1585903000.0,0.0,-276218000.0,3070248480.0,4508412480.0,5.528081505637616,1.1806454870183145,0.6770601794200971,2.793380654763052,0.01798588206595484,5.528081505637616,0.04434552611996406,29.157986267415026,33.36791375038039,5.918870763144805,0.99973916445681,0.0,0.0074902732302631085,0.049201515618071345,0.13662009163542732,0.010748477770140605,47.67688681149743,0.6885191410961375,0.1999999999999999,3.7161890950089136,0.21486618740635882,-0.0971118858037883,0.05611315862310079,0.2203183023872679,0.08265777478662548,0.6751687219103201,0.14815306867265257,0.017419479432940654,REIT—Retail,Real Estate,SKT
2014Q2,2014,Q2,2014-08-06,2014-06-30,18850000.0,102276000.0,32689000.0,0.2,68647000.0,0.6711936329148578,2068616000.0,518756000.0,91145000.0,54763000.0,1514458000.0,0.0,-276224000.0,3280186000.0,4668229000.0,5.53044776119403,1.66435366944835,0.6774012189792595,2.7012371905096035,0.017025175009465952,5.53044776119403,0.03633692911503674,32.07190347686652,43.503793103448274,6.323176984940897,1.2195755968169761,0.0,0.007008444033356645,0.049441752360032024,0.241769077661925,0.009112372716830963,78.83735909822866,0.6711936329148578,0.3333333333333335,0.17111817489523143,0.15495768629069445,0.038390573808570014,0.02741899274115094,0.2896825396825397,0.14992788546100538,0.7166018355624614,0.21712102387526802,0.24666220542904044,REIT—Retail,Real Estate,SKT
2014Q1,2014,Q1,2014-05-08,2014-03-31,14616000.0,102842000.0,28427000.0,0.15,66815000.0,0.6496859259835476,2029893000.0,516417000.0,97974000.0,59872000.0,1478068000.0,0.0,-272085000.0,3275300000.0,4616260000.0,5.518454798033768,1.6363909673971138,0.6689347665123235,2.629398335066429,0.015166866476407245,5.518454798033768,0.028302708857376888,31.84788316057642,56.02250957854406,6.342355112244562,1.4681855500821017,0.0,0.006551766250419809,0.05066375419788137,0.2823690539818279,0.007200379527393808,77.06225589384029,0.6496859259835476,-0.3478260869565218,-0.6825597551982551,0.05478444324798775,0.35232946116338926,-0.08691492996241885,-0.3336980306345733,-0.21020754035506903,0.3354023885707586,0.2483335791178345,0.22386093461621182,REIT—Retail,Real Estate,SKT
2013Q4,2013,Q4,2014-03-03,2013-12-31,21936000.0,107402000.0,35993000.0,0.23,73175000.0,0.6813187836353141,2006456000.0,522259000.0,96655000.0,59462000.0,1448861000.0,0.0,-265242000.0,2990924160.0000005,4303732160.0,5.591159215484755,1.6254919108001749,0.6618879257755964,2.5428934685663624,0.019452437107768002,5.591159215484755,0.04200214835933895,27.847937282359737,34.08693654266959,5.7268982631223215,1.1399070021881839,0.0,0.00836029222486203,0.05352821093510149,0.256314957451818,0.010932709214655093,59.32372334728366,0.6813187836353141,-0.5892857142857143,0.5451307339189142,0.05224379695506072,0.5332195382624688,0.07547031158142269,-0.5883964423762524,0.07342459216844115,0.38695821094036736,0.2223599775910834,0.2229179868528912,REIT—Retail,Real Estate,SKT
2013Q3,2013,Q3,2013-11-12,2013-09-30,53294000.0,97903000.0,33531000.0,0.56,68040000.0,0.6949735963147197,2001963000.0,525466000.0,82425000.0,53672000.0,1441006000.0,0.0,-262173000.0,3048465200.0,4363828200.0,5.627902493359609,1.5357169473841108,0.6622724795613105,2.523179425500413,0.01811202979942322,5.627902493359609,0.10142235653686442,31.137607632043963,14.300227042443801,5.801450902627383,0.39835628776222465,0.0,0.006964160194448013,0.048903501213558895,0.19529736175286927,0.026620871614510357,49.44392506690455,0.6949735963147197,2.1111111111111116,2.398014125003341,0.022065175294265084,0.43275598809407123,0.09399620542174486,2.155731880625296,0.12309083601286173,2.5226916507995263,0.21083844883861155,0.01536874240098875,REIT—Retail,Real Estate,SKT
2013Q2,2013,Q2,2013-08-05,2013-06-30,16888000.0,91015000.0,29856000.0,0.18,62194000.0,0.6833379113332967,1692156000.0,479315000.0,74655000.0,40401000.0,1181862000.0,0.0,-294237000.0,3109788920.0,4229377920.0,5.135646248299064,1.8478503007351303,0.6648553679447994,2.3471808727037544,0.018609359281056424,5.135646248299064,0.03523361463755568,34.16787254848102,46.03548259118901,6.487985813087427,1.2579938417811465,0.0,0.006831653384371824,0.05378641212748706,0.1348976510482414,0.009980167313179163,77.50639084814196,0.6833379113332967,0.12499999999999993,7.6711757839642525,0.05588265691768906,0.30814101359787205,0.02708326452422631,0.0938532288360645,0.04702788006312467,1.9813199726049024,0.19788185377733444,-0.07903965918988068,REIT—Retail,Real Estate,SKT
2013Q1,2013,Q1,2013-05-09,2013-03-31,15439000.0,88689000.0,28515000.0,0.16,60554000.0,0.682767874257236,1661673000.0,480945000.0,66044000.0,45701000.0,1150234000.0,0.0,-289880000.0,3364859160.0,4450025160.0,5.1641218915088265,1.44513249163038,0.6546757394505417,2.2619156036553036,0.01817628993333767,5.1641218915088265,0.03210138373410681,37.93998308696682,54.486352095342966,6.996349187537037,1.2779972796165555,0.0,0.005863841266984856,0.05337331713279327,0.058882737795671866,0.009291238408519607,95.34609843869542,0.682767874257236,-0.15789473684210525,0.4699080090520713,0.02621817133271203,0.34910576787014236,-0.07487586891757696,-0.1449379707576429,-0.11408332556622239,3.7518736865848363,0.15134053853497126,-0.08354258961049488,REIT—Retail,Real Estate,SKT
2012Q4,2012,Q4,2013-02-27,2012-12-31,18056000.0,94936000.0,32187000.0,0.19,65455000.0,0.689464481334794,1672425000.0,482609000.0,71177000.0,48233000.0,1158550000.0,0.0,-285588000.0,3175299000.0000005,4258501000.0000005,5.198007431741074,1.4756909170070285,0.6538631029792068,2.2658860485403296,0.020421331526394127,5.198007431741074,0.037413309739354215,33.44673253560294,43.96459625609216,6.579444229179316,1.0911054497120072,0.0,0.006204455076514054,0.05676547528289759,0.21427238612568159,0.010796298787688537,44.603787101939915,0.689464481334794,0.1875,0.146128928266324,0.018301546689549034,0.28742945000711223,0.041133149883090234,0.17805180400600248,0.10829143998347221,0.28311476207589786,0.08802349079985666,-0.14474104979840755,REIT—Retail,Real Estate,SKT
2012Q3,2012,Q3,2012-11-08,2012-09-30,15327000.0,90483000.0,29042000.0,0.16,62869000.0,0.6948156007205774,1638957000.0,481069000.0,9511000.0,56612000.0,1125862000.0,0.0,-283943000.0,2947033200.0,3990343200.0,5.190981289250491,0.1680032501943051,0.6423725576692982,2.1885031045442545,,5.190981289250491,0.03186029446919257,32.57002088790159,48.06930906243884,6.126009366639713,1.2796372414693025,0.0,0.006655167644531456,0.05520767170828765,0.1680032501943051,0.009351679147164935,92.93116801210898,0.6948156007205774,0.3333333333333334,0.1973374185082071,0.0165806039687527,0.2251822695187603,0.05914956703392971,0.30809934283519674,0.12845819086105068,2.181751146620852,0.05701648316482984,-0.1521696446950983,REIT—Retail,Real Estate,SKT
2012Q2,2012,Q2,2012-08-08,2012-06-30,11717000.0,87335000.0,25736000.0,0.12,59358000.0,0.6796587851376882,1642375000.0,481064000.0,11855000.0,52757000.0,1127123000.0,0.0,-279657000.0,2939529849.9999995,3985757849.9999995,5.245090877372788,0.22470951722046364,0.6442395920541898,2.1994641045682073,0.01672094998073608,5.245090877372788,0.02435642658773053,33.658096410373844,62.71933622087564,6.110475633179784,1.6585303405308527,0.0,0.006610921130806004,0.05317604079458102,0.22470951722046364,0.007134180683461451,98.21021182052051,0.6796587851376882,0.3333333333333333,0.24719432797614763,0.0759504691841077,0.23260971887066945,0.020686097498065513,0.44156003937007876,0.13775419982316534,-0.2555101281813408,0.008634133364700737,-0.015187709745706067,REIT—Retail,Real Estate,SKT
2012Q1,2012,Q1,2012-05-10,2012-03-31,8128000.0,84243000.0,22620000.0,0.09,58155000.0,0.6903244186460596,1634958000.0,482067000.0,10787000.0,58863000.0,1113991000.0,0.0,-271941000.0,2665918830.0,3693860830.0,5.37595209153461,0.18325603520038056,0.6353245771451009,2.154739901300027,,5.37595209153461,0.016860726828428412,31.645582778391084,81.99799550935039,5.530183211047427,2.233759842519685,0.0,0.00681040990284014,0.05152609424829262,0.18325603520038056,0.004971381527843529,80.94977165760787,0.6903244186460596,-0.39579321703975445,0.7266545957422174,0.10284791017735137,0.2600628001429325,-0.06122877251888681,-0.39148012278206185,-0.19974527701125028,-0.8157751660026902,-0.09830833735061692,0.31740834368626614,REIT—Retail,Real Estate,SKT
2011Q4,2011,Q4,2012-02-29,2011-12-31,13357000.0,89140000.0,28266000.0,0.14895562667975154,61948000.0,0.6949517612743998,1621815000.0,460562000.0,7894000.0,51413000.0,1093383000.0,0.0,-261913000.0,2629153720.0,3646801720.0,5.136130967648404,0.15354093322700485,0.6323421598641029,2.22671866111403,,5.136130967648404,0.0290015242247515,29.494656944132824,49.20928576776222,5.708577173105901,1.2980459684060792,0.0,0.006594517417566593,0.05496311231552304,0.15354093322700485,0.008235834543397366,218.04227235030686,0.6949517612743998,0.06396876199822518,0.06287551860765749,0.06116068708554248,0.1686794094788961,0.06692845578863973,0.07164634146341463,0.0798028803911831,-0.019948765776086137,-0.09027800392775698,0.4084407270792958,REIT—Retail,Real Estate,SKT
2011Q3,2011,Q3,2011-11-07,2011-09-30,12464000.0,83243000.0,26177000.0,0.14,58062000.0,0.6975000900976659,1593690000.0,462771000.0,3694000.0,63458000.0,1061940000.0,0.0,-257930000.0,2215297710.0,3193836710.0,5.433433915299808,0.05821173059346339,0.616326261694558,2.1225033547910304,,5.433433915299808,0.026933407668155523,26.612420383695927,44.4339239008344,4.78702794686789,1.3786103979460846,0.0,0.007756519551496308,0.05223286837465253,0.05821173059346339,0.007820843451361307,-22.507012405132738,0.6975000900976659,0.2727272727272728,0.18588625734818323,0.07869755814123415,0.1836568027528644,0.20121648460774577,0.3228613882402887,0.17285720686410683,-0.12881455247767062,-0.04734286597775741,0.38324801953205884,REIT—Retail,Real Estate,SKT
2011Q2,2011,Q2,2011-08-09,2011-06-30,9422000.0,72101000.0,22319000.0,0.11,48336000.0,0.6703929210413171,1367589000.0,357039000.0,18438000.0,54462000.0,957276000.0,0.0,-253213000.0,2154529910.0,3022735910.0,4.436203918840003,0.33854797840696266,0.6483263612093985,2.4833253510120743,,4.436203918840003,0.026389274000879457,29.882108569922746,57.16753104436425,6.034438562734043,1.7260666525153896,0.0,0.007548282307206402,0.05272124885473633,0.33854797840696266,0.006889496771325303,-18.194123493696114,0.6703929210413171,0.0,0.13619817181560875,0.08218562513510388,-0.010311566337970224,0.03656365936823144,0.002553734837199404,0.05407575328232738,4.610022884389844,-0.030013401268597154,0.12998053416164282,REIT—Retail,Real Estate,SKT
2011Q1,2011,Q1,2011-05-09,2011-03-31,9398000.0,70739000.0,21174000.0,0.11,46631000.0,0.659197896492741,1218244000.0,362316000.0,731000.0,64487000.0,801866000.0,0.0,-246372000.0,2108462719.9999998,2828701720.0,4.5090538001070275,0.01133561803154124,0.5918108359244946,1.989892800759558,,4.5090538001070275,0.025938683359277535,29.806227399312963,56.08806980208554,5.819402731317414,1.6754628644392424,0.0,0.007468000193050604,0.058066364373639434,0.01133561803154124,0.007714382340483516,147.88964859367326,0.659197896492741,-0.0833333333333333,-0.5227216902906998,0.10663617947292499,-0.010358556946005567,-0.051964950088438,-0.308411214953271,-0.1467257707032037,0.037058518784498756,-0.051307008799212954,0.17797190251522502,REIT—Retail,Real Estate,SKT
2010Q4,2010,Q4,2010-12-31,2010-12-31,13589000.0,75493000.0,24815000.0,0.12,49187000.0,0.6515438517478441,1216934000.0,366929000.0,6481000.0,223425000.0,795039000.0,723000.0,-240024000.0,2054152320.0,2763010320.0,4.571982157097288,0.029007496922904778,0.5872265874731086,1.947559337092462,0.022944029143493798,4.571982157097288,0.03703441265203895,27.209838263150225,37.79071896386783,5.598228322100461,1.3015674442563838,36.38450899031812,0.008610364395956771,0.062035410301626875,0.025771511692961845,0.011166587505978138,25.691034068737807,0.6515438517478441,-0.17241379310344826,81.06860225907099,0.044766988681691385,0.10705700113500874,0.04862917324009722,0.04538810677744442,0.04713477930627057,-0.0021151322285443528,-0.06322958121228493,0.13237707934221646,REIT—Retail,Real Estate,SKT
2010Q3,2010,Q3,2010-09-30,2010-09-30,12999000.0,69473000.0,23698000.0,0.145,46906000.0,0.6751687706015287,1197559000.0,444659000.0,2835000.0,71111000.0,697510000.0,0.0,-233387000.0,1890879680.0,2497359680.0,5.542717889908257,0.0398672497925778,0.5087974788716046,1.370297239007869,,5.542717889908257,0.029233637461515454,27.21747556604724,36.365868143703366,4.252426421145192,0.9552273251788599,0.0,0.00656678483106868,0.0580121730954383,0.0398672497925778,0.010854580024867251,143.6402066241264,0.6751687706015287,2.6249999999999996,1.0254225668129235,-0.07492305436313784,0.4298883944201144,0.08649124432502547,1.6702958093672966,0.1790049751243781,0.17306732392601895,-0.0983365255580541,0.3081996072154095,REIT—Retail,Real Estate,SKT
2010Q2,2010,Q2,2010-06-30,2010-06-30,4868000.0,65295000.0,20100000.0,0.04,43172000.0,0.6611838578757945,1179140000.0,447261000.0,3453000.0,53576000.0,676077000.0,0.0,-229298000.0,1659462140.0,2261224140.0,5.576403261601376,0.06445050022398088,0.5132681445799481,1.3531584466340683,,5.576403261601376,0.010884025211230133,25.414842484110576,85.22299404272802,3.710276862950269,3.993631881676253,0.0,0.011715241662578695,0.05537510388927523,0.06445050022398088,0.004128432586461319,213.6279788877446,0.6611838578757945,1.6666666666666667,-0.06625055060804631,-0.10355426603675699,1.0460262210140034,-0.013143758429149428,0.7429287504475475,0.8241219711407569,-0.4074687640415425,-0.08012913480925395,0.310468973234423,REIT—Retail,Real Estate,SKT
2010Q1,2010,Q1,2010-03-31,2010-03-31,2793000.0,66219000.0,11019000.0,0.015,43747000.0,0.6606412056962503,1168905000.0,451128000.0,3197000.0,76582000.0,661394000.0,0.0,-217076000.0,1727694799.9999998,2309309800.0,5.634873844616537,0.041746102217231205,0.5003075527951373,1.2963327481335674,,5.634873844616537,0.00619114752354099,26.09062051677011,154.64507697815966,3.8297219414445567,6.871464375223773,0.0,0.011108443458879428,0.05665045491293133,0.14818103470789482,0.002389415735239391,98.09759255053372,0.6606412056962503,-0.9010322412896516,1.6342969991053997,-0.08216648682379253,1.1237271247519773,-0.06451543922675562,-0.7579303172126886,-0.48650915699706415,-0.33544774366497304,-0.02904110304041558,0.3207511514621492,REIT—Retail,Real Estate,SKT
2009Q4,2009,Q4,2009-12-31,2009-12-31,11538000.0,71543000.0,21459000.0,0.15156451146782965,46764000.0,0.6536488545350349,1178861000.0,462671000.0,3267000.0,73187000.0,657798000.0,0.0,-202997000.0,1484076370.0,2065420370.0,6.077700128733941,0.044639075245603725,0.49591173174784814,1.2635566093401143,,6.077700128733941,0.024937806778466774,20.74383755224131,32.15627426763737,3.207627817606896,2.2600970705494885,0.0,0.017571198172234223,0.060688240598340264,0.044639075245603725,0.009787413443993821,108.97102357001248,0.6536488545350349,4.052150382260988,0.8753483030591427,-0.041308856891826,1.008683230636601,-0.044930969692018624,1.9158453373768005,0.6522174314752078,0.0814912623289592,0.003216513478228772,0.38292482068280936,REIT—Retail,Real Estate,SKT
2009Q3,2009,Q3,2009-09-30,2009-09-30,3957000.0,70317000.0,12988000.0,0.03,48964000.0,0.6963323236201772,1176595000.0,466094000.0,4401000.0,42192000.0,651595000.0,0.0,-197725000.0,1421272420.0000002,1962164420.0000002,6.122665055303051,0.10430887372013652,0.46345004015825325,1.1699206597810743,,6.122665055303051,0.008489703793655358,20.212358604604866,89.79482057113975,3.0493257154136293,2.743745261561789,0.0,0.00763892962898696,0.05976313004899732,0.10430887372013652,0.0033630943527721943,43.61069100951213,0.6963323236201772,-0.8,2.3861229979955523,0.012010968200017333,0.9912310874232069,0.11603947758302373,-0.6633486472690148,-0.016135141277175972,-0.5787786439361982,0.01946199868618754,0.333803678605487,REIT—Retail,Real Estate,SKT
2009Q2,2009,Q2,2009-06-30,2009-06-30,11754000.0,64667000.0,13201000.0,0.15,43873000.0,0.6784449564692966,1190625000.0,364819000.0,5150000.0,63582000.0,778005000.0,0.0,-186202000.0,1110695070.0,1819968070.0,5.325980320593302,0.08099776666352113,0.6000403149606299,1.9582943870796203,,5.325980320593302,0.03221871667868176,17.17560842469884,23.623767866258294,3.0445099350636893,1.355113152969202,0.0,0.014340569639874247,0.054313490813648294,0.08099776666352113,0.009872125984251969,66.45695386824627,0.6784449564692966,-0.673913043478261,1.4513750140775747,0.031508582589677245,0.6322295636259266,0.010665745219995392,-0.6180045498862529,-0.22701721513057735,0.665416786376721,0.1404321489194517,0.1881918003852895,REIT—Retail,Real Estate,SKT
2009Q1,2009,Q1,2009-03-31,2009-03-31,30770000.0,65158000.0,17078000.0,0.46,43410000.0,0.6662267104576568,1209363000.0,255199000.0,3101000.0,70715000.0,919882000.0,0.0,-184349000.0,964961340.0,1811027340.0,4.080702932616969,0.04385208230219897,0.7021605589058041,3.3274699352270187,,4.080702932616969,0.1205725727765391,14.80956045305258,7.8401148846278845,3.781211290012892,0.5116022099447514,0.0,0.016313606926470235,0.05387795062359275,0.04385208230219897,0.025443146515975765,54.36095656582728,0.6662267104576568,2.026562861651762,23.601042566119798,0.15161674836106245,0.17800782961409975,-0.01030504764944599,2.2372435560231456,-0.2247843849296414,1.0078065249630574,0.30969992167198956,-0.10437246527999566,REIT—Retail,Real Estate,SKT
2008Q4,2008,Q4,2009-02-27,2008-12-31,9505000.0,68337000.0,22030000.0,0.15198759154434105,43862000.0,0.6418484861787904,1121855000.0,228056000.0,4977000.0,69159000.0,864478000.0,0.0,-196535000.0,1176339780.0,1966681780.0,3.646678819277879,0.07196460330542663,0.7089320812404455,3.4873846774476442,,3.646678819277879,0.04167835970112604,17.213804820229157,30.94002577590741,5.158118093801522,1.4138874276696476,0.0,0.011424420247014006,0.06091428927980889,0.07196460330542663,0.00847257444143851,-1047.4975779162955,0.6418484861787904,0.08562565388815026,0.5919213686904693,0.6816818532579096,0.10216313810618131,0.04197648176743081,-0.07520918466627749,0.07160229594318514,72.66737277623206,0.21367439425009757,-0.11699539082728376,REIT—Retail,Real Estate,SKT
2008Q3,2008,Q3,2008-11-07,2008-09-30,10278000.0,62773000.0,20558000.0,0.14,42095000.0,0.6705908591273319,1124731000.0,240341000.0,3753000.0,69413000.0,852712000.0,0.0,-192601000.0,1339672002.2649999,2268718002.265,3.9280258049007677,0.054067681846340025,0.8293529741778256,3.881148035499561,,3.9280258049007677,0.04276423914355021,21.341532223487803,32.5859117110576,5.574046884489122,1.3057987935395992,0.0,0.010018123822330353,0.05581156738811325,0.054067681846340025,0.00913818504157883,-158.0920465264338,0.6705908591273319,5.708937173913044,0.9762239538334779,0.39962875581817087,0.7931399262146306,0.0,6.979813664596273,0.07560299272746299,1.099737936035159,0.0959366985464531,0.013336529653920895,REIT—Retail,Real Estate,SKT
2008Q2,2008,Q2,2008-08-01,2008-06-30,1288000.0,57005000.0,19113000.0,0.020867686843808055,0.0,0.0,1099721000.0,242316000.0,1088000.0,95300000.0,857405000.0,0.0,-189458000.0,1108839718.23,1998130718.23,3.925911805313814,0.011416579223504721,0.8096408088960746,3.6744540187193584,,3.925911805313814,0.005315373314184783,19.451622107359004,215.2251005881211,4.576007024835339,10.398291925465838,0.0,0.012078391294802059,0.051835874735501095,0.011416579223504721,0.001171206151378395,-65.31807953758248,0.0,-0.7681368128465772,-0.6483157067675521,0.21230696362244988,0.7186030781683603,0.0,-0.8149691136330987,0.11102714642794861,-0.6789586611738169,0.017003234758484344,0.4404479228343661,REIT—Retail,Real Estate,SKT
2008Q1,2008,Q1,2008-05-09,2008-03-31,6961000.0,57276000.0,17203000.0,0.09,0.0,0.0,1073044000.0,236261000.0,2302000.0,109000000.0,805764000.0,0.0,-177353000.0,1187226940.17,1921898940.17,3.8278109948796075,0.021119266055045872,0.6782396621200995,3.080411070807285,,3.8278109948796075,0.029463178434020004,20.72817480567777,42.63851961535699,5.025065246358899,1.8228702772590144,0.0,0.010687931321860883,0.053377121534624865,0.10545871559633027,0.006487152437365104,-141.9618486392443,0.0,-0.46958846748782584,0.8942422653680362,0.17041077528380977,0.5426777125600372,0.0,-0.3353384894490595,-0.20492674585201276,3.0505359525678317,0.02974100524198583,0.4426633607806853,REIT—Retail,Real Estate,SKT
2007Q4,2007,Q4,2008-02-28,2007-12-31,10473000.0,61978000.0,21637000.0,0.16967956856770322,0.0,0.0,1060280000.0,249204000.0,2412000.0,104800000.0,777343000.0,0.0,-171625000.0,1163772495.81,1878400495.81,4.03750856539157,0.02301526717557252,0.6661872335609461,2.8344047447071476,,4.03750856539157,0.042025810179611885,18.777186998773757,27.78030401532512,4.669959133119854,1.2106368757758044,0.0,0.010894741064640182,0.05845437054362999,0.12506679389312977,0.009877579507299958,525.6425003658536,0.0,0.5425415324336657,0.21011785335106176,0.17608210894383508,0.6393260352668371,0.0,0.24723115398356557,0.11697898921067575,1.0994907574045856,0.02433163095397435,0.33439879840585596,REIT—Retail,Real Estate,SKT
2007Q3,2007,Q3,2007-11-08,2007-09-30,8397000.0,58386000.0,19371000.0,0.11,0.0,0.0,1053447000.0,257567000.0,2434000.0,98600000.0,760514000.0,0.0,-169419000.0,1267194731.8799999,1974002731.8799999,4.236905331065114,0.02468559837728195,0.6619545169334575,2.7073887571000945,,4.236905331065114,0.03260122608874584,21.70374288151269,37.7276030689532,4.919864469749618,1.5097058473264262,0.0,0.010003987296563729,0.05542376597968384,0.14545638945233266,0.007970975283996252,-333.73577347379506,0.0,0.375,1.0293784170237452,0.16009775351148747,0.5843058614014984,0.0,0.3069260700389105,0.12950437317784255,4.6834215402077595,0.05226508390464748,0.3779387788621052,REIT—Retail,Real Estate,SKT
2007Q2,2007,Q2,2007-08-03,2007-06-30,6425000.0,55512000.0,17150000.0,0.08,0.0,0.0,1042053000.0,266912000.0,1223000.0,91600000.0,737950000.0,0.0,-165139000.0,1174525625.0,1871080625.0,4.255273017138302,0.013351528384279476,0.6558725899738305,2.56059675098909,,4.255273017138302,0.024071604124205732,21.158049160541864,45.70138618677043,4.400422704861527,1.970739299610895,0.0,0.010780522562034352,0.05327176256869852,0.16972707423580785,0.006165713260266032,240.33673521587886,0.0,1.6666666666666667,0.5392406665517033,0.03286805199021078,0.8804226975490647,0.0,0.9582444376714416,0.2730106888361045,0.4633035358423958,-0.03302726746563384,0.30409464582834017,REIT—Retail,Real Estate,SKT
2007Q1,2007,Q1,2007-05-03,2007-03-31,3281000.0,53241000.0,13472000.0,0.03,0.0,0.0,1028838000.0,266651000.0,3273000.0,85200000.0,724994000.0,0.0,-158902000.0,1262187500.0,1935962500.0,4.266416,0.03841549295774648,0.6580705611573445,2.5390791709012905,,4.266416,0.012304472887782157,23.707058469976147,96.1739942090826,4.7334812170215,3.6452301127704967,0.0,0.009475612775439466,0.051748671802557836,0.03841549295774648,0.003189034619638855,176.08642578125,0.0,-0.7859344674049549,0.11894588235294115,-0.035681975889444335,0.7781544357239515,0.0,-0.6254138600296838,-0.3208308126638435,1.6247999999999998,-0.05843479324581144,0.23161904588035293,REIT—Retail,Real Estate,SKT
