Quarters,Year,Quarter,FillingDate,Date,NetIncome,Revenue,OperatingIncome,EPSDiluted,GrossProfit,GrossProfitRatio,TotalAssets,CommonStockEquity,CurrentAssets,CurrentLiability,TotalLiability,Inventory,RetainedEarnings,MarketCap,EnterpriseValue,bookValuePerShare,currentRatio,debtToAssets,debtToEquity,roic,shareholdersEquityPerShare,roe,priceToSalesRatio,peRatio,pbRatio,payoutRatio,inventoryTurnover,dividendYield,assetTurnover,quickRatio,returnOnAssets,priceToFreeCashFlowsRatio,grossProfitMargin,epsdilutedGrowth,fiveYNetIncomeGrowthPerShare,fiveYRevenueGrowthPerShare,fiveYShareholdersEquityGrowthPerShare,grossProfitGrowth,netIncomeGrowth,operatingIncomeGrowth,threeYNetIncomeGrowthPerShare,threeYRevenueGrowthPerShare,threeYShareholdersEquityGrowthPerShare,Industry,Sector,Symbol
2023Q1,2023,Q1,2023-05-15,2023-03-31,3098752.0,0.0,-318804.0,0.12,0.0,0.0,218886265.0,208555836.0,1060431.0,1045168.0,10330429.0,0.0,-9270529.0,274267801.3,273808715.3,7.855029922099718,1.014603393904138,0.0013819962618485907,0.0014504508998731639,-0.0034029227604896115,7.855029922099718,0.014858140915318237,0.0,22.127279086871102,1.3150809229812201,0.0,0.0,0.0,0.0,0.7286732850603922,0.014156904728581303,-1306.9831559033205,0.0,-0.8095238095238095,0.0,0.0,0.0,1.0,-0.07103034547306147,0.4409330758992219,0.0,0.0,0.0,Shell Companies,Financial Services,CDAQ
2022Q4,2022,Q4,2023-04-18,2022-12-31,3335687.0,0.0,-570243.0,0.63,-1203963.0,0.0,216798844.0,207165862.0,1277399.0,978332.0,9632982.0,0.0,-8356114.0,212829689.76,212160755.76,9.753347569038903,1.3056907062224277,0.0012338626676441135,0.0012912359083563682,-0.006631805431938594,9.753347569038903,0.016101528349299173,0.0,15.950963756491541,1.0273395804951686,0.0,0.0,0.0,0.0,0.9571740472559418,0.01538609218783473,-329.7476570111181,0.0,2.0000000000000004,3.249476920400817,0.0,18124.607024386478,-4.678427913821077,-0.3957935970572242,-1.6895209976229106,3.249476920400817,0.0,18124.607024386478,Shell Companies,Financial Services,CDAQ
2022Q3,2022,Q3,2022-10-27,2022-09-30,5520774.0,0.0,-212024.0,0.21,-212024.0,0.0,215302563.0,206459852.0,1597453.0,121439.0,8842711.0,0.0,-7228281.0,259399459.7,258437173.7,7.776086952427835,13.15436556625137,0.0009985947078577043,0.0010413646910877375,-0.0021337084593052004,7.776086952427835,0.026740181911977735,0.0,11.746516869736018,1.2564159917154256,0.0,0.0,0.0,0.0,9.694463887219097,0.025641933486876326,-2486.4792348836318,0.0,0.16666666666666666,157480.41107456997,0.0,13335.501866592296,-0.017804766819480115,0.17878535086260258,-0.017804766819480115,157480.41107456997,0.0,13335.501866592296,Shell Companies,Financial Services,CDAQ
2022Q2,2022,Q2,2022-08-09,2022-06-30,4683443.0,0.0,-208315.0,0.18,-208315.0,0.0,214498984.0,203805477.0,1649276.0,118779.0,10693507.0,0.0,-8922213.0,256213386.5,255146777.5,7.676112789875638,13.885249076015121,0.0007575793459236151,0.0007973289157484222,-0.0021377077289938488,7.676112789875638,0.022979966333289463,0.0,13.676550910302527,1.2571467178970859,0.0,0.0,0.0,0.0,10.347864521506327,0.02183433652068021,-4668.27101705415,0.0,-0.25,457.4125750761933,0.0,13134.294015104842,0.0,-0.25119269419942675,0.023741570242898854,457.4125750761933,0.0,13134.294015104842,Shell Companies,Financial Services,CDAQ
2022Q1,2022,Q1,2022-05-05,2022-03-31,6254537.0,0.0,-213381.0,0.24,0.0,0.0,214314732.0,201567913.0,1661660.0,70390.0,12746819.0,0.0,-10837498.0,256213386.5,255091893.5,7.591837362682063,23.60647819292513,0.0005599241773076057,0.0005953328494302563,-0.0021906902992269743,7.591837362682063,0.031029427783974724,0.0,10.241101239788014,1.2711020453935047,0.0,0.0,0.0,0.0,17.63734905526353,0.029183887368041502,-1006.9697630089609,0.0,4.438395415472779,0.0,0.0,0.0,0.0,4.479194213485365,0.797255965756581,0.0,0.0,0.0,Shell Companies,Financial Services,CDAQ
2021Q4,2021,Q4,2022-02-24,2021-12-31,-1797697.0,0.0,-1052465.0,-0.0698,0.0,0.0,2543.7569999999996,-13857.545,2208.181,568.571,16401.302,0.0,-13858.076,247714999.99999997,247713211.98599997,-0.0005381570873786408,3.883738354576649,0.0,0.0,95.80723540381281,-0.0005381570873786408,129.72694658397285,0.0,-34.44893661167593,-17875.8214387902,0.0,0.0,0.0,0.0,3.1447506116210637,-706.7094065981933,-643.7700759898956,0.0,-69799.0,0.0,0.0,0.0,0.0,-52872.44117647059,-30953.852941176472,0.0,0.0,0.0,Shell Companies,Financial Services,CDAQ
2021Q3,2021,Q3,2021-11-23,2021-09-30,-34.0,0.0,-34.0,-1e-06,0.0,0.0,830799.0,15014.0,11992.0,815785.0,815785.0,0.0,-9986.0,248487500.0,248670508.0,0.0005830679611650485,0.014699951580379634,0.23471381164397165,12.987877980551485,-0.000161893968973497,0.0005830679611650485,-0.002264553083788464,0.0,-1827113.9705882354,16550.386306114295,0.0,0.0,0.0,0.0,0.014699951580379634,-4.092445946612839e-05,-2968.8582761834214,0.0,0.9974093264248705,0.0,0.0,0.0,0.0,0.9965836012861736,0.9965390879478827,0.0,0.0,0.0,Shell Companies,Financial Services,CDAQ
2021Q2,2021,Q2,2021-06-30,2021-06-30,-9952.0,0.0,-9824.0,-0.000386,0.0,0.0,866199.0,15048.0,95690.0,851151.0,851151.0,0.0,-9952.0,248487500.0,248586810.0,0.0005843883495145632,0.11242423494773547,0.22512147901348303,12.958532695374801,-0.046770262035344304,0.0005843883495145632,-0.6613503455608719,0.0,-6242.149819131832,16512.991759702287,0.0,0.0,0.0,0.0,0.11242423494773547,-0.011489276713549658,-2502.139764374182,0.0,0.0,0.0,0.0,0.0,0.0,0.0,0.0,0.0,0.0,0.0,Shell Companies,Financial Services,CDAQ
2021Q1,2021,Q1,2021-03-31,2021-03-31,,,,,,,90000.0,18056.0,0.0,71944.0,71944.0,0.0,-6944.0,0.0,0.0,0.0,0.0,0.0,0.0,,0.0,,0.0,0.0,0.0,0.0,0.0,,,0.0,,0.0,0.0,0.0,0.0,0.0,0.0,0.0,0.0,0.0,0.0,0.0,0.0,Shell Companies,Financial Services,CDAQ
