Quarters,Year,Quarter,FillingDate,Date,NetIncome,Revenue,OperatingIncome,EPSDiluted,GrossProfit,GrossProfitRatio,TotalAssets,CommonStockEquity,CurrentAssets,CurrentLiability,TotalLiability,Inventory,RetainedEarnings,MarketCap,EnterpriseValue,bookValuePerShare,currentRatio,debtToAssets,debtToEquity,roic,shareholdersEquityPerShare,roe,priceToSalesRatio,peRatio,pbRatio,payoutRatio,inventoryTurnover,dividendYield,assetTurnover,quickRatio,returnOnAssets,priceToFreeCashFlowsRatio,grossProfitMargin,epsdilutedGrowth,fiveYNetIncomeGrowthPerShare,fiveYRevenueGrowthPerShare,fiveYShareholdersEquityGrowthPerShare,grossProfitGrowth,netIncomeGrowth,operatingIncomeGrowth,threeYNetIncomeGrowthPerShare,threeYRevenueGrowthPerShare,threeYShareholdersEquityGrowthPerShare,Industry,Sector,Symbol
2023Q1,2023,Q1,2023-05-11,2023-03-31,3517000.0,11688000.0,7887000.0,0.41,5582000.0,0.4775838467,1128806000.0,822984000.0,541247000.0,59170000.0,284479000.0,0.0,562511000.0,366220605.24,536216605.24,95.26031921971601,9.147321277674497,0.19959939971970383,0.27377081449943136,0.005790428113060162,95.26031921971601,0.004273473117338855,31.33304288501027,26.032172678419105,0.4449911605085882,0.0,0.0,0.0,0.010354303573864774,8.214618894710156,0.00311568152543484,238.89145808219178,0.4775838466803559,-0.939882697947214,16.231488441710347,-0.620547739147667,3.400589604976319,-0.2009733753220727,-0.9403372463866458,0.3032055518836748,-0.23066620270572064,-0.010393088453413862,1.462686430368387,Real Estate Services,Real Estate,TCI
2022Q4,2022,Q4,2023-03-23,2022-12-31,58948000.0,12784000.0,6052000.0,6.82,6986000.0,0.5464643304,1218165000.0,819467000.0,618540000.0,63292000.0,377553000.0,0.0,558994000.0,381684980.88,581940980.88,94.85322680638143,9.772799089932377,0.40892818296372,0.6078853693925442,0.0036602738190244827,94.85322680638143,0.07193456234357211,29.85645970588235,1.6187359235258192,0.4657722408345913,0.0,0.0,0.0,0.010494473244593303,8.052471086393226,0.04839081733591098,-9.542124522,0.5464643304130162,-0.8442566796072163,9.097371202354632,-0.5825889786654734,3.371244544569369,0.9309010503040354,-0.8441975837251653,-0.9871071373030228,9.28573462216146,0.04725504256726274,1.4861721947672974,Real Estate Services,Real Estate,TCI
2022Q3,2022,Q3,2022-11-10,2022-09-30,378351000.0,8319000.0,469407000.0,43.79,3618000.0,0.4349080418,1164539000.0,760519000.0,499939000.0,100077000.0,383114000.0,0.0,500046000.0,348596400.6,499849400.6,88.0300014491888,4.9955434315577,0.2425474801616777,0.37139900515305996,0.36515050627479384,88.0300014491888,0.4974905294936747,41.90364233681933,0.2303392885178049,0.4583664584316763,0.0,0.0,0.0,0.007143599312689399,4.8161815402140356,0.3248933698227367,164.19990607630712,0.434908041831951,21.92670157068063,52.97041140995545,-0.7334304306670713,2.9005877712567996,-0.08590197069226882,21.984691088026246,126.00405844155844,50.028726122258234,-0.29356708677410914,1.2585806241757667,Real Estate Services,Real Estate,TCI
2022Q2,2022,Q2,2022-08-12,2022-06-30,16461000.0,7770000.0,3696000.0,1.91,3958000.0,0.5093951094,754466000.0,382168000.0,338202000.0,37584000.0,351617000.0,0.0,121695000.0,343758383.64,619011383.64,44.23590941690291,8.998563218390805,0.6336534714619346,1.250941994096837,0.004286170319188681,44.23590941690291,0.04307268007787151,44.241748216216216,5.220800431930016,0.8994954670197399,0.0,0.0,0.0,0.010298674824312825,8.48078969774372,0.021818080602704428,-102.9524958490566,0.5093951093951093,0.1301775147928994,2.595627025223871,-0.7495189762346861,1.0307978163177833,0.05293961159882948,0.1259233926128591,-0.42195808570534876,3.617884528381481,-0.3377907934204513,0.10925906599568948,Real Estate Services,Real Estate,TCI
2022Q1,2022,Q1,2022-05-13,2022-03-31,14620000.0,7787000.0,6394000.0,1.69,3759000.0,0.482727623,750959000.0,365707000.0,338887000.0,34916000.0,364731000.0,0.0,105234000.0,337192503.48,652637503.48,42.33055024263495,9.705779585290411,0.43841807608671046,0.9002671537597038,0.009183193561891562,42.33055024263495,0.03997735892394731,43.301978101964814,5.765945681942545,0.922029120252005,0.0,0.0,0.0,0.010369407650750574,9.08626417688166,0.0194684396884517,-80.70667866921973,0.48272762296134586,2.564814814814815,3.873541054094793,-0.7508257054786922,0.8402718509396893,-0.5368978686706911,2.5735658163814445,6.350627615062762,3.630194289841802,-0.3412933709674373,0.04232206730543363,Real Estate Services,Real Estate,TCI
2021Q4,2021,Q4,2022-03-29,2021-12-31,-9291000.0,8117000.0,-1195000.0,-1.08,8117000.0,1.0,768006000.0,351205000.0,66736000.0,177331000.0,416801000.0,0.0,90732000.0,337797255.6,463812255.6,40.651945130841376,0.376335778854233,0.23014143118673552,0.5032673225039507,-0.00290345415462,40.651945130841376,-0.026454634757477825,41.61602261919429,-9.089367549241201,0.9618235947665894,0.0,0.0,0.0,0.010568927846917863,0.376335778854233,-0.012097561737798924,-89.17562185850053,1.0,-1.355263157894737,-3.7057341252879654,-0.7201766934056326,0.7213210566455043,0.8347649186256781,-1.3539967995123066,0.7378236068451075,-1.06158524865748,-0.6692093208140331,-0.014805443824475623,Real Estate Services,Real Estate,TCI
2021Q3,2021,Q3,2021-11-10,2021-09-30,26246000.0,10034000.0,-4558000.0,3.04,4424000.0,0.44090093681482956,791241000.0,359952000.0,357774000.0,48461000.0,411021000.0,0.0,99479000.0,345572640.0,644284640.0,41.66440954353331,7.382720125461711,0.4582169023091574,1.0072454104991777,-0.006271459022919594,41.66440954353331,0.0729152775925679,34.4401674307355,3.291669587746704,0.9600520069342579,0.0,0.0,0.0,0.012681344874696836,6.968159963682136,0.033170677454783054,-45.19061592781483,0.44090093681482956,1.8539325842696628,6.8258539244168475,-0.6599571567350278,0.7923809116004665,-0.2288652605891581,1.8540005856896495,0.1276555023923445,0.19282673244151627,-0.6978028443200175,0.6683383456879198,Real Estate Services,Real Estate,TCI
2021Q2,2021,Q2,2021-08-11,2021-06-30,-30733000.0,10795000.0,-5225000.0,-3.56,5737000.0,0.5314497452524317,825242000.0,333706000.0,341301000.0,62539000.0,471402000.0,0.0,73233000.0,291749701.32000005,654035701.32,38.62643755593614,5.457410575800701,0.4947421483637527,1.223478151426705,-0.006768947845008723,38.62643755593614,-0.09209603663104649,27.026373443260773,-2.373260837861582,0.8742716682349134,0.0,0.0,0.0,0.013081011388174621,5.105646076848047,-0.03724119712763044,216.1108898666667,0.5314497452524317,-2.3587786259541983,-7.656380558528772,-0.6430973391921576,0.6234435406863372,-0.04319546364242829,-2.3579445033580773,-1.3472596585804133,-5.2798891832991375,-0.6553603280755479,0.7203506881821053,Real Estate Services,Real Estate,TCI
2021Q1,2021,Q1,2021-05-13,2021-03-31,22632000.0,11828000.0,-2226000.0,2.62,5996000.0,0.5069327020629016,837502000.0,364439000.0,363606000.0,26307000.0,453084000.0,0.0,103966000.0,185918080.32,558251080.3199999,42.18377936401446,13.821644429239367,0.5088895310100752,1.1694577144597587,-0.002810546420720289,42.18377936401446,0.06210092772727398,15.718471450794723,2.05370802757158,0.5101486951725803,0.0,0.0,0.0,0.014122951348175886,13.015927319724788,0.027023219049029136,-206.346371054384,0.5069327020629016,16.41176470588235,7.451275227681828,-0.5870530232427136,0.8116932186204283,-0.5324027138735086,16.302231237322516,-1.5541448842419716,99.01508285834191,-0.6160026230868075,0.9486970281900553,Real Estate Services,Real Estate,TCI
2020Q4,2020,Q4,2021-03-26,2020-12-31,-1479000.0,18676000.0,4017000.0,-0.17,12823000.0,0.6866031270079246,879082000.0,341807000.0,370300000.0,34279000.0,517551000.0,0.0,81334000.0,208293908.76,881558908.76,39.564127530466536,10.802532162548498,0.5391499314057164,1.386621690018051,0.003743234652339741,39.564127530466536,-0.0043270032503722865,11.153025742128936,-35.208571460446244,0.6093904126012633,0.0,0.0,0.0,0.021244889555240582,9.337903672802591,-0.0016824369057721578,10.017019753775127,0.6866031270079246,-2.931818181818182,-0.1668728295542233,-0.34154672884786763,0.6682669015849858,1.22197192860856,-1.192252697257247,3.6135328562134026,0.7968376873128437,-0.39020899292524897,0.8232851158687565,Real Estate Services,Real Estate,TCI
2020Q3,2020,Q3,2020-11-12,2020-09-30,7693000.0,12159000.0,-1537000.0,0.088,5771000.0,0.4746278476848425,845345000.0,340751000.0,324901000.0,27923000.0,482730000.0,0.0,82813000.0,217333931.31,629858931.31,39.08695885081581,11.635605056763241,0.5269943041006926,1.3073828103219065,-0.0019422429279078366,39.08695885081581,0.02257660285663138,17.87432612139156,7.062717123033926,0.6378086383018685,0.0,0.0,0.0,0.014383476568738207,10.631773090283994,0.009100426453104946,-38.03533974623731,0.4746278476848425,1.1833333333333333,2.16542948038176,-0.5584807000980428,0.6362278755750191,-0.05963825973602738,2.8501683501683504,-0.8103651354534747,0.08750353406841961,-0.6138896827665047,0.7319335590050116,Real Estate Services,Real Estate,TCI
2020Q2,2020,Q2,2020-08-14,2020-06-30,-4158000.0,11947000.0,-849000.0,-0.48,6137000.0,0.51368544404453,864167000.0,333058000.0,336645000.0,31588000.0,509245000.0,0.0,75120000.0,261707365.34,686747365.34,38.20450810396745,10.657369887298975,0.5407403892997534,1.4030289018729472,-0.0010742301497607268,38.20450810396745,-0.012484312041746482,21.905697274629613,-15.735171076238576,0.7857711429841049,0.0,0.0,0.0,0.013824874127338812,9.704033177155882,-0.004811569985893931,-155.03990837677725,0.51368544404453,-1.9056603773584906,-31.130434782608695,-0.4970954706179492,0.5485235794886577,0.09413442681404885,-1.9013657056145676,0.7867370007535796,0.6005763688760807,-0.6183310970545013,0.7539061060059506,Real Estate Services,Real Estate,TCI
2020Q1,2020,Q1,2020-05-15,2020-03-31,4613000.0,11918000.0,-3981000.0,0.53,5609000.0,0.47063265648598757,850789000.0,337216000.0,325859000.0,25044000.0,491951000.0,0.0,79278000.0,178801401.17000002,596318401.1700001,38.68146510453881,13.011459830697971,0.5376644502926108,1.3565162981590435,-0.00476312870547694,38.68146510453881,0.013679659328145757,15.00263476841752,9.690082439301973,0.5302281065251946,0.0,0.0,0.0,0.014008173589456375,11.887118671138795,0.005422025907716249,-23.038448804277802,0.47063265648598757,1.6436022295352706,42.93333333333334,-0.4656563845050215,0.5672291754776521,-0.03741204736571135,1.6425686028694804,-0.9533856722276742,1.8985196727697704,-0.6220707150784842,0.6816320831400944,Real Estate Services,Real Estate,TCI
2019Q4,2019,Q4,2020-03-30,2019-12-31,-7179000.0,12318000.0,-2038000.0,-0.82349,5827000.0,0.473047572657899,865918000.0,332603000.0,345788000.0,33345000.0,511851000.0,0.0,74665000.0,347664547.96000004,765523547.96,38.15231583959516,10.370010496326286,0.5416656080598856,1.410203756430339,-0.001976011579840793,38.15231583959516,-0.021584291181979718,28.224106832277972,-12.106997769884385,1.0452838608190547,0.0,0.0,0.0,0.014225365450308228,9.407887239466186,-0.008290623361565413,-13.139746322990288,0.473047572657899,0.07473033707865163,-1.1941162155584997,-0.4013704621664965,0.5449499266085728,-0.1007716049382716,0.07807884936432516,-0.9136150234741784,-3.071861471861472,-0.5791739264118069,0.6154795152633752,Real Estate Services,Real Estate,TCI
2019Q3,2019,Q3,2019-11-14,2019-09-30,-7787000.0,11883000.0,-1065000.0,-0.89,6480000.0,0.5453168391820248,872869000.0,339782000.0,353818000.0,35845000.0,511823000.0,0.0,81844000.0,270686665.35,669030665.35,38.97580653394384,9.870776956339796,0.5286165507080673,1.3579677557963636,-0.001329264411285642,38.97580653394384,-0.02291763542506666,22.779320487250697,-8.690338556247593,0.79664804300993,0.0,0.0,0.0,0.013613726687509809,8.841818942669828,-0.008921155408199856,41.81134775254866,0.5453168391820248,-0.21917808219178087,-2.307939983728974,-0.3586889537357061,0.8967473378485263,0.4342629482071713,-0.2272655634357762,0.6849112426035503,-0.7129344478662561,-0.600920204191295,0.6767186289459008,Real Estate Services,Real Estate,TCI
2019Q2,2019,Q2,2019-08-14,2019-06-30,-6345000.0,11840000.0,-3380000.0,-0.73,4518000.0,0.38158783783783784,853887000.0,347654000.0,324475000.0,34090000.0,484990000.0,0.0,89631000.0,225877342.97,623361342.97,39.878790061721084,9.518187151657377,0.5095088694405701,1.2514252676511703,-0.00431829128535601,39.878790061721084,-0.0182509046350682,19.077478291385134,-8.899816507880221,0.6497188094197104,0.0,0.0,0.0,0.013866003347047092,8.2098269287181,-0.007430725611234273,120.53220009071505,0.38158783783783784,-0.14062499999999994,-3.562144190024539,-0.42460753805551843,0.8622974841910614,-0.23836817262306137,-0.1312176858620075,-1.6975259377494014,-2.361880231809401,-0.6120703777726811,0.676079085531359,Real Estate Services,Real Estate,TCI
2019Q1,2019,Q1,2019-04-01,2019-03-31,-5609000.0,11929000.0,-1253000.0,-0.64,5932000.0,0.4972755469863358,852614000.0,354044000.0,306045000.0,29306000.0,477706000.0,0.0,95976000.0,270250777.0,674517777.0,40.611775928400014,10.443083327646216,0.5071732343123617,1.2213820881020439,-0.00159320098618251,40.611775928400014,-0.015842663623730383,22.654939810545727,-12.045408138705652,0.7633253974082317,0.0,0.0,0.0,0.013991090927430233,8.669282740735685,-0.006578592422831433,-15.323813619868451,0.4972755469863358,-1.036655211912944,-2.1894561768416354,-0.4164032892776908,0.9190339723368011,-0.46822052891080235,-1.0368445945058267,-3.404990403071017,-0.5844632768361582,-0.5872746773691313,0.7441794015350812,Real Estate Services,Real Estate,TCI
2018Q4,2018,Q4,2019-04-01,2018-12-31,152234000.0,24761000.0,521000.0,17.46,11155000.0,0.45050684544242964,862380000.0,359720000.0,323748000.0,30683000.0,481979000.0,0.0,101585000.0,246887161.44,642303161.44,41.26286008791013,10.551380243131376,0.5006771956678031,1.2003057933948627,0.000647984718119133,41.26286008791013,0.42320137885021686,9.970807376115665,0.4054402456744223,0.6863314840431447,0.0014911255041580725,0.0,0.0009194483774530613,0.02871240056587583,8.263240230746668,0.1765277487882372,-1.5346425908152863,0.45050684544242964,5.928571428571429,1.6442092110347362,2.2574570556157596,0.9977890490002482,-0.36755868012246284,5.856460838625411,-0.9097210188875412,120.0258014073495,-0.13486600747702737,0.7398959119314333,Real Estate Services,Real Estate,TCI
2018Q3,2018,Q3,2018-11-14,2018-09-30,22203000.0,33505000.0,5771000.0,2.52,17638000.0,0.5264288912102671,1422930000.0,217714000.0,306481000.0,37367000.0,1184952000.0,0.0,-50648000.0,274696838.17,1375474838.17,24.973597023182656,8.201916129204914,0.7902995930931247,5.165221345434836,0.004157064157380392,24.973597023182656,0.10198241729976024,8.198681933144307,3.093014887290006,1.261732539799921,0.010223843624735397,0.0,0.0008263655363208726,0.023546485069539613,6.256670324082747,0.015603719086673273,-12.81833122585161,0.5264288912102671,2.1111111111111107,4.600738232951942,0.21488921265644392,0.7732834640602887,0.09450822215327334,2.064173337013525,0.24348200818789054,4.363581275564308,0.21663822215766734,0.0454252979534607,Real Estate Services,Real Estate,TCI
2018Q2,2018,Q2,2018-08-14,2018-06-30,7246000.0,31607000.0,4641000.0,0.81,16115000.0,0.5098554117758725,1368745000.0,195737000.0,302418000.0,35866000.0,1153659000.0,0.0,-72852000.0,291609306.15000004,1319131306.15,22.45265329986452,8.43188535102883,0.7712371552042199,5.393088685327761,0.0037087530087168883,22.45265329986452,0.037019061291426764,9.226098843610593,10.061044236475297,1.48980165298334,0.030913607507590396,0.0,0.0007681510681445033,0.023091956500297717,6.6288128032119555,0.0052939006169885556,-515.2107882508834,0.5098554117758725,31.30640030042919,-0.4185520279110173,0.15807676232256734,0.5146425364712501,-0.03079328802550069,32.09871244635193,-0.10543562066306862,51.507246376811594,0.33048493012291635,-0.08993820932578886,Real Estate Services,Real Estate,TCI
2018Q1,2018,Q1,2018-04-02,2018-03-31,-233000.0,31082000.0,5188000.0,-0.02672702768954481,16627000.0,0.5349398365613538,1330589000.0,188715000.0,295370000.0,29804000.0,1122651000.0,0.0,-80098000.0,354028517.87,1345021517.87,21.64717180443111,9.910414709434976,0.7755114464346241,5.467964920647537,0.004250361706764367,21.64717180443111,-0.001234666030787166,11.390145996718358,-379.8589247532189,1.87599564353655,-0.9527896995708155,0.0,0.0006270681281148059,0.023359579855237043,8.051603811568917,-0.0001751104210240728,210.10594532344214,0.5349398365613538,0.9682821720885957,0.9276722357902454,0.09972017839614913,0.6129638127286473,0.17880184331797236,0.9682820582630003,0.571644956073917,-3.219047619047619,0.39356169296987087,-0.12293706748711475,Real Estate Services,Real Estate,TCI
2017Q4,2017,Q4,2018-04-02,2017-12-31,-7346000.0,30905000.0,3301000.0,-0.84265,14105000.0,0.4563986409966025,1313422000.0,189170000.0,270173000.0,40310000.0,1105161000.0,0.0,-79865000.0,273040462.44,1234237462.44,21.699364068803398,6.702381543041429,0.7643407830841877,5.306877411851773,0.002837499050467881,21.699364068803398,-0.03883279589786964,8.834831336029769,-9.292147510209638,1.4433602708674738,-0.03130955622107269,0.0,0.0008423659920021632,0.023530137305450952,5.570230711982139,-0.005593023415170448,-19.191710300133547,0.4563986409966025,-2.066645569620253,-0.15521984854129722,0.026791709559574887,0.5698200047515113,-0.13646381780335495,-2.0384506644048628,-0.4275060700659036,-1.1986318038017467,0.5019196189920786,-0.1213002359673734,Real Estate Services,Real Estate,TCI
2017Q3,2017,Q3,2017-11-14,2017-09-30,7074000.0,31491000.0,5766000.0,0.79,16334000.0,0.5186878790765616,1250727000.0,196746000.0,271124000.0,35796000.0,1035011000.0,0.0,-72519000.0,237123262.4,1117420262.4,22.568393947670316,7.574142362275115,0.7501836931640558,4.768966078090533,0.005080082218743089,22.568393947670316,0.035954987649050044,7.529874008446858,8.380098331919706,1.2052253280879917,0.03166525303929884,0.0,0.0009446563687291778,0.025178156384246923,6.37981897418706,0.0056559105224401485,-10.079628582359193,0.5186878790765616,1.6475409836065573,27.05755154961127,0.08167387825615825,0.5473001308591531,0.015038528461347253,1.6795389048991354,-0.013009243409791168,4.0050555342107055,0.699530939822341,0.09828493484747927,Real Estate Services,Real Estate,TCI
2017Q2,2017,Q2,2017-08-14,2017-06-30,-10410000.0,31302000.0,5842000.0,-1.22,16092000.0,0.5140885566417481,1250091000.0,189895000.0,262187000.0,42263000.0,1041322000.0,0.0,-79594000.0,234420754.63,1103674754.63,21.78252756697902,6.203700636490547,0.7425763404424158,4.888427815371653,0.00522454732364917,21.78252756697902,-0.054819768819610835,7.489002448086384,-5.629701119836695,1.2344756556518077,-0.021517771373679155,0.0,0.0009555467917230806,0.025039777104226814,5.31791401462272,-0.008327393765733855,32.30270836847182,0.5140885566417481,-1.0,-5.402556425998204,0.0018700658812058825,0.48688994707251965,0.02850568835485108,-1.0276587456174522,0.12389380530973451,-5.203612453610001,0.5211938212657232,0.017221089820515723,Real Estate Services,Real Estate,TCI
2017Q1,2017,Q1,2017-05-16,2017-03-31,-5134000.0,31535000.0,5198000.0,-0.61,15646000.0,0.49614713810052324,1227715000.0,200529000.0,262897000.0,37950000.0,1008475000.0,0.0,-69184000.0,167991370.09,1012159370.09,23.002335345737045,6.927457180500658,0.7326211702227309,4.485386153623665,0.004725544760399971,23.002335345737045,-0.02560228196420468,5.327140323133027,-8.180335512758084,0.8377410254377172,-0.043241137514608494,0.0,0.0013214964547349386,0.025685928737532733,6.109407114624506,-0.0041817522796414475,-84.4602162342886,0.49614713810052324,-2.525,-0.1777502192615856,0.0514512045411686,0.5961190545069105,0.237033523086654,-2.4816738816738817,0.5066666666666667,-2.0887266913718943,0.5427715879476922,0.0869325943632045,Real Estate Services,Real Estate,TCI
2016Q4,2016,Q4,2017-03-31,2016-12-31,3465000.0,29271000.0,3450000.0,0.4,12648000.0,0.43210003074715586,1185914000.0,205885000.0,236690000.0,48856000.0,961437000.0,0.0,-64050000.0,104787559.34,934409559.34,23.616712857776538,4.844645488783363,0.7143249847796721,4.114568812686694,0.0032763128280467574,23.616712857776538,0.01682978361706778,3.579910469064945,7.5604299668109665,0.5089616015736941,0.06551226551226551,0.0,0.0021662876913037185,0.02468222822228256,4.062203209431799,0.0029217970274404382,-11.53285927140656,0.43210003074715586,1.767071447426309,-0.5349023019656773,0.16295258174978935,0.5803082818553797,-0.11940402422892153,1.762208534975803,-0.20634920634920634,-0.939815120694225,2.850774422476027,0.1434304413249641,Real Estate Services,Real Estate,TCI
2016Q3,2016,Q3,2016-11-14,2016-09-30,-4546000.0,29776000.0,4347000.0,-0.521463810629488,14363000.0,0.4823683503492746,1151548000.0,202647000.0,204898000.0,35892000.0,930405000.0,0.0,-67515000.0,101561985.55,917681985.55,23.24528746868321,5.708737323080352,0.71508873273194,4.063514387086904,0.0042604366726273855,23.24528746868321,-0.022433097948649623,3.4108673277135946,-5.585238976572812,0.5011768521122938,-0.049934007919049714,0.0,0.002235088244589759,0.025857367647722892,4.775716036999889,-0.003947729491085044,-7.361164423425382,0.4823683503492746,-2.0224780600578196,-4.742564928472602,-0.08195470299942349,0.6459229737833133,-0.07941289578259197,-1.9757458682120628,-0.2466204506065858,0.2627592664505011,0.07967590497114688,0.6505625460072635,Real Estate Services,Real Estate,TCI
2016Q2,2016,Q2,2016-08-15,2016-06-30,4659000.0,30521000.0,5770000.0,0.51,15602000.0,0.5111890173978572,1133360000.0,207421000.0,199625000.0,29667000.0,907558000.0,0.0,-62968000.0,86828087.54329999,873721087.5433,23.792904765635512,6.728856979135066,0.7119061904425779,3.8898954300673507,0.005688837357421665,23.792904765635512,0.022461563679665994,2.8448637837325115,4.659159022499463,0.4186079883102482,0.048078986907061604,0.0,0.0025798103624969765,0.026929660478576974,5.721677284524893,0.0041107856285734455,2.3319570162566468,0.5111890173978572,2.186046511627907,1.110245808117217,-0.07328459051184676,0.6705962534477212,0.11922525107604018,2.3161016949152544,0.41421568627450983,-0.6261432373775089,0.11828585006002089,0.6050550971834817,Real Estate Services,Real Estate,TCI
2016Q1,2016,Q1,2016-05-13,2016-03-31,-3540000.0,28903000.0,4080000.0,-0.43,13940000.0,0.4823028751340691,1102720000.0,202986000.0,203769000.0,26026000.0,881450000.0,0.0,-67627000.0,86393070.97,860573070.97,23.284173573347395,7.8294397909782525,0.7113256311665699,3.864271427586139,0.004130993125140986,23.284173573347395,-0.017439626378173863,2.9890693343251566,-6.101205576977401,0.4256109828756663,-0.06271186440677966,0.0,0.002569650522981056,0.02621064277423099,6.662875585952509,-0.003210243760882182,-13.684947088547442,0.4823028751340691,-1.9309522186626678,0.7203001190892386,-0.12814884741777907,0.276732168993389,0.12865355031981215,-1.767787333854574,4.669064748201439,-0.09888534464605622,0.022624423016018854,0.7349393131999958,Real Estate Services,Real Estate,TCI
2015Q4,2015,Q4,2016-03-30,2015-12-31,-1279000.0,28621000.0,-1112000.0,-0.14671,12351000.0,0.43153628454631215,1110204000.0,206748000.0,219297000.0,34694000.0,885149000.0,0.0,-64087000.0,89793000.10000001,860854000.1,23.715706097673866,6.3208912203839285,0.7081869638372768,3.8028517809120284,-0.0016565692080061014,23.715706097673866,-0.00618627507883994,3.1373117675832436,-17.551407369038316,0.4343113360225976,-0.17748240813135263,0.0,0.0025280367038321063,0.025779946748525497,5.050930996714129,-0.0011520405258853327,-13.81430770769231,0.43153628454631215,0.8142911392405063,0.9561570371627204,-0.03688610679396593,0.22722367513320904,-0.07441546762589928,0.806241478563854,-1.380041011619959,0.7988665687061912,-0.04909220128443317,0.7156903649752365,Real Estate Services,Real Estate,TCI
2015Q3,2015,Q3,2015-11-13,2015-09-30,-6601000.0,27539000.0,2926000.0,-0.79,13344000.0,0.4845491847924761,1076577000.0,208254000.0,220953000.0,35756000.0,850066000.0,0.0,-62808000.0,112110483.61999999,863106483.62,23.888456757332467,6.179466383264347,0.7086850267096547,3.663574289089285,0.003005386890594654,23.888456757332467,-0.031696870168160036,4.070971481172156,-4.2459658998636565,0.5383353194656525,-0.03438872898045751,0.0,0.002024788339772216,0.025580148935004186,5.000279673341537,-0.0061314703918066244,168.08168458770612,0.4845491847924761,-50.90605746376812,0.3139640759525744,-0.08867393411565792,0.0361265814805501,0.04030560536368597,-48.833333333333336,-0.3418803418803419,-23.315224452782587,-0.05407205445059404,0.6378042829431959,Real Estate Services,Real Estate,TCI
2015Q2,2015,Q2,2015-08-13,2015-06-30,138000.0,23756000.0,4446000.0,0.015829741721704652,12827000.0,0.5399478026603806,1067994000.0,215081000.0,240141000.0,37010000.0,834750000.0,0.0,-56208000.0,98946655.45,826202655.45,24.671570139463466,6.488543636854904,0.698865349430802,3.4702460933322796,0.004501698101920417,24.671570139463466,0.0006416187389867074,4.165122724785317,179.25118740942028,0.4600436833100088,1.6231884057971016,0.0,0.0022638460995095715,0.022243570656763988,5.081734666306404,0.00012921420906859027,-1.4678552633921287,0.5399478026603806,0.3142857142857142,1.0062993420317525,-0.3674050223135575,0.019828075613981762,0.12124125874125874,0.3142857142857143,0.4625,-0.9416375805199085,-0.23965161059759998,0.6840979315216547,Real Estate Services,Real Estate,TCI
2015Q1,2015,Q1,2015-05-13,2015-03-31,105000.0,22304000.0,3040000.0,0.012044368701297018,11440000.0,0.5129124820659972,917836000.0,215167000.0,191624000.0,33984000.0,684789000.0,0.0,-56346000.0,97203102.05,677047102.05,24.681435050971196,5.638653483992467,0.6531112312003452,2.785970897024172,0.002942098483120036,24.681435050971196,0.0004879930472609647,4.358101777708034,231.43595726190475,0.4517565521199812,2.1142857142857143,0.0,0.002283877729393925,0.024300637586671257,4.586717278719397,0.00011439952235475618,4.354392422613448,0.5129124820659972,-0.997159347004411,1.0095071525397687,-0.43900647350113037,-0.0768929627424499,0.17538271858625296,-0.9971608576913717,3.051282051282051,1.024087217183963,-0.2563320860603702,0.7126308344483263,Real Estate Services,Real Estate,TCI
2014Q4,2014,Q4,2015-03-31,2014-12-31,36983000.0,20577000.0,-1482000.0,4.24,9733000.0,0.47300383923798417,930405000.0,215284000.0,202300000.0,36684000.0,696957000.0,0.0,-56451000.0,89793000.10000001,706677000.1,24.69485591895264,5.514665794351761,0.6761410353555709,2.9221168317199604,0.0022117661735932084,24.69485591895264,0.17178703480054253,4.363755654371386,0.6069883466727957,0.4170909129336133,0.006137955276748776,0.0,0.0025280367038321063,0.0221161752140197,4.199705593719333,0.039749356463045664,-4.709340751035821,0.47300383923798417,15.620689655172416,2.339466147438462,-0.47138712102053126,-0.11920113710503441,0.16020979854571463,16.764279624893437,-2.2319201995012468,3.9641293409533493,-0.18246471679596143,0.6524520394926954,Real Estate Services,Real Estate,TCI
2014Q3,2014,Q3,2014-11-13,2014-09-30,-2346000.0,18466000.0,1203000.0,-0.29,8389000.0,0.45429437885844254,895990000.0,178528000.0,183950000.0,39319000.0,699405000.0,0.0,-93434000.0,86880180.0,689585180.0,20.548760373194437,4.678399755843231,0.6774517572740767,3.399970872916293,0.0012646875570331067,20.548760373194437,-0.013140795841548664,4.704872739088054,-9.258331202046035,0.4866473606381072,-0.09676044330775789,0.0,0.0026127938501048224,0.020609605017913146,3.9710826826724994,-0.002618332793892789,16.160747767857142,0.45429437885844254,-2.16,0.8059939586182486,-0.5742229842000781,-0.342949765207287,-0.17463597009051554,-1.9815899581589957,0.23258196721311475,-1.9736444232584591,-0.42871196152897073,0.45499068688974204,Real Estate Services,Real Estate,TCI
2014Q2,2014,Q2,2014-08-14,2014-06-30,2390000.0,19859000.0,976000.0,0.25,10164000.0,0.5118082481494537,881223000.0,180164000.0,181914000.0,37008000.0,683067000.0,0.0,-91088000.0,119807798.56,699388798.56,21.4137592947689,4.9155317769131,0.6728864316977655,3.2912402033702626,0.0004832138626061575,21.4137592947689,0.013265691259075065,6.032922028299511,12.53219650209205,0.6649929983792544,0.11589958158995815,0.0,0.002312036472828418,0.02253572591727633,4.238597060095114,0.0027121398329367254,15.111982663975782,0.5118082481494537,-0.4897959183673469,1.0721411098254636,-0.5022130453986483,-0.34511294604141546,0.002861371484953133,-0.47484069435288945,-0.4544438233650084,1.058599975481182,-0.37520843165014933,0.5035468095405005,Real Estate Services,Real Estate,TCI
2014Q1,2014,Q1,2014-05-15,2014-03-31,4551000.0,19727000.0,1789000.0,0.49,10135000.0,0.5137628630810565,900404000.0,178051000.0,187270000.0,36536000.0,704473000.0,0.0,-93478000.0,120086284.3839,716750284.3839,21.16261437464142,5.125629516093716,0.6828501428247764,3.4531735289327217,-0.0037031318462277447,21.16261437464142,0.025560092333095575,6.087407329239114,6.596697669957153,0.674448806150485,0.06020654801142606,0.0,0.0022816927129168073,0.021909054157911338,4.381568863586599,0.005054397803652582,-5.0843085813921,0.5137628630810565,-0.9237947122861586,1.4079219881446068,-0.49094053931564713,-0.42241999888833487,1.5834820290593934,-0.9180929755412774,1.1092786024066947,1.3725855550351669,-0.3834183064701833,0.16040152625534185,Real Estate Services,Real Estate,TCI
2013Q4,2013,Q4,2014-03-31,2013-12-31,55563000.0,7336000.0,-16371000.0,6.43,3923000.0,0.5347600872410033,897671000.0,173774000.0,168172000.0,50160000.0,706101000.0,0.0,-98029000.0,79422306.0131,706292306.0131,20.654262825476625,3.3527113237639554,0.7162490489277252,3.699955114113734,0.010778192222988406,20.654262825476625,0.31974288443610666,10.826377591753,0.3573524918250454,0.45704366598628104,0.005039324730486115,0.0,0.003525457948221958,0.008172259101608495,2.7187599681020735,0.06189684193875039,-1.5815190667496366,0.5347600872410033,9.68918918918919,4.767620921051789,-0.8099096160617476,-0.4610250894746287,-0.7076315397227605,10.336750126029239,-4.883064516129032,2.973536649824225,-0.7442107283510525,0.06880226241017628,Real Estate Services,Real Estate,TCI
2013Q3,2013,Q3,2013-11-14,2013-09-30,-5951000.0,26616000.0,4216000.0,-0.74,13418000.0,0.5041328524195973,971246000.0,118489000.0,73744000.0,37047000.0,835617000.0,0.0,-153592000.0,75043936.7455,844170936.7455,14.083251510167804,1.9905525413663725,0.8012419098765915,6.567723586155677,0.004781730190869266,14.083251510167804,-0.05022407143279123,2.8195046868612863,-3.1525767411149386,0.6333409577724514,-0.04688287682742396,0.0,0.0037178220133384757,0.027403973864499828,1.9905525413663725,-0.006127180961363033,-72.22708060202118,0.5041328524195973,-1.5285714285714285,0.13978078733600724,-0.3020563880578138,-0.6687913485626392,-0.06980935875216637,-1.4948033591086722,-0.2084115659031168,0.35914875250494854,-0.08736194786099437,-0.3891597355328533,Real Estate Services,Real Estate,TCI
2013Q2,2013,Q2,2013-07-12,2013-06-30,12027000.0,26340000.0,5326000.0,1.4,14425000.0,0.5476461655277145,969814000.0,124719000.0,75264000.0,33462000.0,828052000.0,0.0,-147641000.0,74206796.58,829945796.58,14.823730853468408,2.249237941545634,0.7885357398428977,6.131647944579415,-0.00019728883141151128,14.823730853468408,0.09643278089144397,2.8172663849658313,1.5425042940883014,0.5949919144637145,0.02303151243036501,0.0,0.0037328117203034774,0.027159847145947574,2.249237941545634,0.012401347062426403,-20.635927858731925,0.5476461655277145,4.414634146341463,1.8091736509423442,-0.27141246548596426,-0.6566069543573873,0.033457515403352914,4.868446445802509,0.07335751713018944,1.5688576105695229,-0.27322772370004494,-0.3872438266289825,Real Estate Services,Real Estate,TCI
2013Q1,2013,Q1,2013-04-04,2013-03-31,-3109000.0,27277000.0,4962000.0,-0.41,13958000.0,0.5117131649374931,999611000.0,112915000.0,67340000.0,29570000.0,869754000.0,0.0,-159668000.0,46454127.7366,899939127.7366,13.42074238343304,2.2773080825160634,0.8616561842556755,7.628047646459726,0.003886961323679666,13.42074238343304,-0.02753398574148696,1.7030512056531142,-3.7354557523801866,0.411407941695966,-0.08813123190736571,0.0,0.005898291784825023,0.02728761488218917,2.2773080825160634,-0.003110209871640068,-3.923159170391014,0.5117131649374931,0.4379172778745048,-1.044313183953753,-0.18390540524773163,-0.694561975192285,-0.18683367317215263,0.4934006843734724,0.36019736842105265,0.7083163783949605,-0.28911089939891527,-0.4980526167225347,Real Estate Services,Real Estate,TCI
2012Q4,2012,Q4,2013-05-20,2012-12-31,-6137000.0,29048000.0,3648000.0,-0.72943,17165000.0,0.5909184797576426,1045344000.0,116298000.0,75718000.0,51076000.0,912215000.0,0.0,-156559000.0,36514455.46,905049455.46,13.822835741119388,1.482457514292427,0.8467595356169835,7.611093913910815,0.0036764080551903067,13.822835741119388,-0.052769609107637276,1.2570385382814653,-1.4874717068600292,0.31397320211869506,-0.045950790288414534,0.0,0.007722968792699614,0.02778798175528821,1.482457514292427,-0.005870794685768513,0.9704064914425428,0.5909184797576426,-22.423804170496187,-1.16866942883685,0.37466619373889426,-0.6089909298547722,0.36089748672005073,-22.423664122137403,-0.04176516942474389,0.7696883607626424,-0.22678178407605742,-0.5069767548869255,Real Estate Services,Real Estate,TCI
2012Q3,2012,Q3,2012-11-14,2012-09-30,-262000.0,28097000.0,3807000.0,-0.031140543811357717,12613000.0,0.44890913620671247,1044265000.0,122716000.0,6322000.0,151099000.0,904641000.0,0.0,-150422000.0,45025520.7004,847902520.7004,14.585660207460204,0.04184011806828636,0.7748981340943152,6.594079011701815,0.0014052869628667852,14.585660207460204,-0.002135010919521497,1.6025027832295264,-42.963283111068705,0.36690831432250076,-1.0572519083969465,0.0,0.006152066554502704,0.026906005659482986,0.04184011806828636,-0.0002508941695833912,-1.391437334293396,0.44890913620671247,-1.1482883038636083,0.9441208833126521,-0.30885174856761005,-0.5616846465896513,-0.1605324459234609,-1.1148115687992988,-0.4250981576562972,0.9776264885357873,-0.3310172073455328,-0.5336209440439039,Real Estate Services,Real Estate,TCI
2012Q2,2012,Q2,2012-08-14,2012-06-30,2282000.0,30153000.0,6622000.0,0.21,15025000.0,0.4982920439093954,1093782000.0,123255000.0,17522000.0,189800000.0,953662000.0,0.0,-150160000.0,23473578.51,831467578.51,14.649724150644639,0.09231822971548999,0.7547354043127424,6.697626871120847,0.010713474320838186,14.649724150644639,0.018514461887955865,0.778482356979405,2.571601501971954,0.19044727199707923,0.12138475021910605,0.0,0.011800501567410993,0.02756765059216553,0.09231822971548999,0.002086338959683008,-1.853713852167733,0.4982920439093954,1.3962264150943395,1.1657814687172956,-0.29923650595228646,-0.5541823958619649,0.07659787904843794,1.5424292845257903,0.6617314930991217,1.0688811768291664,-0.24418298796039292,-0.5519742910033896,Real Estate Services,Real Estate,TCI
2012Q1,2012,Q1,2012-05-15,2012-03-31,-4207000.0,28945000.0,3985000.0,-0.53,13956000.0,0.48215581274831576,1115059000.0,121250000.0,7822000.0,176743000.0,977111000.0,0.0,-152442000.0,20276460.290000003,869696460.29,14.41141579056154,0.04425634961497768,0.7687862256616017,7.070037113402062,0.003446083052181777,14.41141579056154,-0.03469690721649484,0.7005168523060978,-1.2049239535298313,0.1672285384742268,-0.06584264321369146,0.0,0.01366116156559198,0.025958267679109356,0.04425634961497768,-0.003772894528450961,-1.477337726047359,0.48215581274831576,-1.6235294117647059,0.39216931963638896,-0.2585573954849677,-0.5613354652422262,0.5385293793407563,-1.5851182197496523,1.2838723464881037,0.6229119305373849,-0.25306807474483733,-0.6066768783394116,Real Estate Services,Real Estate,TCI
2011Q4,2011,Q4,2012-04-03,2011-12-31,7190000.0,24291000.0,-14038000.0,0.85,9071000.0,0.3734304886583508,1160324000.0,125734000.0,19991000.0,189423000.0,1019040000.0,0.0,-148235000.0,13797247.813099999,878111247.8131,14.944370746478057,0.10553628651219757,0.7621190288229839,7.033141393735982,-0.011967776504178365,14.944370746478057,0.05718421429366759,0.5679983456053682,0.47973740657510433,0.10973362664911639,0.0388038942976356,0.0,0.020221424140479623,0.02093466997149072,0.10553628651219757,0.006196545102919529,-1.547817793706529,0.3734304886583508,10.360534882198952,-0.4211275146449162,-0.3362650435185801,-0.5561084845433842,-0.3564841089670829,10.410994764397905,-5.6101806239737275,1.487540169219847,-0.3705717671422999,-0.6100252546411026,Real Estate Services,Real Estate,TCI
2011Q3,2011,Q3,2011-11-14,2011-09-30,-764000.0,31302000.0,3045000.0,-0.09080677661021869,14096000.0,0.4503226630886205,1151581000.0,118823000.0,7741000.0,222020000.0,1019420000.0,0.0,-155425000.0,20781268.430000003,874852268.43,14.122949760675413,0.03486622826772363,0.748372889097684,7.252905582252594,0.0038817992085893854,14.122949760675413,-0.006429731617616118,0.6638958670372501,-6.800153282068063,0.17489264224939616,-0.36649214659685864,0.0,0.013473672261303828,0.027181761421906057,0.03486622826772363,-0.0006634357461611472,-2.0286283121827413,0.4503226630886205,0.9813920539733159,0.8336920615879457,-0.12603643119235347,-0.5436049231144232,-0.09554058389477062,0.9812676229005762,1.1447037019436392,0.8895635223533372,-0.17917677558557588,-0.6678577286520985,Real Estate Services,Real Estate,TCI
2011Q2,2011,Q2,2011-08-15,2011-06-30,-40785000.0,31785000.0,-21043000.0,-4.88,15585000.0,0.49032562529495044,1214075000.0,119826000.0,7067000.0,280191000.0,1080553000.0,0.0,-154662000.0,18425497.11,936803497.11,14.242163369235687,0.025222080652126586,0.7622634515989539,7.723240365196201,-0.0185763681515467,14.242163369235687,-0.34036853437484355,0.579691587541293,-0.11294285343876424,0.15376877397225977,-0.006791712639450779,0.0,0.015033515695468801,0.026180425426765234,0.025222080652126586,-0.03359347651504232,-0.6355372899420529,0.49032562529495044,-2.275167785234899,-9.236586731615468,-0.03158577124864678,-0.5460870788866128,0.148827952233525,-2.4092618908300594,-4.409511568123393,-1.7440049350364606,-0.12079898312343869,-0.6700790169326909,Real Estate Services,Real Estate,TCI
2011Q1,2011,Q1,2011-05-16,2011-03-31,-11963000.0,31335000.0,-3890000.0,-1.49,13566000.0,0.432934418382001,1323793000.0,150278000.0,6687000.0,375374000.0,1155644000.0,0.0,-113877000.0,29253306.8136,1017386306.8136,18.237320354906764,0.017814233271350705,0.7514921139483288,6.619864517760417,-0.003131814784875026,18.237320354906764,-0.07960579725575267,0.9335665171086645,-0.6113288224859985,0.19466127319767365,-0.022903953857727994,0.0,0.009366462456566317,0.023670619198016607,0.017814233271350705,-0.009036911360008702,-1.0174001604563,0.432934418382001,0.5547320921614918,-0.35089546363396873,-0.008518638073902747,-0.40686826340230253,0.061668492721865704,0.5661492710524407,0.8376664023703209,-1.1740977088113957,-0.042774375404262405,-0.5849431463743401,Real Estate Services,Real Estate,TCI
2010Q4,2010,Q4,2011-03-31,2010-12-31,-27574000.0,28089000.0,-23963000.0,-3.3463,12778000.0,0.4549111751931361,1384761000.0,159238000.0,11259000.0,376282000.0,1207604000.0,0.0,-101914000.0,55291312.56,1066047312.56,19.32468104895356,0.02992170765542864,0.7380443267827445,6.418160238134114,-0.0182590610546016,19.32468104895356,-0.17316218490561297,1.968432929616576,-0.501299345035178,0.34722435951217673,0.0,0.0,0.0,0.020284366760762326,0.02992170765542864,-0.019912461428362005,-2.784614854955681,0.4549111751931361,-1.9353508771929824,-3.200292067509404,-0.07781182517859112,-0.39213957602122523,0.06253118243805089,-2.079173646007817,-14.18822234452394,-1.773785774976779,0.357244261014227,-0.4533592303837552,Real Estate Services,Real Estate,TCI
2010Q3,2010,Q3,2010-11-12,2010-09-30,-8955000.0,28124000.0,1817000.0,-1.14,12026000.0,0.4276063148911961,1491110000.0,187061000.0,5037000.0,126237000.0,1286213000.0,0.0,-74340000.0,72940320.05,1157504320.05,23.055538950846707,0.03990113833503648,0.7307314685033297,5.824843232956095,0.001488980873068003,23.055538950846707,-0.04787208450719284,2.593525816029014,-2.0363015089335565,0.3899279916711661,0.0,0.0,0.0,0.018861116886078156,0.03990113833503648,-0.006005593148728129,-3.8699236019736842,0.4276063148911961,0.5529411764705883,-1.4042793303085828,-0.022905938236036302,-0.23830099781291392,-0.13835351436555135,0.5607925842365982,0.0335608646188851,-0.9805278657421556,-0.2826097375881743,-0.3071553457595515,Real Estate Services,Real Estate,TCI
2010Q2,2010,Q2,2010-08-16,2010-06-30,-20389000.0,34951000.0,1758000.0,-2.55,13957000.0,0.39933049125919146,1549111000.0,196285000.0,4363000.0,175416000.0,1334827000.0,0.0,-65385000.0,74889164.87,1236946164.87,24.191891485837047,0.024872303552697587,0.7529608917630822,5.942481595638994,0.0012843653795123096,24.191891485837047,-0.10387446824770105,2.142690191124718,-0.9182545106429938,0.38153279603637574,0.0,0.0,0.0,0.02256197264108253,0.024872303552697587,-0.013161742444537545,-5.503723441610936,0.39933049125919146,-0.9615384615384613,-4.412827331772451,0.005801999172935501,-0.2125596728415954,-0.17016469469052856,-0.9835587119369589,-0.6429731925264013,-0.5359393997872405,-0.15771637011749773,-0.26379698410166874,Real Estate Services,Real Estate,TCI
2010Q1,2010,Q1,2010-05-17,2010-03-31,-10279000.0,37003000.0,4924000.0,-1.3,16819000.0,0.45453071372591414,1585955000.0,216938000.0,1368000.0,160815000.0,1350905000.0,0.0,-44997000.0,101583135.88,1291513135.88,26.737349034080637,0.008506669153996829,0.751154982329259,5.491421512137109,0.0034419969670223738,26.737349034080637,-0.047382201366288984,2.745267569656514,-2.4706473363167625,0.4682588383777853,0.0,0.0,0.0,0.023331683433640928,0.008506669153996829,-0.006481268384033595,-15.987273509600252,0.45453071372591414,0.5895324458814317,-3.302072013748238,0.4667633939217655,-0.14192984229437572,0.042844742063492064,0.5999922169903101,1.1211465124861606,-0.5399931312504571,-0.017123997050666497,-0.18615027523023236,Real Estate Services,Real Estate,TCI
2009Q4,2009,Q4,2010-03-31,2009-12-31,-25697000.0,36229000.0,-40645000.0,-3.16712,16128000.0,0.44516823539153716,1608287000.0,227482000.0,5665000.0,236132000.0,1362871000.0,0.0,-34718000.0,96633797.79,1279593797.79,28.036884423064336,0.023990818694628428,0.7390627419111141,5.225138692292138,-0.028381140273095278,28.036884423064336,-0.11296278386861378,2.667305136492865,-0.9401272307078647,0.4247975566858037,0.0,0.0,0.0,0.022526452057375333,0.023990818694628428,-0.015977869621528994,-14.248569417575938,0.44516823539153716,-1.2461843971631208,-1.7107201744806886,1.0621235387237637,-0.07900934647669458,-0.11204096239607994,-1.2754803860798725,-10.378172588832488,-3.145330730990929,0.026510641713921153,-0.16722253975337117,Real Estate Services,Real Estate,TCI
2009Q3,2009,Q3,2009-11-13,2009-09-30,-11293000.0,40503000.0,4334000.0,-1.41,18163000.0,0.4484359183270375,1618383000.0,253749000.0,1983000.0,216217000.0,1346961000.0,0.0,-9021000.0,94929927.3,1285711927.3,31.27426075675505,0.009171341753886142,0.7370103368609284,4.700570248552704,0.0028551418202304234,31.27426075675505,-0.04450460888515817,2.3437752092437596,-2.101521457982821,0.3741095622051712,0.0,0.0,0.0,0.025026832338204245,0.009171341753886142,-0.006977952684871257,-2.4552536545623833,0.4484359183270375,0.6457286432160805,-0.06759311779164306,0.39786022433132007,0.2144819466248038,-0.07848807711821411,0.646530407837491,-0.4094563292001635,-1.5490993480429511,0.1726441644137064,0.010654210663721122,Real Estate Services,Real Estate,TCI
2009Q2,2009,Q2,2009-08-14,2009-06-30,-31949000.0,38473000.0,7339000.0,-3.98,19710000.0,0.5123073324149403,1590696000.0,265304000.0,740000.0,198807000.0,1311821000.0,0.0,2272000.0,97931984.83,1272360984.83,32.698400686545135,0.003722202940540323,0.7387766109929238,4.429518589994874,0.005086780758333569,32.698400686545135,-0.12042411723909176,2.5454730546097264,-0.7663149459294502,0.36913120356270546,0.0,0.0,0.0,0.02418626814928811,0.003722202940540323,-0.020084918802838504,-4.744536835909113,0.5123073324149403,-1.9051094890510947,-9.688859150217464,0.35731169518433575,0.20608077391668025,0.4820663207759982,-1.9695138953434335,3.671546785486951,-7.6905510836891615,0.2154939762903662,0.04213286890292168,Real Estate Services,Real Estate,TCI
2009Q1,2009,Q1,2009-05-15,2009-03-31,-10759000.0,37371000.0,1571000.0,-1.37,13299000.0,0.35586417275427473,1616476000.0,297286000.0,36058000.0,197822000.0,1305530000.0,0.0,34221000.0,89331495.69,1257176495.69,36.64014393488322,0.18227497447200008,0.7237936102979567,3.9355872795893516,0.0010812545223167038,36.64014393488322,-0.03619073888444124,2.3903961812635464,-2.0757388161074446,0.300490085944175,0.0,0.0,0.0,0.023118809063666892,0.18227497447200008,-0.006655836523400286,-5.023421002642974,0.35586417275427473,0.21841126400584188,-8.05045871559633,0.26484126446896367,0.33954850628576577,-0.12976050255202198,0.24349599212487696,3.634218289085546,-0.23387351194739867,0.20089951067367082,0.19164612883711016,Real Estate Services,Real Estate,TCI
2008Q4,2008,Q4,2009-03-31,2008-12-31,-14222000.0,37217000.0,339000.0,-1.75284,15282000.0,0.41061880323508076,1640067000.0,310927000.0,5983000.0,210328000.0,1315371000.0,0.0,44980000.0,93307193.5,1255339193.5,38.32138086973969,0.028446046175497317,0.7121751733313334,3.75655700534209,0.00019735914104571185,38.32138086973969,-0.04574064008593657,2.5071121664830587,-1.6401911387287302,0.30009357019493327,0.0,0.0,0.0,0.022692365616770533,0.028446046175497317,-0.008671596953051308,-1.8581168054006691,0.41061880323508076,-1.062164705882353,-3.3464774789638674,0.3798895109562122,0.4143524520440144,0.17355244970050684,-1.1396118549721679,-0.8823325234293649,-2.152546162827626,0.24091412029271267,0.20540415461053413,Real Estate Services,Real Estate,TCI
2008Q3,2008,Q3,2008-11-14,2008-09-30,-6647000.0,36641000.0,2881000.0,-0.85,13022000.0,0.3553942305068093,1630051000.0,343733000.0,4519000.0,0.0,1283796000.0,0.0,0.0,87305925.60000001,1163330925.6,42.52078395008735,0.0,0.6611658162842757,3.135381240672266,0.001716643858406861,42.52078395008735,-0.019337683609080305,2.382738615212467,-3.283659004061983,0.25399343560263343,0.0,0.0,0.0,0.022478437791210212,0.0,-0.004077786523243751,-1.776749676421507,0.3553942305068093,0.5277777777777778,-3.931440121000257,0.12754109322244433,0.586739575412902,-0.11739189372373593,0.533969010727056,-0.20105379922351635,-0.7911543772467019,0.277657974121152,0.40478341348011554,Real Estate Services,Real Estate,TCI
2008Q2,2008,Q2,2008-08-14,2008-06-30,-14263000.0,34692000.0,3606000.0,-1.8,14754000.0,0.425285368384642,1569760000.0,348527000.0,1751000.0,0.0,1219541000.0,0.0,65849000.0,119167206.84,1131177206.84,43.16840728596539,0.0,0.6440162827438589,2.9006389748857333,0.003024900379251047,43.16840728596539,-0.0409236587122375,3.4350053856796956,-2.0887472277921897,0.3419167147451991,0.0,0.0,0.0,0.02210019366017735,0.0,-0.00908610233411477,-1.0914247088885836,0.425285368384642,-1.2230483271375465,-10.124196136428168,0.23066145471629612,0.5941638333664557,0.4093036584200974,-1.211802616533761,5.5819567979669635,-2.8052747006672836,0.003296067827355712,0.4051214133491178,Real Estate Services,Real Estate,TCI
2008Q1,2008,Q1,2008-05-15,2008-03-31,67341000.0,32081000.0,-787000.0,8.07,10469000.0,0.3263302266138836,1500146000.0,354830000.0,120858000.0,63387000.0,1142933000.0,0.0,0.0,138251755.36,1152047755.3600001,43.93933070999237,1.906668559799328,0.6594724780121402,2.788109799058704,0.0003980797763338577,43.93933070999237,0.18978384014880365,4.309459036813068,0.5132525332264148,0.3896281468872418,0.0,0.0,0.0,0.021385251835488013,0.6391373625506808,0.04488963074260772,-3.662201143280973,0.3263302266138836,0.9214285714285714,10.091998766979469,0.09422827130366282,0.6402969675621063,0.6484018264840182,0.9282707671162271,0.7401782766589634,14.15297801364204,0.27767800032563594,0.4101259023003643,Real Estate Services,Real Estate,TCI
2007Q4,2007,Q4,2008-03-31,2007-12-31,34923000.0,20282000.0,-3029000.0,4.2,6351000.0,0.3131347993294547,1521189000.0,285481000.0,0.0,228500000.0,1234087000.0,0.0,12771000.0,124846503.38000001,1133990503.38,35.35170101293389,0.0,0.662130741150508,3.5281717522357003,-0.0028147590679421857,35.35170101293389,0.12233038275752152,6.155532165466917,0.8937269376914928,0.4373198334740316,0.0,0.0,0.0,0.013332991495468348,0.2498687089715536,0.022957699536349525,9.286410545968463,0.3131347993294547,8.24137931034483,4.629839704150175,-0.2593132121230323,0.26814106722777503,-0.5794596742153357,8.890420244012653,-1.8510817645406012,-0.02953884676968355,0.15989721060210457,0.16127689966430073,Real Estate Services,Real Estate,TCI
2007Q3,2007,Q3,2007-11-14,2007-09-30,-4426000.0,38375000.0,3559000.0,-0.58,15102000.0,0.3935374592833876,1483474000.0,264286000.0,0.0,200600000.0,1217567000.0,0.0,-22152000.0,123896588.39999999,1149496588.4,33.276635404110934,0.0,0.6866348854108667,3.854176914403336,0.002162898544309741,33.276635404110934,-0.01674700892215252,3.228575593485342,-6.998225734297335,0.4687973952460592,-0.10280162675101671,0.0,0.0036724175045969227,0.025868333385013827,0.2515653040877368,-0.0029835372915197706,1.483702633375247,0.3935374592833876,0.6506024096385543,-3.4458620788719636,0.35595941132024683,0.2088637174007754,-0.13396031655006307,0.6565797641216635,-0.40164761264290516,0.572545017243729,0.353030170698833,0.2922407105651365,Real Estate Services,Real Estate,TCI
2007Q2,2007,Q2,2007-08-14,2007-06-30,-12888000.0,40287000.0,5948000.0,-1.66,17438000.0,0.432844341847246,1436812000.0,258853000.0,0.0,186800000.0,1176336000.0,0.0,-17504000.0,133206242.15,1130532242.15,32.860353684258634,0.0,0.6898543442009114,3.829165588190981,0.004863011733327194,32.860353684258634,-0.049788876312038106,3.3064324012708814,-2.583919967217567,0.5146018865920039,-0.02521725636250776,0.0,0.0024398256024220407,0.028039158915710616,0.22754282655246252,-0.008969858269557882,3.8265560354485655,0.432844341847246,-0.9529411764705882,-6.101094374738336,0.3728980746212451,0.21204365746328266,0.0,-0.9833795013850416,0.53180530517641,-3.441154991114941,0.46394508072189694,0.21205441154785643,Real Estate Services,Real Estate,TCI
2007Q1,2007,Q1,2007-04-02,2007-03-31,-6498000.0,36651000.0,3883000.0,-0.85,0.0,0.0,1378735000.0,259501000.0,0.0,187300000.0,1102662000.0,0.0,-4838000.0,100947545.82,1070428545.8199999,32.85293122344478,0.0,0.6759435279440936,3.5913040797530646,0.0029292674085878664,32.85293122344478,-0.025040365933079255,2.7542917197347956,-3.8837929293628806,0.3890063846382094,-0.020006155740227762,0.0,0.0012877975283500558,0.026583063460345897,0.47993059263214094,-0.00471301591676428,-0.6720696241112087,0.0,-1.5743243243243243,-3.9559814890352794,0.2089114810848472,0.1899890448485827,0.0,-1.5572420890146643,-0.33544412117063155,-5.373987611648131,0.2742056027788232,0.20108957611317063,Real Estate Services,Real Estate,TCI
