Quarters,Year,Quarter,FillingDate,Date,NetIncome,Revenue,OperatingIncome,EPSDiluted,GrossProfit,GrossProfitRatio,TotalAssets,CommonStockEquity,CurrentAssets,CurrentLiability,TotalLiability,Inventory,RetainedEarnings,MarketCap,EnterpriseValue,bookValuePerShare,currentRatio,debtToAssets,debtToEquity,roic,shareholdersEquityPerShare,roe,priceToSalesRatio,peRatio,pbRatio,payoutRatio,inventoryTurnover,dividendYield,assetTurnover,quickRatio,returnOnAssets,priceToFreeCashFlowsRatio,grossProfitMargin,epsdilutedGrowth,fiveYNetIncomeGrowthPerShare,fiveYRevenueGrowthPerShare,fiveYShareholdersEquityGrowthPerShare,grossProfitGrowth,netIncomeGrowth,operatingIncomeGrowth,threeYNetIncomeGrowthPerShare,threeYRevenueGrowthPerShare,threeYShareholdersEquityGrowthPerShare,Industry,Sector,Symbol
2023Q1,2023,Q1,2023-05-17,2023-04-02,-1228000.0,4133000.0,-1100000.0,-0.0929,2390000.0,0.5782724413,34736000.0,13675000.0,29881000.0,20275000.0,21061000.0,2497000.0,-306520000.0,77176921.5,72875921.5,1.0348089292470677,1.4737854500616523,0.4779191616766467,1.2139670932358317,-0.03470547122710125,1.0348089292470677,-0.08979890310786107,18.673341761432372,-15.71191398615635,5.643650566727605,0.0,0.6980376451742091,0.0,0.11898318747121142,1.2488286066584464,-0.035352372178719484,-171.50427,0.5782724413259134,0.008537886872999029,0.8652918275640897,-0.3488014112312621,-0.4726437578363194,0.12789051439358187,0.003246753246753247,-0.2672811059907834,0.7544908694999878,0.21187258419866487,-0.15456059928050994,Semiconductors,Technology,QUIK
2022Q4,2022,Q4,2023-03-28,2023-01-01,-1232000.0,4084000.0,-868000.0,-0.0937,2119000.0,0.5188540646,32586000.0,11895000.0,27940000.0,20022000.0,20691000.0,2493000.0,-305292000.0,67596140.0,64789140.0,0.9044939548323322,1.395464988512636,0.5030994905787761,1.3782261454392601,-0.031245921233207827,0.9044939548323322,-0.103572929802438,16.55145445641528,-13.716749188311688,5.682735603194619,0.0,0.7882069795427196,0.0,0.1253298962744737,1.1925382079712317,-0.037807647455962684,-83.14408364083641,0.5188540646425074,0.14818181818181814,0.8422746275023472,-0.40208202105081864,-0.6510704525773199,0.2628128724672229,0.08537490720118783,0.3,0.7452902029772317,-0.0991873430287712,-0.45506578486264465,Semiconductors,Technology,QUIK
2022Q3,2022,Q3,2022-11-16,2022-10-02,-1347000.0,3459000.0,-1240000.0,-0.11,1678000.0,0.4851113038,31756000.0,12308000.0,27499000.0,18977000.0,19448000.0,2201000.0,-304060000.0,79783200.0,75739200.0,0.9718888186986734,1.4490699267534384,0.503589872779947,1.2993175170620734,-0.042426869354870174,0.9718888186986734,-0.10944101397465063,23.065394622723332,-14.807572383073497,6.48222294442639,0.0,0.8091776465243071,0.0,0.10892429777050007,1.2615798071349529,-0.04241718100516438,-50.11507537688442,0.4851113038450419,-1.6066350710900472,0.8285210142980434,-0.4740149260012804,-0.687402453757472,-0.34040880503144655,-1.5706106870229009,-0.9776714513556619,0.7929739943526047,0.05217020714179913,-0.5024441587731203,Semiconductors,Technology,QUIK
2022Q2,2022,Q2,2022-08-17,2022-07-03,-524000.0,4541000.0,-627000.0,-0.0422,2544000.0,0.5602290244,29989000.0,9985000.0,25519000.0,19397000.0,20004000.0,2212000.0,-302713000.0,97310080.0,94951080.0,0.8044634224943603,1.3156158168788987,0.539764580346127,1.6211316975463195,-0.02368594132238215,0.8044634224943603,-0.052478718077115676,21.429218233869193,-46.426564885496184,9.745626439659489,0.0,0.9028028933092225,0.0,0.15142218813564973,1.139660772284374,-0.017473073460268766,-60.21663366336634,0.5602290244439551,0.5604166666666667,0.9332862523108065,-0.3108515690846906,-0.7811781942921595,0.0337261275904104,0.5498281786941581,0.3785926660059465,0.9354260728371934,0.24254176329968635,-0.7129172923854584,Semiconductors,Technology,QUIK
2022Q1,2022,Q1,2022-05-18,2022-04-03,-1164000.0,4096000.0,-1009000.0,-0.096,2461000.0,0.6008300781,29774000.0,9910000.0,25132000.0,19124000.0,19864000.0,2292000.0,-302189000.0,68269380.0,64506380.0,0.8172521853867722,1.3141602175277138,0.5500436622556593,1.6525731584258325,-0.03644208739081113,0.8172521853867722,-0.11745711402623613,16.6673291015625,-14.662667525773195,6.8889384460141265,0.0,0.7133507853403142,0.0,0.13756969167730235,1.1357979502196194,-0.03909451199032713,-80.41151943462897,0.600830078125,0.26153846153846155,0.867687474505074,-0.4763896787204386,-0.8328734415813615,0.18488204140587386,0.26468730259001894,0.3634069400630915,0.8090099980128103,-0.2685873676015695,-0.6346401994741488,Semiconductors,Technology,QUIK
2021Q4,2021,Q4,2022-03-22,2022-01-02,-1583000.0,3705000.0,-1585000.0,-0.13,2077000.0,0.5605937922,28973000.0,9209000.0,24158000.0,18873000.0,19764000.0,2078000.0,-301025000.0,62393760.0,59498760.0,0.7793010070237792,1.2800296720182271,0.5767438649777379,1.8145292648496036,-0.05675773191212132,0.7793010070237792,-0.17189705722662613,16.84042105263158,-9.853720783322807,6.775302421544143,0.0,0.7834456207892204,0.0,0.1278776792185828,1.1073491230858898,-0.05463707589825009,1114.1742857142858,0.5605937921727395,-0.18181818181818185,-1.3590839225087719,6.233152347492814,3.4166241006174998,-0.2397510980966325,-0.23478939157566303,-0.25693893735130846,0.7024962944004276,-0.3398776284990082,-0.692574808066813,Semiconductors,Technology,QUIK
2021Q3,2021,Q3,2021-11-17,2021-10-03,-1282000.0,3858000.0,-1261000.0,-0.11,2732000.0,0.7081389321,29630000.0,9606000.0,24932000.0,18864000.0,20024000.0,2182000.0,-299442000.0,67470590.0,64785590.0,0.8300354272876523,1.32167090754877,0.5668579142760716,1.748490526754112,-0.04399875521181566,0.8300354272876523,-0.13345825525713095,17.48848885432867,-13.157291341653666,7.023796585467416,0.0,0.5160403299725023,0.0,0.13020587242659468,1.13936598812553,-0.04326695916301046,-180.40264705882353,0.7081389320891653,0.38888888888888884,-0.6241500524681526,7.0440081668343515,2.596997077999128,0.8635743519781719,0.37827352085354027,0.36313131313131314,0.7700869332521911,-0.3573887325420722,-0.7127455032992628,Semiconductors,Technology,QUIK
2021Q2,2021,Q2,2021-08-18,2021-07-04,-2062000.0,2882000.0,-1980000.0,-0.18,1466000.0,0.5086745316,28714000.0,8969000.0,24248000.0,18672000.0,19745000.0,2205000.0,-298160000.0,76719800.0,74281800.0,0.7809316499782325,1.2986289631533847,0.576652504005015,1.846136693053852,-0.07328088736291671,0.7809316499782325,-0.22990299921953394,26.62033310201249,-9.301624636275461,8.55388560597614,0.0,0.6421768707482993,0.0,0.10036915790206868,1.1278384747215082,-0.07181165981751063,-38.88484541307653,0.508674531575295,-0.2,-1.1714370110996402,5.226297635183367,1.65743814967859,0.28146853146853146,-0.22084073416222616,0.26394052044609667,0.6843517361286399,-0.5076726437318877,-0.7866838044077409,Semiconductors,Technology,QUIK
2021Q1,2021,Q1,2021-05-19,2021-04-04,-1689000.0,2240000.0,-2690000.0,-0.15,1144000.0,0.5107142857,30753000.0,10682000.0,26094000.0,18798000.0,20071000.0,2490000.0,-296098000.0,83916800.0,79835800.0,0.9483309659090909,1.3881263964251516,0.5447923779793842,1.5684328777382512,-0.1012684043674996,0.9483309659090909,-0.15811645759221118,37.462857142857146,-12.421077560686799,7.8559071334956,0.0,0.44016064257028115,0.0,0.07283842226774624,1.1776252792850304,-0.05492147107599259,-65.25412130637636,0.5107142857142857,0.4444444444444445,-0.7185432454918069,2.9348709553158705,1.2551546814584675,-0.05140961857379768,0.42590074779061865,0.017172086225794667,0.7826299263072118,-0.5859330289600053,-0.5167143997557567,Semiconductors,Technology,QUIK
2020Q4,2020,Q4,2021-03-23,2021-01-03,-2942000.0,2500000.0,-2737000.0,-0.27,1206000.0,0.4824,32888000.0,12487000.0,28190000.0,18012000.0,20401000.0,2688000.0,-294409000.0,39891600.0,35217600.0,1.1268838552477214,1.565067732622696,0.5495621503283873,1.4474253223352287,-0.08582190899847797,1.1268838552477214,-0.2356050292303996,15.95664,-3.389836845683209,3.194650436453912,0.0,0.48139880952380953,0.0,0.07601556798832401,1.3566511214745725,-0.08945512040865969,-21.09550502379693,0.4824,-0.42105263157894746,-2.1080316431776915,2.5258152900144517,2.1452395682336034,0.3066088840736728,-0.42469733656174335,-0.4144702842377261,0.5529940075651364,-0.5656141091031637,-0.5652783841077178,Semiconductors,Technology,QUIK
2020Q3,2020,Q3,2020-11-06,2020-09-27,-2065000.0,1780000.0,-1935000.0,-0.19,923000.0,0.5185393258,34868000.0,14247000.0,30105000.0,18792000.0,20621000.0,3138000.0,-291467000.0,34722450.0,28235450.0,1.2924793613353895,1.6020114942528736,0.5219112079843983,1.277321541377132,-0.0564400469766962,1.2924793613353895,-0.14494279497438056,19.506994382022473,-4.2036864406779655,2.4371762476310805,0.0,0.2731038878266412,0.0,0.05104967305265573,1.3729246487867177,-0.05922335665940117,-18.34255150554675,0.5185393258426966,0.45714285714285713,-1.0843384381043764,1.1787937139801887,1.9894066091411355,-0.08067729083665338,0.30681436723732797,0.3236630548759175,0.6979808640831654,-0.6890332498218275,-0.584287966741371,Semiconductors,Technology,QUIK
2020Q2,2020,Q2,2020-08-07,2020-06-28,-2979000.0,2196000.0,-2861000.0,-0.35,1004000.0,0.4571948998,36621000.0,15622000.0,31736000.0,18803000.0,20999000.0,3052000.0,-289402000.0,26193600.0,18204600.0,1.825,1.6878157740786044,0.5026897135523334,1.1784022532326206,-0.07821739620981491,1.825,-0.1906926129816925,11.927868852459016,-2.198187311178248,1.6767123287671233,0.0,0.3905635648754915,0.0,0.05996559351191939,1.4637026006488327,-0.08134676824772671,-16.91000645577792,0.45719489981785066,0.0789473684210527,-3.5847877698548967,1.907390657212499,2.53989451404185,-0.09955156950672646,0.058767772511848344,-0.10762679055361982,0.4500508228418781,-0.5167614107640325,-0.5035824075399666,Semiconductors,Technology,QUIK
2020Q1,2020,Q1,2020-05-22,2020-03-29,-3165000.0,2158000.0,-2583000.0,-0.38,1115000.0,0.5166821131,29911000.0,10235000.0,24744000.0,18037000.0,19676000.0,3085000.0,-286423000.0,20988620.0,19504620.0,1.2239894762018655,1.3718467594389312,0.5821938417304671,1.7014167073766489,-0.0864110059057105,1.2239894762018655,-0.3092330239374695,9.725959221501391,-1.65786887835703,2.0506712261846602,0.0,0.33808752025931926,0.0,0.07214737053257998,1.1240228419360203,-0.10581391461335295,-8.514653144016227,0.5166821130676552,-0.027027027027027053,-4.846014503949186,1.3544534322631558,1.1238294372906408,-0.4015029522275899,-0.03330068560235064,0.11782786885245902,0.4782900810552513,-0.5999566165702287,-0.7496964188582264,Semiconductors,Technology,QUIK
2019Q4,2019,Q4,2020-03-13,2019-12-29,-3063000.0,2871000.0,-2928000.0,-0.37,1863000.0,0.6489028213,33404000.0,13823000.0,28364000.0,17998000.0,19581000.0,3260000.0,-283258000.0,46803360.0,42642360.0,1.6598222862632084,1.5759528836537393,0.5175128727098551,1.2505968313680098,-0.09035700090082317,1.6598222862632084,-0.22158720972292556,16.302110762800417,-3.820058765915769,3.385904651667511,0.0,0.30920245398773005,0.0,0.08594779068375046,1.30231136792977,-0.09169560531672853,-14.690320150659133,0.6489028213166145,0.27450980392156865,-3.9710095291503213,2.3734085252422066,1.6125389048721268,0.7896253602305475,0.2828377429173496,0.3016932983544002,-5.477031240896196,6.953148867567264,8.406905734985706,Semiconductors,Technology,QUIK
2019Q3,2019,Q3,2019-11-08,2019-09-29,-4271000.0,2158000.0,-4193000.0,-0.51,1041000.0,0.4823911029,35801000.0,16238000.0,30965000.0,18140000.0,19563000.0,3378000.0,-280195000.0,40908273.0,33271273.0,1.9533261157223625,1.7070011025358325,0.4772213066674115,1.0521615962556965,-0.12039275582933634,1.9533261157223625,-0.26302500307919696,18.95656765523633,-2.394537169281199,2.5192925852937558,0.0,0.33066903493191235,0.0,0.060277645875813524,1.4322491730981257,-0.11929834362168655,-14.323625,0.4823911028730306,0.2153846153846154,-6.2963696151433926,2.5131976921846433,1.8104933532017657,0.018590998043052837,0.07833405265429434,0.07500551511140525,-6.5327901572373905,5.263973222466307,7.464829451427494,Semiconductors,Technology,QUIK
2019Q2,2019,Q2,2019-08-09,2019-06-30,-4634000.0,2087000.0,-4533000.0,-0.65,1022000.0,0.4896981313,40131000.0,19862000.0,34889000.0,18716000.0,20269000.0,3502000.0,-275924000.0,59072809.599999994,48351809.599999994,2.8022009029345374,1.8641269502030349,0.4318357379581869,0.872520390695801,-0.1153678030497877,2.8022009029345374,-0.23330983788138154,28.305131576425488,-3.186923262839879,2.974162199174302,0.0,0.30411193603655057,0.0,0.05200468465774588,1.5799316093182303,-0.11547182975754404,-17.04351113675707,0.48969813128893147,-0.30000000000000004,-11.497666594460993,1.3852933389755733,2.68273491394019,-0.48357756442647803,-0.3331415420023015,-0.22216230789970343,-6.907184912456334,6.305764027762661,8.53563040085467,Semiconductors,Technology,QUIK
2019Q1,2019,Q1,2019-05-09,2019-03-31,-3476000.0,3194000.0,-3709000.0,-0.5,1979000.0,0.6195992486,34674000.0,15470000.0,31026000.0,18911000.0,19204000.0,3571000.0,-271290000.0,57126160.0,49946160.0,2.236842105263158,1.6406324361482736,0.4596816058141547,1.0303167420814479,-0.10645187776308712,2.236842105263158,-0.22469295410471882,17.88546023794615,-4.10861334867664,3.692705882352941,0.0,0.34024082889946794,0.0,0.09211512949183827,1.352175982232563,-0.100248024456365,-18.87220350181698,0.6195992485911084,-0.11111111111111108,-11.965957639267693,1.2517613988530845,1.843617784945338,0.18361244019138756,-0.13409461663947797,-0.2152686762778506,-4.760341624954561,8.138081873523443,4.319266297006266,Semiconductors,Technology,QUIK
2018Q4,2018,Q4,2019-03-15,2018-12-30,-3065000.0,3233000.0,-3052000.0,-0.45,1672000.0,0.5171667182,36086000.0,17255000.0,34283000.0,18707000.0,18831000.0,3836000.0,-267814000.0,69947673.572,59008673.572,2.5349289110735773,1.8326294969797403,0.4274233774871141,0.8938858301941466,-0.09320054611667412,2.5349289110735773,-0.17762967255867865,21.63553157191463,-5.705356735073409,4.053762594726166,0.0,0.40693430656934304,0.0,0.08959153134179461,1.5273427059389533,-0.08493598625505737,-17.27956362944664,0.517166718218373,0.062499999999999944,-5.937029553546315,1.6328283176317253,2.067664845584631,-0.04073436603557085,0.0598159509202454,0.05422993492407809,-4.271121392934704,6.422582418169448,6.075226676324377,Semiconductors,Technology,QUIK
2018Q3,2018,Q3,2018-11-09,2018-09-30,-3260000.0,3510000.0,-3227000.0,-0.48,1743000.0,0.4965811966,32532000.0,19551000.0,30622000.0,12792000.0,12981000.0,4090000.0,-264749000.0,94725568.0,80008568.0,2.8895472022928383,2.393839899937461,0.2920816426902742,0.48601094573167614,-0.11016626959237144,2.8895472022928383,-0.16674338908495728,26.98734131054131,-7.264230674846626,4.845049767275331,0.0,0.4320293398533007,0.0,0.10789376613795647,1.9891338336460287,-0.10020902496003935,-68.9916737072105,0.4965811965811966,0.15789473684210523,-8.534229408875698,1.561250167459681,5.587837942333304,0.1392156862745098,0.0642939150401837,0.06355194428322693,-4.360760521724026,5.999448988428128,5.683303240552078,Semiconductors,Technology,QUIK
2018Q2,2018,Q2,2018-08-10,2018-07-01,-3484000.0,3122000.0,-3446000.0,-0.57,1530000.0,0.4900704676,32431000.0,22424000.0,30395000.0,9831000.0,10007000.0,4290000.0,-261490000.0,99474076.24,83077076.24,3.660911201842994,3.091750584884549,0.1978970737874256,0.2862112022832679,-0.11876023435776654,3.660911201842994,-0.15536924723510526,31.862292197309415,-7.137921659012628,4.436054059935783,0.0,0.3710955710955711,0.0,0.0962659184113965,2.5435866137727596,-0.10742807807344824,-26.413721784386617,0.49007046764894296,0.17391304347826086,-6.834461308174522,3.4387871655831983,6.58255170795124,0.10151187904967603,0.12241813602015113,0.10979075174373547,-6.4933627116227965,4.776354364888785,6.1009531396155445,Semiconductors,Technology,QUIK
2018Q1,2018,Q1,2018-05-10,2018-04-01,-3970000.0,2764000.0,-3871000.0,-0.69,1389000.0,0.5025325615,21163000.0,11293000.0,18791000.0,9570000.0,9870000.0,3550000.0,-258005000.0,120051490.3,114021490.3,1.9622578562858541,1.9635318704284221,0.3086046401738884,0.5783228548658461,-0.21418725194580968,1.9622578562858541,-0.35154520499424424,43.433968994211284,-7.559917525188917,10.630611024528468,0.0,0.3873239436619718,0.0,0.1306053017058073,1.4435736677115987,-0.18759155129234986,-31.57587856391373,0.5025325615050651,-0.16949152542372878,-7.568309465652049,6.086558334777582,2.6226862268600906,-0.07584830339321358,-0.16456438838369022,-0.11427748992515832,-9.654512727784722,3.3816089508533427,2.4048503518729625,Semiconductors,Technology,QUIK
2017Q4,2017,Q4,2018-03-09,2017-12-31,-3409000.0,2981000.0,-3474000.0,-0.59,1503000.0,0.5041932238,24636000.0,14878000.0,22008000.0,9389000.0,9758000.0,3559000.0,-254035000.0,139815048.24,129942048.24000001,2.5921965093333363,2.344019597401214,0.2700925474914759,0.4472375319263342,-0.15387692778086742,2.5921965093333363,-0.2291302594434736,46.90206247567931,-10.253376960985626,9.397435692969484,0.0,0.4152851924697949,0.0,0.12100178600422147,1.8587709021195016,-0.1383747361584673,-53.7130419669612,0.5041932237504193,0.04838709677419359,-9.305357267218998,6.47261128615846,3.2192801896913315,0.1872037914691943,0.03971830985915493,-0.005499276410998553,-7.027654702080146,4.08231764833936,3.080083925703569,Semiconductors,Technology,QUIK
2017Q3,2017,Q3,2017-11-09,2017-10-01,-3550000.0,2972000.0,-3455000.0,-0.62,1266000.0,0.4259757739,27521000.0,17794000.0,25021000.0,9573000.0,9727000.0,3307000.0,-250626000.0,134610792.96,121855792.96000001,3.109073728763807,2.6137052125770395,0.22797136731950146,0.3525907609306508,-0.14508261118205604,3.109073728763807,-0.19950545127571093,45.29299897711979,-9.479633307042254,7.564954083398898,0.0,0.5158754157846991,0.0,0.10799026198175939,2.160555729656325,-0.12899240579920787,-42.45058119205298,0.4259757738896366,0.015873015873015886,-8.78122542340119,5.265222080706395,3.723779306491622,-0.08260869565217391,0.015802606043803714,0.027582324795947088,-7.808882621778446,6.027731633930368,3.4734112644951174,Semiconductors,Technology,QUIK
2017Q2,2017,Q2,2017-08-10,2017-07-02,-3607000.0,3026000.0,-3553000.0,-0.63,1380000.0,0.4560475876,30240000.0,20955000.0,27475000.0,9121000.0,9285000.0,3322000.0,-247076000.0,114911233.92,98973233.92,3.676340298409007,3.012279355333845,0.2082010582010582,0.30045335242185633,-0.1302069076029751,3.676340298409007,-0.17213075638272488,37.974631169861205,-7.964460349320765,5.483714336435218,0.0,0.4954846478025286,0.0,0.10006613756613757,2.552899901326609,-0.11927910052910053,-29.2767474955414,0.4560475875743556,0.13698630136986298,-6.852256607480022,4.236301871837472,3.7725507853711573,0.005098324836125273,-0.011781206171107995,-0.024509803921568627,-11.096808234121884,3.300708611439812,3.83155463917586,Semiconductors,Technology,QUIK
2017Q1,2017,Q1,2017-05-11,2017-04-02,-3565000.0,3170000.0,-3468000.0,-0.73,1373000.0,0.4331230284,35118000.0,24029000.0,32319000.0,11002000.0,11089000.0,2861000.0,-243469000.0,118326374.88,97865374.88,4.890019833589953,2.9375568078531176,0.17691781992140782,0.2585625702276416,-0.11503456665248826,4.890019833589953,-0.14836239543884472,37.32693213880126,-8.297782249649368,4.924315405551624,0.0,0.6281020622160084,0.0,0.09026709949313742,2.5887111434284678,-0.10151489264764509,-30.488630476681266,0.4331230283911672,-11.852112676056338,-6.505491048248072,5.012961978611231,7.644836440599092,0.44526315789473686,0.07594608605495075,0.07569296375266525,-17.71605326877779,2.1454054004198526,5.216508234896583,Semiconductors,Technology,QUIK
2016Q4,2016,Q4,2017-03-09,2017-01-01,-3858000.0,2945000.0,-3752000.0,-0.0568,950000.0,0.3225806452,21844000.0,11988000.0,18849000.0,9807000.0,9856000.0,2017000.0,-239904000.0,1322131860.0,1313470860.0,0.17644721155119883,1.921994493728969,0.28424281267167184,0.5179346012679346,-0.20368818282542067,0.17644721155119883,-0.32182182182182184,448.9412088285229,-85.67469284603422,110.28794294294295,0.0,0.9890927119484383,0.0,0.13481963010437648,1.6018150300805547,-0.1766160043947995,-334.124806671721,0.3225806451612903,0.16715542521994126,0.9497885696266352,-0.9725718613507226,-0.9805425522589704,0.06621773288439955,0.1654769630110318,0.1786339754816112,0.12517228474049683,-0.759719028537751,-0.7864709713899601,Semiconductors,Technology,QUIK
2016Q3,2016,Q3,2016-11-10,2016-10-02,-4623000.0,2809000.0,-4568000.0,-0.0682,891000.0,0.3171947312,24627000.0,15641000.0,21307000.0,8907000.0,8986000.0,1443000.0,-236046000.0,749752753.4000001,737221753.4000001,0.23075788200233105,2.392163466936118,0.2123685385958501,0.3343775973403235,-0.2154109349610853,0.23075788200233105,-0.29556933699891313,266.91091256674974,-40.54470870646767,47.93509068473883,0.0,1.3291753291753292,0.0,0.11406180208714013,2.1087908386662177,-0.18772079425021318,-343.7655907381935,0.3171947312210751,0.17533252720677145,-0.6948886999342854,-0.7017924747279822,-0.676627528332462,0.1481958762886598,0.1706135629709365,0.1691524190614769,-0.3496560364854246,-0.7953895393624618,-0.47389835703629907,Semiconductors,Technology,QUIK
2016Q2,2016,Q2,2016-08-10,2016-07-03,-5574000.0,2717000.0,-5498000.0,-0.0827,776000.0,0.2856091277,27153000.0,19811000.0,23756000.0,3113000.0,7342000.0,2318000.0,-231423000.0,887181400.0,872462400.0,0.29386635021879404,7.6312238997751365,0.1565572864876809,0.21457775983039726,-0.22723487404675508,0.29386635021879404,-0.2813588410479027,326.52977548767024,-39.79105669178328,44.78226237948614,0.0,0.8373597929249353,0.0,0.10006260818325784,6.570831994860264,-0.20528118439951387,-159.3643614154841,0.2856091277143909,0.05269186712485689,-0.5402914709569547,-0.730407407459598,-0.60776937061782,-0.328719723183391,-0.09444335362261928,-0.10313001605136436,-0.13884680865797308,-0.6490151164763512,-0.3913382016370257,Semiconductors,Technology,QUIK
2016Q1,2016,Q1,2016-05-11,2016-04-03,-5093000.0,2950000.0,-4984000.0,-0.0873,1156000.0,0.3918644068,33232000.0,24546000.0,29367000.0,5428000.0,8686000.0,3330000.0,-225849000.0,907085340.0,887197340.0,0.42051703757002623,5.410280029476787,0.10273230621088107,0.1390857980933757,-0.17788917042133984,0.42051703757002623,-0.20748798174855373,307.4865559322034,-44.5260818770862,36.95450745538988,0.0,0.5387387387387388,0.0,0.08876986037554165,4.579403095062638,-0.15325589792970631,-164.68506535947714,0.391864406779661,-0.022248243559718956,-2.6267314186074473,-0.6674935421518455,-0.4924842327418861,-0.0975800156128025,-0.05096987205943046,-0.06723768736616702,-0.08376327733224903,-0.2542805652074983,-0.22364878026355672,Semiconductors,Technology,QUIK
2015Q4,2015,Q4,2016-03-18,2016-01-03,-4846000.0,3630000.0,-4670000.0,-0.0854,1281000.0,0.352892562,28461000.0,20325000.0,24927000.0,5795000.0,8136000.0,2878000.0,-220756000.0,1000699560.0,984052560.0,0.35828235999224384,4.30146678170837,0.08745300586767858,0.122460024600246,-0.20462595594970592,0.35828235999224384,-0.23842558425584257,275.6748099173554,-51.62502888980603,49.23491070110701,0.0,0.8161917998610146,0.0,0.1275429535153368,3.578429680759275,-0.17026808615298128,-184.29089502762432,0.3528925619834711,0.05005561735261391,-2.2064830987703807,-0.9761813667884017,-0.9683433523562955,0.03140096618357488,0.047188360204482895,0.05656565656565657,-0.4821459307664127,-0.07936274482195232,-0.4168290643135264,Semiconductors,Technology,QUIK
2015Q3,2015,Q3,2015-11-03,2015-09-27,-5086000.0,4194000.0,-4950000.0,-0.0899,1242000.0,0.2961373391,31073000.0,24466000.0,28279000.0,5360000.0,6607000.0,2372000.0,-215910000.0,1243804240.0,1221712240.0,0.43235314907754296,5.275932835820895,0.04341389630869243,0.05513774217281125,-0.18863491937709215,0.43235314907754296,-0.20788032371454263,296.5675345731998,-61.13862760519073,50.83807079211967,0.0,1.2445193929173692,0.0,0.1349724841502269,4.677985074626866,-0.1636790782994883,-435.04870234347675,0.296137339055794,-0.1844532279314888,-6.823095291645513,-0.6398470537160751,-0.36399966503347236,-0.4204386374241717,-0.18887330528284246,-0.22524752475247525,-0.4172925070988259,-0.10580072951343591,-0.34310311144630334,Semiconductors,Technology,QUIK
2015Q2,2015,Q2,2015-08-05,2015-06-28,-4278000.0,4973000.0,-4040000.0,-0.0759,2143000.0,0.4309270058,34804000.0,29056000.0,31886000.0,5537000.0,5748000.0,3001000.0,-210824000.0,1238770820.0,1213613820.0,0.5155520857360848,5.758714105111071,0.036145270658544996,0.04329570484581498,-0.13279895093014865,0.5155520857360848,-0.1472329295154185,249.09930022119445,-72.39193665264142,42.633907626651975,0.0,0.9430189936687771,0.0,0.14288587518676013,5.0590572512190715,-0.12291690610274682,-577.7848973880597,0.4309270058314901,-0.17310664605873266,-11.492049432273255,-0.5181167251993763,-0.18304539166107353,-0.25564432094477246,-0.1759208356239692,-0.13546936481169197,0.058115167617729446,-0.12967212607526393,-0.3307206863455191,Semiconductors,Technology,QUIK
2015Q1,2015,Q1,2015-05-05,2015-03-29,-3638000.0,6159000.0,-3558000.0,-0.0647,2879000.0,0.467446014,37499000.0,32383000.0,34298000.0,3819000.0,5116000.0,3349000.0,-206546000.0,1494654000.0,1467808000.0,0.5763125111229757,8.980885048442001,0.03650764020373877,0.042275267887471824,-0.10543522489096817,0.5763125111229757,-0.1123428959639317,242.678032148076,-102.7112424409016,46.15551369545749,0.0,0.9793968348760824,0.0,0.16424437985012932,7.829012830583922,-0.09701592042454465,-858.0103329506314,0.4674460139633057,0.12567567567567572,-14.893671446901559,-0.2912583811385672,-0.07304126504188145,0.3015370705244123,0.12168034765813616,0.10849411175144075,0.33019510578072375,0.021657774749886623,0.018835826207988418,Semiconductors,Technology,QUIK
2014Q4,2014,Q4,2015-03-05,2014-12-28,-4142000.0,5721000.0,-3991000.0,-0.074,2212000.0,0.3866456913,41139000.0,35567000.0,37700000.0,4305000.0,5572000.0,4952000.0,-202908000.0,2476643680.0,2448009680.0,0.635329212961309,8.75725900116144,0.034419893531685265,0.039812185452807375,-0.10897675859974316,0.635329212961309,-0.11645626563949729,432.9039818213599,-149.4835634958957,69.63319031686676,0.0,0.7086025848142165,0.0,0.13906512068839788,7.340766550522648,-0.1006830501470624,-1667.7735218855219,0.3866456913127076,-0.05113636363636352,0.9112449240868049,-0.9445924131006987,-0.9306663637014799,0.2546795235394214,-0.0539440203562341,-0.030467337980893364,0.9345764675623227,-0.9353354127714741,-0.929940037868169,Semiconductors,Technology,QUIK
2014Q3,2014,Q3,2014-11-04,2014-09-28,-3930000.0,4124000.0,-3873000.0,-0.0704,1763000.0,0.4274975752,43865000.0,38790000.0,40748000.0,3786000.0,5075000.0,6878000.0,-198766000.0,2367545040.0,2337834040.0,0.6950118254138895,10.762810353935553,0.03301037273452639,0.03732920855890694,-0.0953380036953405,0.6950118254138895,-0.10131477184841454,574.0894859359845,-150.60719083969468,61.03493271461717,0.0,0.34326839197441117,0.0,0.09401573008093013,8.691494981510829,-0.08959306964550325,-753.2755456570156,0.42749757516973813,-0.34608030592734235,0.28758006196549885,-0.3275748914917504,0.23899985714621422,-0.41545092838196285,-0.3565757680358992,-0.3410664819944598,-0.7498073137605092,-0.46830092789902444,-0.026045438309290313,Semiconductors,Technology,QUIK
2014Q2,2014,Q2,2014-08-07,2014-06-29,-2897000.0,6836000.0,-2888000.0,-0.0523,3016000.0,0.4411936805,48307000.0,42138000.0,44986000.0,5960000.0,6169000.0,7651000.0,-194837000.0,4008332019.9999995,3975437019.9999995,0.7609021470232399,7.5479865771812085,0.029705839733371976,0.034054772414447765,-0.06464263151189907,0.7609021470232399,-0.06875029664435901,586.3563516676418,-345.90369520193303,95.12392662205134,0.0,0.499281139720298,0.0,0.14151158217235596,6.091610738255033,-0.05997060467427081,-928.9297844727693,0.441193680514921,-0.34793814432989684,0.512362955726786,0.27557796678531415,0.24158923160325899,-0.25677673730901923,-0.37298578199052135,-0.41015625,0.025468523433491087,-0.17428190799424542,0.015594768856561468,Semiconductors,Technology,QUIK
2014Q1,2014,Q1,2014-05-07,2014-03-30,-2110000.0,11164000.0,-2048000.0,-0.0388,4058000.0,0.3634897886,49371000.0,42818000.0,46587000.0,6338000.0,6553000.0,5224000.0,-191940000.0,3970343020.0,3934540020.0,0.7866184116253009,7.350426001893342,0.02651354033744506,0.030571255079639405,-0.04652979759934292,0.7866184116253009,-0.04927834088467467,355.63803475456825,-470.41978909952604,92.72602690457283,0.0,1.360260336906585,0.0,0.22612464807275526,6.38040391290628,-0.04273763950497256,-1389.6895414770738,0.3634897886062343,0.40215716486902925,0.27357766212050616,0.34758819124537965,0.13268355270815668,0.46604046242774566,0.33835058011915964,0.33050016345210853,-0.6112355550094877,0.34937530985269,-0.05064192161561709,Semiconductors,Technology,QUIK
2013Q4,2013,Q4,2014-03-06,2013-12-29,-3189000.0,8863000.0,-3059000.0,-0.0649,2768000.0,0.3123096017,49126000.0,40598000.0,46075000.0,8274000.0,8528000.0,4136000.0,-188676000.0,2606837800.0,2570741800.0,0.8263382861795238,5.568648779308678,0.02666612384480723,0.03226759938913247,-0.07446540657933019,0.8263382861795238,-0.07855066752056751,294.1258941667607,-204.36169645656946,64.2109906891965,0.0,1.4736460348162477,0.0,0.18041363025689044,4.915035049552816,-0.06491470911533608,-2237.6290128755363,0.31230960171499494,-0.28514851485148507,0.9472301247818921,-0.9350270974682162,-0.9194904148951428,-0.08616705183228789,-0.40981432360742703,-0.3717488789237668,-1.436455189868937,-0.9328494885453573,-0.9269874744582619,Semiconductors,Technology,QUIK
2013Q3,2013,Q3,2013-11-05,2013-09-29,-2262000.0,9066000.0,-2230000.0,-0.0505,3029000.0,0.3341054489,26634000.0,19633000.0,23389000.0,6887000.0,7001000.0,2851000.0,-185487000.0,1648100020.0,1634423020.0,0.43861844015996065,3.3961086104254394,0.04482991664789367,0.060815973106504356,-0.10524688344237217,0.43861844015996065,-0.11521418020679468,181.7891043459078,-182.1507537577365,83.94539907298936,0.0,2.11750263065591,0.0,0.34039198017571526,2.8845651226949323,-0.08492903807163775,-434.8548865435356,0.3341054489300684,0.3044077134986225,-1.446390122934763,-0.032087947175695256,-0.4480048949383967,0.5621454357916452,0.30206726319037336,0.20753375977256575,-4.274120856021171,-0.01576495432826128,-0.3547832935658835,Semiconductors,Technology,QUIK
2013Q2,2013,Q2,2013-08-06,2013-06-30,-3241000.0,5126000.0,-2814000.0,-0.0726,1939000.0,0.3782676551,26758000.0,21553000.0,24378000.0,4957000.0,5205000.0,3603000.0,-184378000.0,1356193580.0,1338737580.0,0.48280728478304696,4.917893887431914,0.011398460273563046,0.01415116225119473,-0.14136189950684394,0.48280728478304696,-0.15037349788892498,264.5715138509559,-104.61227861771057,62.92365703150374,0.0,0.884540660560644,0.0,0.19156887659765304,4.005245107928182,-0.12112265490694371,-549.7339197405756,0.3782676550916894,0.09813664596273297,-1.86100337589675,-0.6113895305218436,-0.41062813030877604,0.8806983511154219,0.095703125,0.19760479041916168,-10.948167681915102,-0.3729078566001113,-0.23493348750599885,Semiconductors,Technology,QUIK
2013Q1,2013,Q1,2013-05-08,2013-03-31,-3584000.0,3017000.0,-3507000.0,-0.0805,1031000.0,0.3417301956,27336000.0,24113000.0,24725000.0,2921000.0,3223000.0,2525000.0,-181137000.0,1502003580.0,1482718580.0,0.5416582429184357,8.464566929133857,0.013681592039800995,0.015510305644258284,-0.14334406416203724,0.5416582429184357,-0.14863351718989756,497.84672853828306,-104.771455078125,62.29019947746029,0.0,0.7865346534653466,0.0,0.11036728124085456,7.3105100992810685,-0.13110916008194323,-519.5446489104116,0.3417301955585018,-0.39756944444444453,-0.7192701542183367,-0.8192053536468177,-0.4279762150741778,-0.32215647600262987,-0.400547088706526,-0.41411290322580646,-18.763446383569033,-0.5617860639338109,-0.12878025386443226,Semiconductors,Technology,QUIK
2012Q4,2012,Q4,2013-03-08,2012-12-30,-2559000.0,3086000.0,-2480000.0,-0.0576,1521000.0,0.4928710305,31024000.0,27278000.0,28179000.0,3339000.0,3746000.0,3028000.0,-177553000.0,1348872000.0,1326720000.0,0.6143693693693694,8.439353099730459,0.013731304796286746,0.015616980717061368,-0.08938463765976734,0.6143693693693694,-0.0938118630398123,437.09397278029815,-131.77725674091442,49.449079844563386,0.0,0.5168428005284016,0.0,0.0994713769984528,7.237196765498652,-0.08248452810727179,-546.102024291498,0.4928710304601426,0.0914826498422713,0.9278698009386631,-0.986480743190841,-0.9557505003107732,-0.1263641585295807,0.0854181558255897,0.10855499640546369,0.9308616786383074,-0.96231585640326,-0.9329537166876647,Semiconductors,Technology,QUIK
2012Q3,2012,Q3,2012-11-02,2012-09-30,-2798000.0,3657000.0,-2782000.0,-0.0634,1741000.0,0.4760732841,33247000.0,29040000.0,30130000.0,3756000.0,4207000.0,2516000.0,-174994000.0,1778999040.0,1754773040.0,0.6581750600607407,8.021831735889243,0.021716245074743585,0.024862258953168043,-0.09326307292065045,0.6581750600607407,-0.09634986225895317,486.46405250205083,-158.95273766976413,61.260297520661155,0.0,0.7615262321144675,0.0,0.10999488675669986,7.09877529286475,-0.08415796914007279,-840.3396504487482,0.47607328411266064,0.21339950372208444,-0.23670017672790775,-0.732604391676014,-0.3651972621992671,-0.14865525672371638,0.13535228677379482,0.1185044359949303,0.3584010857630972,-0.24573731854375402,0.17333083492044085,Semiconductors,Technology,QUIK
2012Q2,2012,Q2,2012-08-03,2012-07-01,-3236000.0,4071000.0,-3156000.0,-0.0806,2045000.0,0.502333579,35474000.0,30931000.0,32549000.0,3935000.0,4543000.0,2727000.0,-172196000.0,1377282200.0,1351171200.0,0.7703093091597351,8.271664548919949,0.021311382984721204,0.02444149881995409,-0.09745900621704807,0.7703093091597351,-0.10461996055736963,338.31545074920166,-106.4031365883807,44.52756781222721,0.0,0.742940960762743,0.0,0.11476010599312172,7.3595933926302415,-0.09122173986581722,-570.5394366197183,0.5023335789732253,0.16649431230610123,-0.12336963709928532,-0.6505998425988558,-0.2708718564433407,0.1625923820352473,0.13034130610051062,0.15614973262032086,0.24876986230838977,0.04766479866666535,0.25693920959229677,Semiconductors,Technology,QUIK
2012Q1,2012,Q1,2012-05-04,2012-04-01,-3721000.0,4130000.0,-3740000.0,-0.0967,1759000.0,0.4259079903,26659000.0,21775000.0,23616000.0,4239000.0,4884000.0,3117000.0,-168960000.0,1665293700.0,1648987700.0,0.5656578776464476,5.571125265392781,0.0343973892494092,0.042112514351320324,-0.15929436479246728,0.5656578776464476,-0.17088404133180252,403.21881355932203,-111.88482262832571,76.47732261768083,0.0,0.7606673083092718,0.0,0.15491953936756817,4.588346308091531,-0.13957762856821337,-573.645780227351,0.42590799031477,0.914424778761062,0.5273687245905666,-0.5047488243062563,-0.493682517271761,-0.1279127416955875,-0.1964630225080386,-0.25461254612546125,-0.8114416610431131,-0.2950710166864846,-0.1854864251828222,Semiconductors,Technology,QUIK
2011Q4,2011,Q4,2012-03-09,2012-01-01,-3110000.0,4346000.0,-2981000.0,-1.13,2017000.0,0.4641049241,28963000.0,24938000.0,26571000.0,3731000.0,4025000.0,3764000.0,-165239000.0,100100000.0,80184000.0,9.068363636363637,7.121683194853927,0.009909194489521113,0.011508541182131687,-0.11867933136304017,9.068363636363637,-0.12470927901194964,23.032673722963644,-8.046623794212218,4.013954607426417,0.0,0.6187566418703507,0.0,0.15005351655560542,5.948539265612436,-0.1073783793115354,-62.64080100125157,0.4641049240681086,-27.109452736318406,0.30557571397427513,-0.5819627986476333,-0.502890205328818,-0.3399869109947644,-1.0116429495472186,-1.0114709851551957,0.08059680777238032,-0.43081255572293786,-0.11647541188113868,Semiconductors,Technology,QUIK
2011Q3,2011,Q3,2011-11-09,2011-10-02,-1546000.0,5339000.0,-1482000.0,-0.0402,3056000.0,0.5723918337,30634000.0,27415000.0,28497000.0,3092000.0,3219000.0,3862000.0,-162129000.0,1032675840.0,1011141840.0,0.7135977927013379,9.216364812419146,0.0012078083175556572,0.0013496261170891847,-0.0543366034350867,0.7135977927013379,-0.05639248586540215,193.4212099644128,-166.99156532988357,37.66827795002735,0.0,0.5911444847229415,0.0,0.1742834758764771,7.7535575679172055,-0.05046680159300124,6335.434601226993,0.5723918336767185,0.2513966480446927,0.6089301018268098,-0.5364713437141433,-0.48925433016150127,-0.1896048793423495,0.24951456310679612,0.2888675623800384,-0.9480837869443821,-0.33588218203295056,-0.10194726785711485,Semiconductors,Technology,QUIK
2011Q2,2011,Q2,2011-08-11,2011-07-03,-2060000.0,5737000.0,-2084000.0,-0.0537,3771000.0,0.6573121841,32455000.0,28752000.0,30103000.0,3616000.0,3703000.0,4051000.0,-160583000.0,1944895680.0,1923663680.0,0.7492182614133833,8.324944690265486,0.006378061931905716,0.007199499165275459,-0.07009241156711571,0.7492182614133833,-0.0716471897607123,339.00918249956425,-236.03102912621358,67.64383973288815,0.0,0.48531226857566034,0.0,0.17676783238329996,7.004977876106195,-0.06347250038514866,-1539.901567695962,0.6573121840683284,-1.2282157676348546,0.09895095804310695,-0.5390384957414617,-0.498698927873489,0.045177383592017735,-1.34624145785877,-1.598503740648379,-1.6366009066287672,-0.4940647327117479,-0.08541527550804077,Semiconductors,Technology,QUIK
2011Q1,2011,Q1,2011-05-12,2011-04-03,-878000.0,5547000.0,-802000.0,-0.0241,3608000.0,0.6504416802,34293000.0,30239000.0,31834000.0,3925000.0,4054000.0,3962000.0,-158523000.0,2554650000.0,2532395000.0,0.828579257432525,8.110573248407643,0.007085994226226927,0.008035980025794504,-0.028379256973181256,0.828579257432525,-0.029035351698138166,460.54624121146566,-727.4060364464693,84.48196038228777,0.0,0.48939929328621906,0.0,0.16175312746041468,6.8937579617834395,-0.025602892718630626,-3686.3636363636365,0.6504416801874887,0.09398496240601499,0.4502883131105819,-0.5430425932509745,-0.450323780397692,-0.22475290073055437,-11.72463768115942,-23.303030303030305,0.48623660208325314,-0.5945279307821009,-0.12497031265717976,Semiconductors,Technology,QUIK
2010Q4,2010,Q4,2011-03-11,2011-01-02,-69000.0,6958000.0,-33000.0,-0.0266,4654000.0,0.668870365,33628000.0,29313000.0,31124000.0,4191000.0,4315000.0,3344000.0,-157645000.0,233877000.0,212329000.0,11.317760617760618,7.426389883082797,0.012132746520756512,0.013918739125985059,-0.0008608145642112092,11.317760617760618,-0.0023539044110121787,33.61267605633803,-847.3804347826086,7.978610172960802,0.0,0.6889952153110048,0.0,0.20691090757701916,6.444285373419231,-0.002051861543951469,823.5105633802817,0.6688703650474275,-3.66,0.8867169960373907,-0.49509287112061173,-0.4804256378718983,-0.009154779646582926,-1.1254545454545455,-1.0956521739130434,0.9666589600721337,-0.4774540012325028,-0.1848466575532534,Semiconductors,Technology,QUIK
2010Q3,2010,Q3,2010-11-12,2010-10-03,550000.0,7333000.0,345000.0,0.01,4697000.0,0.640529115,30233000.0,24224000.0,27533000.0,5853000.0,6009000.0,2641000.0,-157576000.0,2549256360.0,2532546360.0,0.6798001908289836,4.704083376046472,0.0808057420699236,0.1008503963011889,0.01984825992214252,0.6798001908289836,0.022704755614266842,347.64166916678033,1158.752890909091,105.23680482166448,0.0,0.9981067777357062,0.0,0.24254953196837892,4.105928583632325,0.01819204180861972,5213.203190184049,0.6405291149597709,2.6393442622950816,-0.7416829283771225,-0.5582219637178144,-0.5510884504173497,0.19638308711156394,3.558139534883721,2.9714285714285715,1.3010024404922547,-0.33610161915454084,-0.34434005710293214,Semiconductors,Technology,QUIK
2010Q2,2010,Q2,2010-08-12,2010-07-04,-215000.0,6479000.0,-175000.0,-0.0061,3926000.0,0.6059577095,28178000.0,22329000.0,25306000.0,5526000.0,5849000.0,2223000.0,-158126000.0,1456364279.9999998,1441131279.9999998,0.6310657660458412,4.5794426348172275,0.09241252040599049,0.11661964261722424,-0.00740900462361272,0.6310657660458412,-0.009628733933449775,224.7822626948603,-1693.4468372093022,65.22299610372161,0.0,1.1484480431848854,0.0,0.22993115196252395,3.984618168657257,-0.007630066008943147,-2600.6504999999997,0.6059577095230746,-0.4878048780487805,-1.5078891169488173,-0.6164716182959175,-0.5646795263726179,0.18502867491699365,-0.5034965034965035,0.8382624768946395,0.9152993407463609,-0.3689494696288795,-0.402671362025886,Semiconductors,Technology,QUIK
2010Q1,2010,Q1,2010-05-14,2010-04-04,-143000.0,5429000.0,-1082000.0,-0.0041,3313000.0,0.6102412967,28135000.0,21825000.0,25017000.0,5952000.0,6310000.0,2440000.0,-157911000.0,1518599040.0,1502927040.0,0.6217240200546946,4.203125,0.09376221787808779,0.12087056128293241,-0.048157319429504804,0.6217240200546946,-0.006552119129438717,279.719845275373,-2654.8934265734265,69.5807120274914,0.0,0.8672131147540983,0.0,0.19296250222143238,3.6412970430107525,-0.00508263728452106,-1457.3887140115164,0.610241296739731,0.9950602409638555,-1.1244006895383876,-0.6742583762918949,-0.5532506803250874,0.5352177942539388,0.9260599793174767,0.4293248945147679,0.9800819626548872,-0.2860907266679654,-0.4434979990104075,Semiconductors,Technology,QUIK
2009Q4,2009,Q4,2010-03-12,2010-01-03,-1934000.0,4279000.0,-1896000.0,-0.83,2158000.0,0.5043234401,27601000.0,21259000.0,24175000.0,6078000.0,6342000.0,2119000.0,-157768000.0,70156800.0,54474800.0,9.163362068965517,3.977459690687726,0.09104742581790515,0.1182087586433981,-0.07576164506594575,9.163362068965517,-0.09097323486523355,16.395606450105166,-9.068872802481902,3.3000987816924594,0.0,1.000943841434639,0.0,0.15503061483279593,3.5406383678841724,-0.07006992500271729,-69.46217821782179,0.5043234400560879,-7.40080971659919,0.7456230496332351,-0.6933716952855822,-0.5333267884963397,0.8830715532286213,0.354688021354688,0.35268009559576646,0.4881229120152154,-0.512120910070533,-0.49768257876922173,Semiconductors,Technology,QUIK
2009Q3,2009,Q3,2009-11-06,2009-09-27,-2997000.0,3332000.0,-2929000.0,-0.0988,1146000.0,0.343937575,23029000.0,17009000.0,19146000.0,5756000.0,6020000.0,1844000.0,-155834000.0,679212800.0,668026800.0,0.5609458478992151,3.3262682418346072,0.11724347561769942,0.15873949085778116,-0.14385110444585486,0.5609458478992151,-0.1762008348521371,203.8453781512605,-56.65772439105772,39.932553354106645,0.0,1.185466377440347,0.0,0.1446871336141387,2.899583043780403,-0.13014025793564635,-319.6295529411765,0.343937575030012,0.10181818181818184,-1.835000802289758,-0.7627635957225004,-0.6495990883253595,-0.13313161875945537,0.07127362875735978,0.10263480392156862,0.039475270859296675,-0.6334792479921526,-0.5985124032631105,Semiconductors,Technology,QUIK
2009Q2,2009,Q2,2009-08-07,2009-06-28,-3227000.0,2911000.0,-3264000.0,-0.11,1322000.0,0.454139471,25252000.0,18435000.0,20967000.0,6427000.0,6817000.0,2042000.0,-152837000.0,589587600.0,576139600.0,0.6128453176423656,3.2623307919713707,0.11888167273879297,0.16284241931109303,-0.15155563796150934,0.6128453176423656,-0.1750474640629238,202.5378220542769,-45.676138828633405,31.9819690805533,0.0,0.7781586679725759,0.0,0.11527799778235387,2.832425704060993,-0.12779185807064786,-344.3852803738318,0.4541394709721745,-1.0599250936329587,-4.116647370939044,-0.7824030333025229,-0.6588182032736585,-0.5162824734723747,-1.0219298245614035,-1.1445466491458607,-0.8007258956829901,-0.7016064374773544,-0.589945906814569,Semiconductors,Technology,QUIK
2009Q1,2009,Q1,2009-05-08,2009-03-29,-1596000.0,4552000.0,-1522000.0,-0.0534,2733000.0,0.6003954306,27859000.0,20771000.0,23296000.0,6698000.0,7088000.0,1932000.0,-149610000.0,669961600.0,654950600.0,0.694473235480959,3.478053150194088,0.11425392153343623,0.15324250156468153,-0.06369809303677945,0.694473235480959,-0.07683789899378941,147.17961335676625,-104.9438596491228,32.25466275095084,0.0,0.9415113871635611,0.0,0.16339423525611113,3.0668856375037326,-0.05728848845974371,-796.624970273484,0.6003954305799648,0.9565853658536586,0.04753672346347143,-0.6352780904546259,-0.6272760615034365,-0.08625877632898696,0.39083969465648855,0.019329896907216496,-0.21928383632305723,-0.5424365942598474,-0.5392891877633765,Semiconductors,Technology,QUIK
2008Q4,2008,Q4,2009-03-11,2008-12-28,-2620000.0,5914000.0,-1552000.0,-1.23,2991000.0,0.50574907,28426000.0,21862000.0,23971000.0,6564000.0,6564000.0,1900000.0,-148014000.0,16997400.0,374400.0,10.263849765258216,3.6518890920170626,0.09684795609653135,0.12592626475162383,-0.06233720043385112,10.263849765258216,-0.11984264934589699,2.8740953669259386,-1.6218893129770993,0.7774860488518891,0.0,1.538421052631579,0.0,0.2080489692535003,3.2355271176112126,-0.09216914092732006,26.149846153846156,0.5057490700033818,-58.42028985507247,0.07185636038452936,-0.5434901785986128,-0.5847656489742381,-0.1335457705677868,-3.2601626016260163,-1.732394366197183,-4.230426674079565,-0.47817058157805997,-0.5288084476363591,Semiconductors,Technology,QUIK
2008Q3,2008,Q3,2008-11-06,2008-09-28,-615000.0,6230000.0,-568000.0,-0.0207,3452000.0,0.5540930979,30308000.0,23657000.0,25007000.0,6465000.0,6651000.0,2457000.0,-145394000.0,408471840.0,392588840.0,0.7946056697568185,3.868058778035576,0.09733403721789627,0.12469882064505221,-0.01950798790451138,0.7946056697568185,-0.025996533795493933,65.56530337078652,-166.04546341463416,17.266426004987956,0.0,1.1306471306471306,0.0,0.20555628876864193,3.345862335653519,-0.020291672165764815,638.23725,0.5540930979133226,-1.2455516014234875,0.29509831844727974,-0.5467939895859745,-0.5686242971301785,0.07338308457711443,-1.2464929859719438,0.8517745302713987,-1.3457180863092175,-0.5507717623226094,-0.4752757246468183,Semiconductors,Technology,QUIK
2008Q2,2008,Q2,2008-08-07,2008-06-29,2495000.0,8743000.0,-3832000.0,0.0843,3216000.0,0.3678371268,32402000.0,24239000.0,26463000.0,6670000.0,8163000.0,2991000.0,-144779000.0,694939089.6,679716089.6,0.8191895636892088,3.9674662668665666,0.1165668785877415,0.15582326003548,-0.07195099381781538,0.8191895636892088,0.10293328932711746,79.48519839871898,69.63317531062124,28.670287124056273,0.0,1.8478769642260113,0.0,0.269829022899821,3.3211394302848576,0.07700141966545275,4237.433473170732,0.3678371268443326,2.801282051282051,0.49619685760245735,-0.333933638369954,-0.5580359413616898,-0.4421509106678231,2.811909949164851,-1.7848837209302326,6.047991335462503,-0.3811087095505476,-0.43490835972571135,Semiconductors,Technology,QUIK
2008Q1,2008,Q1,2008-05-08,2008-03-30,-1377000.0,11023000.0,-1376000.0,-0.0468,5765000.0,0.5229973691,38654000.0,27845000.0,30134000.0,8840000.0,10809000.0,4569000.0,-140036000.0,1235052000.0,1220052000.0,0.9469155954567096,3.4088235294117646,0.11181249029854608,0.15521637636918656,-0.04385971470880016,0.9469155954567096,-0.04945232537259831,112.04318243672321,-224.22875816993465,44.35453402765308,0.0,1.150798861895382,0.0,0.28517100429451026,2.7115384615384617,-0.035623738810989805,-1381.489932885906,0.5229973691372585,0.9415000000000001,0.3337858929757063,-0.05319187587891998,-0.47601988268463635,0.1472636815920398,0.1754491017964072,0.21550741163055873,-2.430017470924301,-0.21046047576614224,-0.31957929175289956,Semiconductors,Technology,QUIK
2007Q4,2007,Q4,2008-03-11,2007-12-30,-1670000.0,10745000.0,-1754000.0,-0.8,5025000.0,0.4676593765,41424000.0,29018000.0,32158000.0,9879000.0,12406000.0,5770000.0,-138659000.0,96558000.0,80714000.0,13.884210526315789,3.2551877720417046,0.1212823483970645,0.17313391687917845,-0.05164829576739926,13.884210526315789,-0.05755048590530016,8.986319218241043,-14.454790419161679,3.3275208491281276,0.0,0.9913344887348353,0.0,0.2593906913866358,2.5084522724972165,-0.040314793356508304,-57.923215356928615,0.4676593764541647,-14.594541910331385,0.926401555556595,0.034991571848423234,-0.47589090664164585,0.0666525153895139,-0.11855324849296718,-0.10732323232323232,0.7561743129738316,-0.14529139960898493,-0.29290264132930904,Semiconductors,Technology,QUIK
2007Q3,2007,Q3,2007-11-08,2007-09-30,-1493000.0,9025000.0,-1584000.0,-0.0513,4711000.0,0.5219944598,39997000.0,30188000.0,31263000.0,8897000.0,9809000.0,4838000.0,-136989000.0,1357387920.0,1338997920.0,1.0368182442643221,3.513881083511296,0.0614046053454009,0.08135683052868689,-0.04948465412266658,1.0368182442643221,-0.04945673777659997,150.40309362880888,-227.29201607501673,44.96448655094739,0.0,0.8916907813145928,0.0,0.2256419231442358,2.81330785658087,-0.037327799584968874,872.3572750642674,0.521994459833795,0.28451882845188287,0.803976268565037,-0.1258668851663245,-0.6047350630029087,0.06343115124153499,0.2815206929740135,0.31010452961672474,-0.4707958087484362,-0.3308096286586108,-0.3523402314292681,Semiconductors,Technology,QUIK
2007Q2,2007,Q2,2007-08-10,2007-07-01,-2078000.0,8405000.0,-2296000.0,-0.0717,4430000.0,0.5270672219,39714000.0,30602000.0,31110000.0,7808000.0,9112000.0,5620000.0,-135496000.0,1086804320.0,1070113320.0,1.0564800110474348,3.984375,0.07878833660673817,0.10224821907064897,-0.06862426266955857,1.0564800110474348,-0.06790405855826416,129.304499702558,-130.75124157844084,35.51415985883276,0.0,0.7072953736654805,0.0,0.21163821322455556,3.0426485655737703,-0.05232411743969381,-627.8476718659734,0.5270672218917312,0.6415000000000001,0.4226684202928357,-0.1907928599344489,-0.6419008610165465,4.267538644470868,0.6473782453758696,0.6198046034111608,-2.421651771642315,-0.3475427028962098,-0.41183894532914483,Semiconductors,Technology,QUIK
2007Q1,2007,Q1,2007-05-10,2007-04-01,-5893000.0,6242000.0,-6039000.0,-0.2,841000.0,0.1347324575,42796000.0,32191000.0,32999000.0,9367000.0,10605000.0,6473000.0,-133418000.0,1129508800.0,1111618800.0,1.1171999722357187,3.5228995409416033,0.07547434339657912,0.1003386039576279,-0.1709271577321923,1.1171999722357187,-0.18306358920195084,180.95302787568087,-47.91739351773291,35.08772017023392,0.0,0.8343890004634636,0.0,0.1458547527806337,2.656239991459379,-0.13769978502663802,-357.89252217997466,0.13473245754565844,0.8773006134969326,-0.3114884912099046,-0.3289107213482967,-0.6343889889775929,-0.7494787012213285,-0.7664868105515588,-0.669615703621786,-2.650481357242528,-0.4808633325749571,-0.4003985287473827,Semiconductors,Technology,QUIK
