Quarters,Year,Quarter,FillingDate,Date,NetIncome,Revenue,OperatingIncome,EPSDiluted,GrossProfit,GrossProfitRatio,TotalAssets,CommonStockEquity,CurrentAssets,CurrentLiability,TotalLiability,Inventory,RetainedEarnings,MarketCap,EnterpriseValue,bookValuePerShare,currentRatio,debtToAssets,debtToEquity,roic,shareholdersEquityPerShare,roe,priceToSalesRatio,peRatio,pbRatio,payoutRatio,inventoryTurnover,dividendYield,assetTurnover,quickRatio,returnOnAssets,priceToFreeCashFlowsRatio,grossProfitMargin,epsdilutedGrowth,fiveYNetIncomeGrowthPerShare,fiveYRevenueGrowthPerShare,fiveYShareholdersEquityGrowthPerShare,grossProfitGrowth,netIncomeGrowth,operatingIncomeGrowth,threeYNetIncomeGrowthPerShare,threeYRevenueGrowthPerShare,threeYShareholdersEquityGrowthPerShare,Industry,Sector,Symbol
2023Q4,2023,Q4,2023-04-03,2023-03-31,-151700000.0,1847000000.0,-224300000.0,-0.67,-77400000.0,-0.0419057932,16405900000.0,5643000000.0,5911400000.0,7421600000.0,10762900000.0,6000000.0,4180000000.0,19659296635.776,20176196635.776,24.81966924700915,0.796512881319392,0.25089754295710687,0.7294346978557504,-0.017682085535854784,24.81966924700915,-0.026882863724968988,10.64390722023606,-32.398313506552405,3.483837787661882,0.0,320.73333333333335,0.0,0.11258144935663389,0.6353346987172578,-0.009246673452843185,12.8677160857285,-0.04190579317812669,-1.752808988764045,-4.029785092275046,0.45510322098095085,0.3139334848525196,-1.2484751203852327,-1.7506185056902523,-2.4815059445178336,0.7474540491340627,0.517287537550888,0.1310638161685154,Airlines,Industrials,RYAAY
2023Q3,2023,Q3,2022-06-30,2022-12-31,202100000.0,2312100000.0,151400000.0,0.89,311500000.0,0.1347260067,15760900000.0,6292300000.0,5479000000.0,5929500000.0,9468600000.0,4500000.0,4331800000.0,15936260854.08,18685860854.08,27.646309314586993,0.9240239480563285,0.31908710796972256,0.799246698345597,0.01245742287326401,27.646309314586993,0.03211862117190852,6.8925482695731155,19.71333603918852,2.5326606891089107,0.0,444.5777777777778,0.0,0.1466984753408752,0.689316131208365,0.012822871790316543,-39.002106838179145,0.13472600666061157,-0.8118393234672304,-0.45617678963345415,0.29329128458830206,0.575421159685917,-0.7880231371214699,-0.8121572636862162,-0.8813293619689606,-0.17272272431609556,-0.00584076936476642,0.18493907041630264,Airlines,Industrials,RYAAY
2023Q2,2023,Q2,2022-09-30,2022-09-30,1075900000.0,4014600000.0,1275800000.0,4.73,1469500000.0,0.3660389578,16597300000.0,6666100000.0,6495200000.0,6016900000.0,9931200000.0,4500000.0,4134100000.0,13499612255.991999,16912912255.991999,29.3479792198644,1.0794927620535493,0.3095382983979322,0.770690508693239,0.09343334309964725,29.3479792198644,0.16139871889110574,3.362629466445474,3.136818537036899,2.0251139730865124,0.0,565.5777777777778,0.0,0.24188271586342358,0.7723079991357676,0.06482379664162244,-98.32201206112163,0.36603895780401535,4.76829268292683,0.26474928680216586,0.6801726718144946,0.4820909281156648,2.5555286716670698,4.738133333333334,4.324707846410685,0.16393780779665082,0.284514224024133,0.03257390116485575,Airlines,Industrials,RYAAY
2023Q1,2023,Q1,2022-12-31,2022-06-30,187500000.0,2601500000.0,239600000.0,0.82,413300000.0,0.1588698828,16970200000.0,6209200000.0,7047200000.0,6547600000.0,10761000000.0,4500000.0,3065200000.0,14631642755.999998,18124842756.0,27.3629472942006,1.0763027674262324,0.29740368410507834,0.8128261289699156,0.019434235973023854,27.3629472942006,0.03019712684403788,5.624310111858542,19.508857008,2.356445718611093,0.0,486.26666666666665,0.0,0.15329813437673098,0.7153155354633759,0.011048779625461103,14.714041387771518,0.15886988275994618,2.9069767441860463,0.8511542413826256,0.9305616298985883,0.3486512647629119,10.523041474654377,2.9250513347022586,2.3897911832946637,1.1076788624692675,0.34709622114213806,-0.020693597326627077,Airlines,Industrials,RYAAY
2022Q4,2022,Q4,2022-03-31,2022-03-31,-97400000.0,1176100000.0,-172400000.0,-0.43,-43400000.0,-0.036901624,15149800000.0,5545300000.0,5475100000.0,5398700000.0,9604500000.0,4300000.0,2880900000.0,17839152936.000004,20247552936.000004,24.508530009723327,1.0141515550039824,0.3351463385655256,0.9156222386525527,-0.00791693287451053,24.508530009723327,-0.017564423926568446,15.168057933849166,-45.78838022587269,3.2169860847925276,0.0,283.6046511627907,0.0,0.07763138787310724,0.675458906773853,-0.006429127777264386,28.062219499764044,-0.03690162401156364,0.6446280991735538,-3.001884306919394,0.10616755131865632,0.3811883767179825,0.8134135855546002,0.6426999266324285,0.43382594417077175,0.5110750981322674,-0.0779443497564742,0.06542479303616135,Airlines,Industrials,RYAAY
2022Q3,2022,Q3,2021-06-30,2021-12-31,-272600000.0,370500000.0,-304500000.0,-1.21,-232600000.0,-0.6278002699,13138200000.0,4928500000.0,3824400000.0,2980500000.0,8209700000.0,4000000.0,3095700000.0,20390048627.399998,22554448627.399998,21.840379331738013,1.2831404126824357,0.38985553576593446,1.0392614385715735,-0.025085934679594833,21.840379331738013,-0.05531094653545703,55.03386943967611,-18.699604390498898,4.1371712747083285,0.0,150.775,0.0,0.02820021007443942,1.1570206341217917,-0.02074865658918269,39.80876342717688,-0.6278002699055331,-2.21,-2.207350129118968,-0.7515331504218339,0.4933352789119927,-1.663812785388128,-2.2115555555555555,-2.1988188976377954,-1.907649936211262,-0.8165208885433488,0.05098739101648272,Airlines,Industrials,RYAAY
2022Q2,2022,Q2,2021-09-30,2021-09-30,225000000.0,1784400000.0,254000000.0,1.0,350400000.0,0.1963685272,14069500000.0,4932900000.0,4992100000.0,3731200000.0,9136600000.0,3600000.0,3185600000.0,21425693650.879997,23051293650.879997,21.850194897236,1.3379341766723842,0.4082447848182238,1.1643860609377852,0.023483646945693045,21.850194897236,0.04561211457763182,12.007225762654112,23.806326278755556,4.343427527596343,0.0,398.3333333333333,0.0,0.1268275347382636,1.1411610205831904,0.015992039518106543,99.23897012913385,0.19636852723604573,3.380952380952381,-0.7258902497651273,-0.18874447964784571,0.1740612787115522,130.77777777777777,3.348643006263048,3.176520994001714,-0.7286172055317842,-0.3435847143635335,-0.08245759181324662,Airlines,Industrials,RYAAY
2022Q1,2022,Q1,2021-12-31,2021-06-30,-95800000.0,1469900000.0,-116700000.0,-0.42,-2700000.0,-0.0018368597,13138200000.0,4928500000.0,3824400000.0,2980500000.0,8209700000.0,4000000.0,3095700000.0,20667826381.589996,22832226381.589996,21.78246265358437,1.2831404126824357,0.38985553576593446,1.0392614385715735,-0.008256008470327682,21.78246265358437,-0.019437962869027086,14.060702348180145,-53.934828761978075,4.193532795290656,0.0,368.15,0.0,0.11187986177710797,1.1570206341217917,-0.007291714237871246,40.351086258473245,-0.001836859650316348,0.6666666666666667,-2.114449356978837,0.2039551629421297,0.1169045998997038,0.9893026941362916,0.6624383368569415,0.6466848319709355,-0.4521376542830982,-0.06869959294655935,0.012670320441231495,Airlines,Industrials,RYAAY
2021Q4,2021,Q4,2021-03-31,2021-03-31,-283800000.0,118400000.0,-330300000.0,-1.26,-252400000.0,-2.1317567568,12328000000.0,4646100000.0,3458300000.0,3526900000.0,7681900000.0,3600000.0,3232300000.0,21988717140.0,24764817140.0,20.62733084709643,0.9805494910544671,0.44020116807268006,1.1680334043606466,-0.029117335926313766,20.62733084709643,-0.06108348937818816,185.71551638513515,-19.36990586680761,4.732725757086588,0.0,103.0,0.0,0.009604153147306943,0.8888258810853724,-0.023020765736534717,-55.894044585663444,-2.1317567567567566,-0.48235294117647065,-7.606618686287553,-0.8801733342701569,0.5245689591837508,-0.7382920110192838,-0.5332252836304701,-0.7606609808102346,-6.721464091533331,-0.9058441841321205,0.09199443527625903,Airlines,Industrials,RYAAY
2021Q3,2021,Q3,2020-06-30,2020-12-31,-185100000.0,125200000.0,-187600000.0,-0.85,-145200000.0,-1.1597444089,14593800000.0,4666300000.0,4411900000.0,6584700000.0,9927500000.0,3000000.0,4060800000.0,19689938920.079998,21691338920.079998,21.416834955021113,0.6700229319483044,0.3294686784799024,1.0304095321775282,-0.01705386701869824,21.416834955021113,-0.039667402438763044,157.26788274824278,-26.59365062139384,4.219604166058762,0.0,90.13333333333334,0.0,0.008578985596623224,0.6038999498838216,-0.012683468322164207,-40.63132257548493,-1.159744408945687,0.1747572815533981,-1.9253026381516873,-0.9071822589288692,0.43122917250798837,-2.9411764705882355,0.17915742793791575,-18.37037037037037,-1.5202986938949756,-0.9268441674456449,0.22043541427928542,Airlines,Industrials,RYAAY
2021Q2,2021,Q2,2020-09-30,2020-09-30,-225500000.0,1051000000.0,10800000.0,-1.03,74800000.0,0.071170314,14684400000.0,4978700000.0,4894900000.0,5659100000.0,9705700000.0,3700000.0,3833100000.0,15331817622.912,17964917622.912003,22.65929364645913,0.8649608595006273,0.380349214132004,1.1218189487215537,0.001016017922632918,22.65929364645913,-0.04529294795830237,14.58783789049667,-16.99758051320621,3.079482118406813,0.0,263.8378378378378,0.0,0.07157255318569367,0.8016999169479245,-0.015356432676854348,-18.911826351192797,0.07117031398667935,0.27464788732394363,-1.2396600969027396,-0.45698818762091004,0.35571587356248685,1.2658137882018479,0.297069825436409,1.032490974729242,-1.274033156337908,-0.5452859395601631,0.1443082094113997,Airlines,Industrials,RYAAY
2021Q1,2021,Q1,2020-12-31,2020-06-30,-320800000.0,341200000.0,-332400000.0,-1.42,-281400000.0,-0.8247362251,12682100000.0,4671400000.0,3698700000.0,3877900000.0,8010700000.0,3600000.0,3515300000.0,13264537078.536001,16363937078.536001,20.739655478600604,0.9537894221099048,0.434241963081824,1.1788971186368111,-0.028368054190755047,20.739655478600604,-0.06867320289420731,38.87613446229778,-10.337076900355362,2.8395207172445094,0.0,172.94444444444446,0.0,0.026904061630171658,0.9001521442017587,-0.02529549522555413,-27.37213594415188,-0.824736225087925,0.46212121212121215,-4.6867078664722355,-0.6971026383858387,0.3629897931895835,-1.5605095541401275,0.45783336150076054,-0.31800158604282314,-4.190824736442744,-0.7449084229248167,0.022205769401527197,Airlines,Industrials,RYAAY
2020Q4,2020,Q4,2020-03-31,2020-03-31,-591700000.0,1199100000.0,-252200000.0,-2.64,-109900000.0,-0.0916520724,14747200000.0,4914500000.0,4493900000.0,5508200000.0,9832700000.0,3300000.0,4245000000.0,10866423166.324001,12511223166.324001,21.943650651902125,0.8158563596093098,0.2855592926114788,0.8568928680435446,-0.023741305771897002,21.943650651902125,-0.12039881981890324,9.06214925054124,-4.5911877498411355,2.211094346591515,0.0,396.6666666666667,0.0,0.08131035043940545,0.7058385679532334,-0.04012287078225019,54.304963349945034,-0.09165207238762405,-3.467289719626168,-32.31574655601094,0.4698731110394488,0.46967424859405593,-1.2612312811980033,-3.4359818855496087,-1.916424418604651,-13.286237647714279,0.13938209807348884,0.2366435363990784,Airlines,Industrials,RYAAY
2020Q3,2020,Q3,2019-06-30,2019-12-31,242900000.0,2312400000.0,275200000.0,1.07,420700000.0,0.1819321917,14597400000.0,5279900000.0,4889000000.0,4530900000.0,9317500000.0,4200000.0,4319300000.0,17699194378.96,20210794378.96,23.33141847105612,1.0790350702950848,0.3106786139997534,0.8589367222864069,0.02538811532569678,23.33141847105612,0.04600465917915112,7.654036662757308,18.21654423524084,3.3521836358567394,0.0,450.4047619047619,0.0,0.15841177195939002,0.9156679688362136,0.016639949580062204,-176.9919437896,0.18193219166234215,-0.7358024691358024,0.4714030149650258,0.8430948598532171,0.7867121983785227,-0.6396573875802998,-0.7331355745989893,-0.7283316880552814,0.07276581577370313,0.5463693447590628,0.5952850351484433,Airlines,Industrials,RYAAY
2020Q2,2020,Q2,2019-09-30,2019-09-30,910200000.0,3077500000.0,1013000000.0,4.05,1167500000.0,0.3793663688,14742800000.0,6356900000.0,4807600000.0,3782300000.0,8385900000.0,4900000.0,5100400000.0,13572122879.328,15846422879.328,28.422158633640347,1.2710784443328134,0.2979420462870011,0.6909814532240558,0.08420192062429341,28.422158633640347,0.14318299800217088,4.410113039586677,3.7277858930257084,2.1350222402944827,0.0,389.7959183673469,0.0,0.20874596413164392,1.0506041297623139,0.06173861138996663,122.93589564608695,0.3793663688058489,9.384615384615383,0.83653117090698,0.819340612575472,0.8158728405406069,4.1049409707039795,9.366742596810933,10.095290251916758,0.11927672493557179,0.4122844845256616,0.5271880212553854,Airlines,Industrials,RYAAY
2020Q1,2020,Q1,2019-12-31,2019-06-30,87800000.0,1906000000.0,91300000.0,0.39,228700000.0,0.1199895068,14861000000.0,6257700000.0,4368400000.0,4064300000.0,8603300000.0,5100000.0,5044400000.0,12956024858.92,15122524858.92,27.94115020539382,1.0748222326107817,0.29090236188681784,0.6908448791089378,0.00908617606888108,27.94115020539382,0.01403071416015469,6.797494679391396,36.89073137505695,2.0704132283298975,0.0,328.88235294117646,0.0,0.12825516452459457,0.898604925817484,0.0059080815557499495,36.139539355425384,0.11998950682056664,1.4431818181818181,1.1666147931762574,1.0314016134685269,0.8647938689607545,2.2375541125541125,1.439879759519038,1.4155666818388712,0.031873997713802046,0.577185384272683,0.4326937999252167,Airlines,Industrials,RYAAY
2019Q4,2019,Q4,2019-03-31,2019-03-31,-199600000.0,1278000000.0,-219700000.0,-0.88,-184800000.0,-0.144600939,13250700000.0,5214900000.0,3804000000.0,4096600000.0,8035800000.0,2900000.0,4181900000.0,15190917630.0,17159717630.0,23.003528892809882,0.9285749157838207,0.27503452647784643,0.6988436978657309,-0.021353927009641196,23.003528892809882,-0.03827494295192621,11.886477018779344,-19.02670043837675,2.9129834953690383,0.0,504.41379310344826,0.0,0.09644773483665015,0.7860909046526388,-0.015063355143501853,13.831300764818355,-0.14460093896713616,-1.6666666666666667,-4.503839941801403,0.892399703767255,0.9212091153192564,-1.369452219112355,-1.6455368693402328,-1.592982456140351,-5.616590842453555,0.28506952595141016,0.7001940949912641,Airlines,Industrials,RYAAY
2019Q3,2019,Q3,2018-06-30,2018-12-31,309200000.0,2078900000.0,370500000.0,1.32,500200000.0,0.2406080139,12794000000.0,4827800000.0,4227700000.0,3770200000.0,7966200000.0,3900000.0,3847400000.0,14477466110.976,17017566110.976,20.78081955922865,1.1213463476738634,0.3044005002344849,0.8066821326484113,0.038025448430770874,20.78081955922865,0.0640457351174448,6.964003131933234,11.705583854282018,2.9987708917055387,0.0,404.79487179487177,0.0,0.16249022979521652,0.9648029282266193,0.02416757855244646,-30.67259769274576,0.2406080138534802,-0.6383561643835617,3.786848981756807,0.8727406597816155,0.8717630546201597,-0.5673758865248227,-0.6325609031491385,-0.6033190578158458,0.4495981780079644,0.44540992541256064,0.38872598328632546,Airlines,Industrials,RYAAY
2019Q2,2019,Q2,2018-09-30,2018-09-30,841500000.0,2759100000.0,934000000.0,3.65,1156200000.0,0.4190496901,12445300000.0,5456700000.0,3617900000.0,2893200000.0,6988600000.0,6700000.0,4421700000.0,16026355118.844,18557155118.844,23.813825608798115,1.2504838932669708,0.3072645898451624,0.7007898546740704,0.0922423322036377,23.813825608798115,0.15421408543625267,5.8085444959747745,4.7612463217005345,2.9370049881510805,0.0,239.23880597014926,0.0,0.2216981511092541,0.9876952854970276,0.06761588712204607,-34.65907248884948,0.4190496901163423,13.586206896551724,0.9460289212285472,0.7474467641264994,0.8143938724827974,6.8492871690427695,13.730711043872919,20.77156177156177,-0.1424252482564819,0.36691869681631134,0.4247920474406077,Airlines,Industrials,RYAAY
2019Q1,2019,Q1,2018-12-31,2018-06-30,-66100000.0,1581400000.0,42900000.0,-0.29,147300000.0,0.0931453143,11858000000.0,4876300000.0,2747600000.0,3028400000.0,6981700000.0,6400000.0,4343800000.0,22395586655.03,25288186655.03,21.50992501102779,0.9072777704398363,0.31447967616798783,0.7647396591678116,0.003941680438109241,21.50992501102779,-0.013555359596415314,14.1618734381118,-84.70342910374433,4.5927417622029,0.0,224.078125,0.0,0.13336144375105413,0.7496037511557258,-0.005574295834036094,72.97356355500162,0.09314531427848742,-2.3181818181818183,-1.2456931279323895,0.9609934666633245,0.7334572411201294,-0.13250883392226148,-2.2687140115163147,-0.3389830508474576,-1.75474426909268,0.39483295904928256,0.4136111505108965,Airlines,Industrials,RYAAY
2018Q4,2018,Q4,2018-03-31,2018-03-31,52100000.0,1320800000.0,64900000.0,0.22,169800000.0,0.1285584494,12361800000.0,4468900000.0,4189000000.0,3412900000.0,7892900000.0,3700000.0,4077900000.0,23102556245.784,25550556245.784,18.889593372220812,1.2274019162589,0.32058438091540065,0.8867954082660162,0.007609328925777104,18.889593372220812,0.011658349929512856,17.49133574029679,110.85679580510556,5.169629270241894,0.0,311.0810810810811,0.0,0.10684528143150673,1.0851182279000264,0.004214596579786115,30.338222253163494,0.12855844942459116,-0.8641975308641976,2.3966208790581094,0.9429366306977379,0.62529233690336,-0.6972182596291013,-0.8687987912364644,-0.8589743589743589,1.6103055993076787,0.5326886237375077,0.26512900637886555,Airlines,Industrials,RYAAY
2018Q3,2018,Q3,2017-06-30,2017-12-31,397100000.0,1910300000.0,460200000.0,1.62,560800000.0,0.2935664555,12016500000.0,4267800000.0,4490100000.0,3257000000.0,7748700000.0,3300000.0,3649800000.0,21299353248.0,24545953248.0,17.548519736842106,1.378599938593798,0.356251820413598,1.0030694971648155,0.04817891285764852,17.548519736842106,0.09304559726322696,11.149742578652567,13.409313301435407,4.990710260087164,0.0,408.93939393939394,0.0,0.15897307868347688,1.300614062020264,0.03304622810302501,-81.54423142419601,0.29356645553054495,-0.5633423180592991,3.642880859375,0.7187589543616592,0.5497358591252804,-0.5078111286642092,-0.5565110565110565,-0.5471363904743161,1.2383345441120426,0.4167958832589828,0.3438597535850025,Airlines,Industrials,RYAAY
2018Q2,2018,Q2,2017-09-30,2017-09-30,895400000.0,2515000000.0,1016200000.0,3.71,1139400000.0,0.4530417495,11702400000.0,4734200000.0,4034400000.0,2488600000.0,6968200000.0,3400000.0,4110500000.0,21392240869.272003,24031740869.272003,19.80174000334616,1.6211524551956924,0.35691823899371067,0.8822609944658021,0.10190655385447263,19.80174000334616,0.18913438384521145,8.50586118062505,5.972816860976101,4.518660147284018,0.0,404.5882352941176,0.0,0.21491318020235164,1.4572450373704091,0.07651421930544162,-300.4528211976405,0.4530417495029821,7.431818181818182,1.1180224879752416,0.621948315871581,0.48377588061878224,4.485796822339913,7.479166666666667,7.065079365079365,0.6901437204368669,0.39090995491205954,0.26512001889130565,Airlines,Industrials,RYAAY
2018Q1,2018,Q1,2017-12-31,2017-06-30,105600000.0,1404900000.0,126000000.0,0.44,207700000.0,0.1478397039,11630400000.0,4800000000.0,3752500000.0,2324500000.0,6830400000.0,3200000.0,4215900000.0,22250618701.2,24694218701.2,20.28911995942176,1.614325661432566,0.3499191773283808,0.8478541666666667,0.013287142431833666,20.28911995942176,0.022,15.837866539397822,52.67665412215909,4.63554556275,0.0,374.125,0.0,0.1207955014444903,1.407872660787266,0.009079653322327692,66.71849685517242,0.14783970389351556,1.0,5.943990539216991,0.7259772201853288,0.7696104566268057,0.1998844598497978,0.9701492537313433,0.889055472263868,1.4668545173632237,0.41745976649771177,0.3540969583863164,Airlines,Industrials,RYAAY
2017Q4,2017,Q4,2017-03-31,2017-03-31,53600000.0,1171300000.0,66700000.0,0.22,173100000.0,0.1477845129,11989700000.0,4423000000.0,4706100000.0,3011800000.0,7566700000.0,3100000.0,3456800000.0,19353846490.308002,22514346490.308002,17.744523790419642,1.5625539544458464,0.36568888295787216,0.9912955007913181,0.007353581228119973,17.744523790419642,0.012118471625593489,16.523389814998723,90.26980639136194,4.37572834960615,0.0,322.0,0.0,0.09769218579280549,1.3891360648117406,0.004470503849137176,34.169926713114414,0.14778451293434644,-0.7777777777777778,29.69850437294392,0.6098932162455004,0.5321615774387836,-0.561105476673428,-0.7902152641878669,-0.7825945241199479,2.344215744206496,0.577426346757043,0.4819874381886374,Airlines,Industrials,RYAAY
2017Q3,2017,Q3,2016-06-30,2016-12-31,255500000.0,1687400000.0,306800000.0,0.99,394400000.0,0.2337323693,11235600000.0,3734700000.0,4582300000.0,3323800000.0,7500900000.0,3000000.0,2949300000.0,20104660316.160004,23012860316.160004,14.625234962406015,1.3786328900655875,0.35079568514365056,1.0553458109085068,0.03564355472198071,14.625234962406015,0.06841245615444347,11.914578829062465,19.67187897863014,5.38320623240421,0.0,431.0,0.0,0.15018334579372708,1.245742824478007,0.022740218590907472,61.803443947617595,0.23373236932558966,-0.7265193370165746,1.0867895339007068,0.6615925771809,0.4647948242709944,-0.6498579545454546,-0.7198772064466615,-0.705481424594413,2.5986107659714266,0.3829160422359541,0.3173192900187404,Airlines,Industrials,RYAAY
2017Q2,2017,Q2,2016-09-30,2016-09-30,912100000.0,2444100000.0,1041700000.0,3.62,1126400000.0,0.4608649401,11083700000.0,4668700000.0,4360300000.0,2352500000.0,6415000000.0,3000000.0,3858600000.0,16776071595.54,19639071595.54,18.610778920513432,1.8534750265674813,0.34535398828910924,0.8198856212650203,0.10937654918572288,18.610778920513432,0.19536487673228092,6.863905566687125,4.598199647938823,3.593306829639943,0.0,439.23333333333335,0.0,0.22051300558477765,1.678894792773645,0.08229201439952362,-192.1657685628866,0.4608649400597357,8.526315789473685,1.5930561249312263,0.8038321733928925,0.6888816102902559,4.749872383869321,8.631467793030623,7.768518518518518,0.9266690305851879,0.41392044557144836,0.41796970340775996,Airlines,Industrials,RYAAY
2017Q1,2017,Q1,2016-12-31,2016-06-30,94700000.0,1345000000.0,118800000.0,0.38,195900000.0,0.1456505576,10907100000.0,4861200000.0,3935300000.0,2038600000.0,6045900000.0,3000000.0,3642300000.0,15558412527.636002,18686112527.636,19.50252748134478,1.9303934072402629,0.3429875952361306,0.7695630708467045,0.012314941900948477,19.50252748134478,0.01948078663704435,11.567592957350188,41.07289474032736,3.200529196008393,0.0,383.03333333333336,0.0,0.12331417150296596,1.571715883449426,0.008682417874595448,-47.57924320377982,0.14565055762081786,1.0,6.280247330756759,0.8245529980490237,0.8850814665175128,0.07874449339207049,0.8678500986193294,0.6141304347826086,3.9261585828142214,0.5168953711447101,0.5716836514004225,Airlines,Industrials,RYAAY
2016Q4,2016,Q4,2016-03-31,2016-03-31,50700000.0,1166200000.0,73600000.0,0.19,181600000.0,0.1557194306,11218300000.0,3596800000.0,4821500000.0,3369500000.0,7621500000.0,3300000.0,3166100000.0,20019626171.999996,22783426171.999996,13.529942822750527,1.4309244695058614,0.35861048465453765,1.1184942170818506,0.009018667417642231,13.529942822750527,0.014095862989323844,17.16654619447779,98.71610538461537,5.5659547853647675,0.0,298.3636363636364,0.0,0.1039551447188968,1.3031607063362516,0.004519401335318186,55.01408676009892,0.1557194306293946,-0.7912087912087912,1.8257215315238433,0.8137770796710395,0.3286817000944916,-0.500275178866263,-0.7931456548347613,-0.7447988904299584,2.209501651064245,0.5266951018680713,0.16413900263707548,Airlines,Industrials,RYAAY
2016Q3,2016,Q3,2015-06-30,2015-12-31,245100000.0,1652700000.0,288400000.0,0.91,363400000.0,0.2198826163,12054700000.0,3994700000.0,5638500000.0,3413000000.0,8060000000.0,2100000.0,2753500000.0,21239532760.446,24381832760.446,14.963945234215505,1.6520656314093174,0.358996905771193,1.0833354194307456,0.030574753111348368,14.963945234215505,0.061356297093649086,12.851414509860229,21.6641501024541,5.316928119870328,0.0,613.952380952381,0.0,0.1371000522617734,1.444828596542631,0.020332318514770173,-96.41186001110303,0.21988261632480183,-0.7863849765258215,1.8282687313925596,0.9925782214695349,0.42528319312920043,-0.6526144728037473,-0.7888161295881441,-0.7033227034255735,1.6106970275889192,0.35466820044910863,0.3214882435219992,Airlines,Industrials,RYAAY
2016Q2,2016,Q2,2015-09-30,2015-09-30,1160600000.0,2387400000.0,972100000.0,4.26,1046100000.0,0.438175421,11857600000.0,4529800000.0,5851800000.0,2819300000.0,7327800000.0,2200000.0,3820200000.0,19466609608.6176,22312609608.6176,16.71389565345731,2.0756216082006174,0.35594892727027394,0.9317629917435648,0.1008305125975507,16.71389565345731,0.25621440240187204,8.153895287181705,4.193221094394623,4.297454547356969,0.0,609.6818181818181,0.0,0.2013392254756443,1.8629801723832158,0.09787815409526379,167.09536144736137,0.4381754209600402,10.210526315789473,2.756110726048485,0.98634213619036,0.47224316832064384,4.359118852459017,10.300876338851022,6.715079365079365,1.4217981844932206,0.35820747858545443,0.25239879109554664,Airlines,Industrials,RYAAY
2016Q1,2016,Q1,2015-12-31,2015-06-30,102700000.0,1329500000.0,126000000.0,0.38,195200000.0,0.1468221136,11326900000.0,4045100000.0,5191100000.0,2884900000.0,7281800000.0,2100000.0,3525000000.0,17565634784.1604,20950934784.1604,15.21629551609991,1.7994037921591737,0.3656340216652394,1.02383130206917,0.014227328481266274,15.21629551609991,0.02538874193468641,13.212211195306807,42.75957834508374,4.342447599357346,0.0,540.1428571428571,0.0,0.11737545135915388,1.5779403098894242,0.009066911511534489,47.66793699907843,0.14682211357653252,3.502369668246445,11.880119657345537,0.94390641438681,0.4982937664294956,0.6959165942658557,3.504385964912281,2.3245382585751977,5.009984404693223,0.4535691190792199,0.32716035541550387,Airlines,Industrials,RYAAY
2015Q4,2015,Q4,2015-03-31,2015-03-31,22800000.0,984400000.0,37900000.0,0.0844,115100000.0,0.1169240146,12185400000.0,4035100000.0,5742000000.0,3346000000.0,8150300000.0,2100000.0,2706200000.0,17184788552.648067,20431788552.648067,14.930962199884922,1.7160789001793186,0.36368112659412083,1.0982627444177344,0.00495441822853461,14.930962199884922,0.005650417585685609,17.457119618699785,188.42969904219373,4.258825940533833,0.0,413.95238095238096,0.0,0.08078520196300491,1.4509563658099223,0.0018710916342508247,29.320574223934596,0.11692401462819992,-0.8843835616438356,1.4241189028317736,0.7217756412258648,0.5098375993560527,-0.6050102951269732,-0.8841463414634146,-0.8364969801553063,11.04407244389927,0.247919631037353,0.28922290995522515,Airlines,Industrials,RYAAY
2015Q3,2015,Q3,2014-06-30,2014-12-31,196800000.0,1495700000.0,231800000.0,0.73,291400000.0,0.1948251655,10105300000.0,3522900000.0,4719300000.0,2560200000.0,6582400000.0,2500000.0,2663600000.0,16360634884.118263,17628334884.118263,13.058296961441162,1.8433325521443638,0.38003819777740394,1.09012461324477,0.02770730155285677,13.058296961441162,0.05586306735927787,10.938446803582446,20.783326834499825,4.6440815476222035,0.0,481.72,0.0,0.14801143954162668,1.7651745957347083,0.019474928997654697,-97.85068710597048,0.19482516547435982,-0.669683257918552,0.7046620889049513,1.0569761572020908,0.4785685623900073,-0.6195325760543152,-0.6710130391173521,-0.669612314709236,0.5214298556648179,0.39408767329337524,0.30785767559155447,Airlines,Industrials,RYAAY
2015Q2,2015,Q2,2014-09-30,2014-09-30,598200000.0,2041700000.0,701600000.0,2.21,765900000.0,0.3751285693,10301900000.0,4225400000.0,4757000000.0,2104800000.0,6076500000.0,2500000.0,3263200000.0,12342597441.171192,14799997441.171192,15.652064395202217,2.260072215887495,0.3646608877973966,0.8890755904766413,0.07688227412490954,15.652064395202217,0.14157239551285086,6.045255150693634,5.158223604635236,2.921048289196571,0.0,510.32,0.0,0.19818674225142935,2.0991068034967695,0.05806695852221435,-15428.24680146399,0.37512856932948035,11.277777777777777,1.5472370485841378,1.1951649685214731,0.6388908334304377,4.9742589703588145,11.233128834355828,8.798882681564246,0.5803420127379646,0.40024587675459566,0.4203856718215546,Airlines,Industrials,RYAAY
2015Q1,2015,Q1,2014-12-31,2014-06-30,48900000.0,1132200000.0,71600000.0,0.18,128200000.0,0.1132308779,10506400000.0,4049300000.0,4610300000.0,2489500000.0,6457100000.0,2000000.0,3315000000.0,11307669507.78894,14027169507.78894,14.983506043467079,1.8518979714802168,0.34969161653849085,0.9073173141036722,0.008348705606547683,14.983506043467079,0.012076161311831675,9.987342790839906,57.81017130771442,2.7924998167063295,0.0,502.0,0.0,0.1077628873829285,1.6742317734484837,0.004654305946851443,23.421022178518932,0.11323087793676029,2.1249999999999996,5.781781917622504,0.9721961268428705,0.5437652370859383,3.018808777429467,2.1138952164009113,3.15015015015015,2.46729743616316,0.4165875926623653,0.4482804638019829,Airlines,Industrials,RYAAY
2014Q4,2014,Q4,2014-03-31,2014-03-31,-43900000.0,817500000.0,-33300000.0,-0.16,31900000.0,0.0390214067,8812100000.0,3285800000.0,3444300000.0,2274500000.0,5526300000.0,2500000.0,2465100000.0,11991732261.6367,13345232261.6367,11.973464371673709,1.5143108375467136,0.34992793999160243,0.9384624748919593,-0.004396830535653767,11.973464371673709,-0.013360521029886177,14.66878564114581,-68.29004704804498,3.649562438869286,0.0,314.24,0.0,0.0927701682913267,1.4465596834469114,-0.00498178640732629,20.56548149826222,0.03902140672782874,-1.5714285714285714,0.6845029428972655,0.625193725340414,0.41908090247368557,-0.7968152866242039,-1.5620998719590269,-1.3223620522749273,0.3073892952631852,0.23167935786205515,0.17583076335145162,Airlines,Industrials,RYAAY
2014Q3,2014,Q3,2013-06-30,2013-12-31,78100000.0,1342200000.0,103300000.0,0.28,157000000.0,0.1169721353,9093500000.0,3118600000.0,3744100000.0,2331000000.0,5974900000.0,2800000.0,2320900000.0,9835910535.26289,11996910535.26289,11.102270401124965,1.6062205062205062,0.374058393357893,1.090713781825178,0.013981501964763113,11.102270401124965,0.02504328865516578,7.328200368993362,31.48498890929222,3.153950662240393,0.0,423.2857142857143,0.0,0.14759993401880464,1.560832260832261,0.008588552262605157,33.0174908870859,0.11697213530025331,-0.851063829787234,1.444718282827739,0.7852156099929817,0.3346040951406368,-0.7634116937914406,-0.850897289041619,-0.8317315523700929,-0.14351732933950287,0.5379023910383978,0.05746707573597836,Airlines,Industrials,RYAAY
2014Q2,2014,Q2,2013-09-30,2013-09-30,523800000.0,1912600000.0,613900000.0,1.88,663600000.0,0.3469622503,8913500000.0,3643000000.0,3609000000.0,1749100000.0,5270500000.0,2800000.0,2844900000.0,10473009932.709324,12543209932.709324,13.124948209955939,2.063346864101538,0.3686991641891513,0.9021136426022509,0.07774382727649874,13.124948209955939,0.14378259676091135,5.475797308746902,4.998572896482114,2.874831164619633,0.0,446.07142857142856,0.0,0.21457339989902957,2.0010862729403693,0.05876479497391597,-376.72697599673825,0.3469622503398515,15.46153846153846,1.9299087585095254,0.9226595217383791,0.4010075114467197,30.6,15.880681818181818,30.800970873786408,0.6552404171766645,0.5537916576187618,0.1561108036876406,Airlines,Industrials,RYAAY
2014Q1,2014,Q1,2013-12-31,2013-06-30,-35200000.0,964400000.0,-20600000.0,-0.13,21000000.0,0.021775197,8293300000.0,3364100000.0,3036300000.0,1506600000.0,4929200000.0,2200000.0,2572800000.0,11396546441.638174,13702046441.638174,12.408685083647322,2.015332536837913,0.3846116744842222,0.9481584970720252,-0.0026469175777491883,12.408685083647322,-0.010463422609316013,11.817240192490848,-80.94138097754384,3.3876955029987736,0.0,428.8181818181818,0.0,0.11628664102347679,1.9003716978627372,-0.004244390049799236,-36.24855738434534,0.021775197013687266,0.1875,0.6857654275719745,0.6912101860421559,0.3680187910520692,-0.3333333333333333,0.2072072072072072,0.2076923076923077,-2.6566474093389076,0.38267912779311125,0.22183848826700014,Airlines,Industrials,RYAAY
2013Q4,2013,Q4,2013-03-31,2013-03-31,-44400000.0,809100000.0,-26000000.0,-0.16,31500000.0,0.0389321468,8943000000.0,3272600000.0,3763600000.0,1911700000.0,5670400000.0,2700000.0,2418600000.0,9310102799.1504,11567502799.1504,11.62227430925492,1.9687189412564734,0.39117745722911773,1.0689665709222025,-0.0035743044294902038,11.62227430925492,-0.013567194279777546,11.50673933895736,-52.42174999521622,2.8448642666841044,0.0,288.0,0.0,0.0904729956390473,1.8795836166762567,-0.004964776920496477,18.32336705205747,0.0389321468298109,-1.4571428571428573,0.27671353345327254,0.41273250851577087,0.3533613738809967,-0.8284313725490197,-1.4493927125506072,-1.196969696969697,0.20731533987904455,0.35822542858103923,0.17525893557470926,Airlines,Industrials,RYAAY
2013Q3,2013,Q3,2012-06-30,2012-12-31,98800000.0,1283900000.0,132000000.0,0.35,183600000.0,0.1430017914,9245400000.0,3181200000.0,4087200000.0,2202100000.0,6064200000.0,3000000.0,2431400000.0,7447589080.759854,9075289080.759853,11.323555323000038,1.8560465010671632,0.3933848183961754,1.1432792656859048,0.0170023368826572,11.323555323000038,0.0310574625927323,5.8007547945789035,18.845114070748618,2.3411257012321935,0.0,366.76666666666665,0.0,0.13886905920782228,1.7476045592843195,0.010686395396629675,-33.30764347388128,0.14300179141677702,-0.8011363636363638,-0.2379077005312755,0.9851368245004256,0.2940531961729835,-0.7149953430611611,-0.8011272141706924,-0.7726881350094713,-0.1781817894530718,0.695592825329117,0.2821467427574951,Airlines,Industrials,RYAAY
2013Q2,2013,Q2,2012-09-30,2012-09-30,496800000.0,1822200000.0,580700000.0,1.76,644200000.0,0.3535287016,9374500000.0,3749500000.0,4223500000.0,1643400000.0,5625000000.0,3000000.0,2928400000.0,7328807937.403741,9816207937.40374,13.345506057888068,2.569976877205793,0.392895621099792,0.9823176423523137,0.06847893028041918,13.345506057888068,0.13249766635551408,4.021955843158676,3.688007214877084,1.9546093978940502,0.0,392.6666666666667,0.0,0.1943783668462318,2.4150541560180114,0.05299482639074084,107.3031908843886,0.3535287015695313,26.457098283931355,0.9382289651353407,1.2176496156212548,0.5013906348914953,7.0424469413233455,26.447513812154696,15.783236994219653,1.0326491935617939,0.8824747851166918,0.3973765372743701,Airlines,Industrials,RYAAY
2013Q1,2013,Q1,2012-12-31,2012-06-30,18100000.0,968800000.0,34600000.0,0.0641,80100000.0,0.0826796036,8480700000.0,3228400000.0,3321300000.0,1396300000.0,5252300000.0,2700000.0,2463400000.0,6969182935.881348,9713382935.881348,11.465302933446978,2.378643557974647,0.42342023653707833,1.1122847230826416,0.004758362979075921,11.465302933446978,0.0056064923801263785,7.19362400483211,96.25943281604071,2.1587111063936772,0.0,329.14814814814815,0.0,0.11423585317249756,2.2793812218004725,0.0021342577853243247,19.3588414885593,0.08267960363336085,8.157142857142858,-0.6025322005784535,0.7626759311225965,0.2959702014643993,1.1666666666666667,8.05,0.4065040650406504,2.6987293196777555,0.6196671825959648,0.18128134029298798,Airlines,Industrials,RYAAY
2012Q4,2012,Q4,2012-03-31,2012-03-31,2000000.0,833400000.0,24600000.0,0.007,-480600000.0,-0.5766738661,9001000000.0,3306700000.0,3876000000.0,1815000000.0,5694300000.0,2800000.0,2400100000.0,7962863980.610078,8879763980.610077,11.581365863567749,2.1355371900826445,0.40275524941673146,1.0963195935524843,-0.0033798195918249585,11.581365863567749,0.00060483261257447,9.554672402939858,995.3579975762597,2.4080999124837685,0.0,469.2857142857143,0.0,0.09258971225419398,1.9538292011019285,0.00022219753360737697,19.564776365135327,-0.5766738660907127,-0.9854166666666666,-0.9638613372996929,0.8093246302931938,0.37424982471056945,-2.2066281697213155,-0.9856424982053122,-0.8552089464390819,1.0138148786095942,0.5924182890309533,0.3726098488613373,Airlines,Industrials,RYAAY
2012Q3,2012,Q3,2011-06-30,2011-12-31,139300000.0,1155400000.0,169900000.0,0.48,398300000.0,0.3447290981,8647600000.0,2900800000.0,3623800000.0,2020800000.0,5746800000.0,2900000.0,2108100000.0,6407601955.944882,8970901955.944881,9.984493882742088,1.7932501979414093,0.42648827420324714,1.271407887479316,0.02293716936028117,9.984493882742088,0.04802123552123552,5.545786702393009,11.499644572765403,2.208908561757061,0.0,261.0689655172414,0.0,0.13360932513067209,1.5735847189231988,0.016108515657523474,-47.67560979125656,0.3447290981478276,-0.6571428571428571,0.24641519072020315,1.1105717455393822,0.42309480796652427,-0.4517549896765313,-0.6553686293913904,-0.6464835622138992,1.766904364052832,0.4858054494309146,0.20023616272794112,Airlines,Industrials,RYAAY
2012Q2,2012,Q2,2011-09-30,2011-09-30,404200000.0,1557000000.0,480600000.0,1.4,726500000.0,0.4666024406,8421500000.0,3176600000.0,3439700000.0,1487300000.0,5244900000.0,3000000.0,2427200000.0,5603804815.467689,8198004815.467689,11.019587641382946,2.3127143145296847,0.43095648043697676,1.1425108606686394,0.06164722344039128,11.019587641382946,0.1272429641755336,3.5991039277249124,3.465985165430287,1.7640889049511077,0.0,276.8333333333333,0.0,0.1848839280413228,2.077254084582801,0.04799620020186428,66.0826039559869,0.4666024405908799,25.871401151631474,0.9755092260698528,1.3547349018830783,0.4428291251239764,2.0397489539748954,26.12751677852349,10.125,1.176954217529833,0.5070623796144051,0.17627321736112034,Airlines,Industrials,RYAAY
2012Q1,2012,Q1,2011-12-31,2011-06-30,14900000.0,844400000.0,43200000.0,0.0521,239000000.0,0.2830412127,8596000000.0,2953900000.0,3477600000.0,1837200000.0,5642100000.0,2700000.0,1967600000.0,5934099395.571863,7681799395.571863,10.345721300508897,1.8928804702808621,0.43927408096789206,1.2783100308067301,0.006170632837855522,10.345721300508897,0.0050441788821557944,7.027592841747825,99.56542610019905,2.0089032789098695,0.0,224.22222222222223,0.0,0.09823173569101908,1.5772370999346832,0.0017333643555141926,17.18534432543256,0.283041212695405,1.2265217391304348,-0.6707979690450181,0.8071651943011526,0.30909775316331556,0.5379665379665379,1.2223880597014924,1.9370932754880694,1.126300680368732,0.4060369337494033,0.1405834744517303,Airlines,Industrials,RYAAY
2011Q4,2011,Q4,2011-03-31,2011-03-31,-67000000.0,701600000.0,-46100000.0,-0.23,155400000.0,0.2214937286,8596000000.0,2953900000.0,3477600000.0,1837200000.0,5642100000.0,2700000.0,1967600000.0,5857148406.477174,7604848406.477174,10.182982742810653,1.8928804702808621,0.43927408096789206,1.2783100308067301,-0.005694191585368609,10.182982742810653,-0.02268187819492874,8.348273099311822,-21.855031367452142,1.9828526376915854,0.0,202.2962962962963,0.0,0.08161935784085621,1.5772370999346832,-0.007794322940902746,22.737377354336854,0.22149372862029645,-1.71875,-3.5828645881764922,0.951334398116072,0.5311993473970626,-0.5542168674698795,-1.7150480256136607,-1.3860971524288108,-0.05945665951842711,0.18912727764318016,0.18576236873385188,Airlines,Industrials,RYAAY
2011Q3,2011,Q3,2010-06-30,2010-12-31,93700000.0,896800000.0,119400000.0,0.32,348600000.0,0.3887154326,8225500000.0,3030400000.0,3432700000.0,1703600000.0,5195100000.0,2900000.0,2177900000.0,6846124798.750605,8829524798.750605,10.498927726329429,2.014968302418408,0.411719652300772,1.1175422386483633,0.016667873427746747,10.498927726329429,0.030920010559662092,7.633948259088542,18.266074703176642,2.259148890823193,0.0,189.0344827586207,0.0,0.10902680688104066,1.9003874148861235,0.011391404777825057,-26.910867919617157,0.38871543264942016,-0.7168141592920353,0.38529141156056546,1.2818885618079514,0.8363981656964662,-0.4090523817596203,-0.7163184983348471,-0.6971848846056302,-0.29653357232720073,0.349609114822078,0.19981495149760625,Airlines,Industrials,RYAAY
2011Q2,2011,Q2,2010-09-30,2010-09-30,330300000.0,1284800000.0,394300000.0,1.13,589900000.0,0.459137609,8140200000.0,3289000000.0,3226500000.0,1385000000.0,4851200000.0,3400000.0,2510700000.0,6717670341.252,8152370341.252,11.352673262883938,2.3296028880866424,0.41409301982752267,1.0248707813925204,0.051748441143120466,11.352673262883938,0.10042566129522651,5.228572806080324,5.084521905277021,2.0424658988300397,0.0,204.38235294117646,0.0,0.15783395985356624,2.1857039711191337,0.040576398614284664,-117.64746657183888,0.45913760896637607,32.83098591549296,0.9815741515831996,1.4558044285278529,0.774582739785726,1.9102121361618154,33.067961165048544,51.57333333333333,0.24969675583422904,0.5163693293018332,0.27719377923495286,Airlines,Industrials,RYAAY
2011Q1,2011,Q1,2010-12-31,2010-06-30,-10300000.0,746300000.0,7500000.0,-0.0355,202700000.0,0.2716065925,7611000000.0,2946000000.0,2709600000.0,1196800000.0,4665000000.0,2700000.0,2001800000.0,6590189713.461674,8752189713.461674,10.15574906405775,2.2640374331550803,0.4434239915911181,1.1455872369314324,0.0009623118804844771,10.15574906405775,-0.0034962661235573658,8.830483335738542,-159.9560610063513,2.236995829416726,0.0,201.33333333333334,0.0,0.09805544606490606,2.056149732620321,-0.0013533044278018658,-115.61736339406445,0.27160659252311403,0.8225,-1.2879046233082196,1.0718670430319182,0.5543501375757881,0.39600550964187325,0.8202443280977313,1.165929203539823,-1.219554136454601,0.31805280411723574,0.14794595807612576,Airlines,Industrials,RYAAY
2010Q4,2010,Q4,2010-03-31,2010-03-31,-57300000.0,609400000.0,-45200000.0,-0.2,145200000.0,0.238267148,7563400000.0,2848600000.0,3063400000.0,1549600000.0,4714800000.0,2500000.0,2083500000.0,5942465754.522125,7557365754.522125,9.88911801259486,1.9768972638100155,0.4089166247983711,1.0857263217018887,-0.006614832481505128,9.88911801259486,-0.02011514428140139,9.75133861916988,-25.926988457775415,2.086100454441524,0.0,185.68,0.0,0.08057222942063093,1.8509292720702117,-0.007575957902530608,102.45630611245043,0.23826714801444043,-1.4651162790697674,-2.7894395291305107,0.9316629986989362,0.6963344617045459,-0.5487880671224363,-1.4658536585365853,-1.2921784098254687,-2.0262609581464073,0.31137395082132213,0.17344697123349984,Airlines,Industrials,RYAAY
2010Q3,2010,Q3,2009-06-30,2009-12-31,123000000.0,774700000.0,154700000.0,0.43,321800000.0,0.4153866013,6694800000.0,2538500000.0,2686900000.0,1367700000.0,4156300000.0,2200000.0,1901000000.0,5516546573.436842,6453746573.436842,8.831715548133458,1.9645390070921986,0.4073908107785147,1.074414024029939,0.026845886992728198,8.831715548133458,0.048453811305889306,7.1208810809821115,11.212493035440737,2.173152087231374,0.0,205.86363636363637,0.0,0.11571667562884627,1.5583095708123127,0.018372468184262414,-30.596486818839946,0.4153866012650058,-0.5057471264367817,1.248645267058932,1.5664423388528663,0.6883228335044101,-0.3246589716684155,-0.5089820359281437,-0.48069822087948977,0.112439407234105,0.4304113558904329,0.258788746789661,Airlines,Industrials,RYAAY
2010Q2,2010,Q2,2009-09-30,2009-09-30,250500000.0,992100000.0,297900000.0,0.87,476500000.0,0.4802943252,6752500000.0,2750100000.0,2734100000.0,1194900000.0,4002400000.0,2700000.0,2151500000.0,5852378922.122924,6733078922.122924,9.550400841793813,2.2881412670516363,0.4031543872639763,0.989891276680848,0.04788069153357112,9.550400841793813,0.09108759681466129,5.898980871003855,5.840697527068786,2.128060405848123,0.0,190.96296296296296,0.0,0.14692336171788226,2.039082768432505,0.03709737134394669,110.84050988869174,0.4802943251688338,24.015873015873016,0.7441390197804754,1.4364021365411712,0.7065561362580928,1.741657077100115,23.98165137614679,56.28846153846154,0.22563395827058136,0.5020319130879318,0.25046389570883526,Airlines,Industrials,RYAAY
2010Q1,2010,Q1,2009-12-31,2009-06-30,-10900000.0,611900000.0,5200000.0,-0.0378,173800000.0,0.2840333388,6774300000.0,2795800000.0,2633200000.0,1200200000.0,3978500000.0,2900000.0,2140600000.0,5974529814.968339,7742429814.968339,9.705819047817423,2.1939676720546575,0.40982832174542017,0.9930252521639602,0.0008137685971177833,9.705819047817423,-0.00389870520065813,9.76389902756715,-137.0305003433105,2.1369660973490014,0.0,151.06896551724137,0.0,0.0903266758189038,1.9729211798033661,-0.0016090223344109355,-105.185384066344,0.2840333387808465,0.9258823529411765,-1.3261621331208944,1.1450698624809308,0.7060646486325068,-0.0395773698345509,0.925205684367988,0.9900497512437811,-1.2387062767758839,0.29804929504470484,0.22812760358067144,Airlines,Industrials,RYAAY
2009Q4,2009,Q4,2009-03-31,2009-03-31,-145733000.0,526831000.0,2613000.0,-0.51,180962000.0,0.3434915561,6387862000.0,2425061000.0,2543077000.0,1379191000.0,3962801000.0,2075000.0,1777727000.0,5142674024.048474,6064469024.048474,8.437478336014557,1.843890367614058,0.39214826494373234,1.0329591709239478,0.0004918315069422783,8.437478336014557,-0.06009457081698151,9.761525088782692,-8.822082205211714,2.1206369753373107,0.0,166.68385542168676,0.0,0.08247376039119192,1.5346366094326311,-0.022814049520794282,77.62175334020307,0.3434915561157183,0.19047619047619047,-56.69317748006953,1.4032671694190535,0.715326878108499,-0.46924960771949376,0.19690849475105393,-0.9145575828918971,-6.670162755509198,0.47885034317513264,0.26873055253910627,Airlines,Industrials,RYAAY
2009Q3,2009,Q3,2008-06-30,2008-12-31,-181465000.0,776879000.0,30582000.0,-0.63,340955000.0,0.438877869,6246224000.0,2414538000.0,2430066000.0,1583189000.0,3831686000.0,1886000.0,1876900000.0,6192397040.96752,6462959040.96752,8.318774415235882,1.5349184462499423,0.35494068096180986,0.918204227889559,0.013245650300416115,8.318774415235882,-0.07515516425916677,7.970864241365154,-8.531117627321413,2.564630186382455,0.0,231.13679745493107,0.0,0.12437578287298054,1.2832687695530982,-0.029051952027336837,-22.73256819321268,0.4388778690117766,-1.984375,-5.510352676587576,2.215505541020739,0.9064698964030578,-0.1749145766583744,-1.9767946343984153,-0.849261389681636,-3.6679318877385203,0.9657692077325134,0.4550611715014419,Airlines,Industrials,RYAAY
2009Q2,2009,Q2,2008-09-30,2008-09-30,185776000.0,1033713000.0,202881000.0,0.64,413236000.0,0.3997589273,6181872000.0,2702072000.0,2231463000.0,1229971000.0,3479800000.0,1449000.0,2062676000.0,4707124004.658658,5168615004.658658,9.368221157074846,1.8142403357477535,0.35606398838410114,0.8146126380052049,0.03927869871218371,9.368221157074846,0.06875316423840667,4.553608211039871,6.334408110652961,1.742042404739273,0.0,428.2104899930987,0.0,0.16721682364177065,1.4143837537633002,0.03005173837310122,-28.214416753531403,0.39975892728445905,2.5609756097560976,0.4813348061706607,2.0138610474162735,0.9546998380724889,5.353664724242377,2.5643504328202367,2.8583270742118088,0.11948251487586627,0.9846511515152265,0.46438492352217037,Airlines,Industrials,RYAAY
2009Q1,2009,Q1,2008-12-31,2008-06-30,-118756000.0,604542000.0,-109174000.0,-0.41,65039000.0,0.107583923,5962854000.0,2607016000.0,2036086000.0,1171217000.0,3355838000.0,2480000.0,1930967000.0,5366017421.941022,6099332421.941022,9.070551636285986,1.7384361736552663,0.3600353119496134,0.8234847810677035,-0.021194077440533365,9.070551636285986,-0.04555246304587313,8.8761697647823,-11.296308022207345,2.0582986149456013,0.0,217.5415322580645,0.0,0.10138467250749389,1.2796117201167674,-0.019915966414740326,63.80520121214057,0.10758392303595118,-0.8636363636363635,-4.016784406444232,1.4484588678795263,0.8468253665830915,-0.8061966726080174,-0.8695672877507543,-1.1793980665117252,-4.350254196481923,0.6938919476749518,0.3882593095615739,Airlines,Industrials,RYAAY
2008Q4,2008,Q4,2008-03-31,2008-03-31,-63520580.82000001,592630626.79,608557283.3800001,-0.22,335592793.34999996,0.5662764936,6327551000.0,2502194000.0,2387122000.0,1557150000.0,3825357000.0,1997000.0,2000422000.0,5363132210.191693,5752504210.191693,8.587709486584538,1.5330070962977234,0.35819466330654626,0.9058030672282005,0.11499705736766024,8.587709486584538,-0.025385953615107384,9.049704770138604,-21.10785252967596,2.1433718609315235,0.0,128.71198469704558,0.0,0.09365876731613858,1.2120547153453425,-0.010038730753809809,-55.62300616738458,0.566276493619217,-1.4782608695652175,-2.4445281512869,2.1282769925671534,1.0364778232638792,0.2964070734704626,-1.4562685558889192,7.688196561094573,-2.961133424392896,0.8571341626720338,0.47309674438579435,Airlines,Industrials,RYAAY
2008Q3,2008,Q3,2007-06-30,2007-12-31,139217528.79999998,694520872.96,70044143.12,0.46,258863747.52000004,0.3727227757,5810033501.64,2639875182.76,2454838486.32,1194891713.96,3170158318.88,2265005.96,2048592378.12,8357944858.712335,8852794979.072334,8.75045582089529,2.0544443129364423,0.31718469767856194,0.6980836562860858,0.013917512664435153,8.75045582089529,0.05273640576235407,12.034116157072933,15.008786843787762,3.166037891978692,0.0,192.3425956194835,0.0,0.11953818730373196,1.128138712162101,0.023961570748379162,-29.83726318014385,0.3727227756550219,-0.4888888888888889,2.0302981314386854,2.4747964211386844,1.4641385475406645,-0.36051012642743024,-0.48375584978173547,-0.6761249863235866,1.4248737729241814,1.1921114769884549,0.6727887447769336,Airlines,Industrials,RYAAY
2008Q2,2008,Q2,2007-09-30,2007-09-30,269673813.72,864500765.16,216269054.92000002,0.9,404797258.28,0.468243956,5796479771.52,2627495159.36,2231567561.32,1118181907.84,3168984612.16,2896316.04,2091431289.12,9091412221.463163,9652546558.343163,8.88876335561567,1.9957106671764484,0.32869232769881424,0.7251234780672551,0.04222650195930254,8.88876335561567,0.10263532275571789,10.516372671781896,8.428156312298361,3.460106173393534,0.0,158.7200776887594,0.0,0.14914237593091842,1.2020620994275022,0.0465237220433332,-1051.8290480633834,0.4682439560421684,4.625,1.4037975425363285,2.19214865896192,1.2742470928558391,1.8688066640902508,4.7229548936189545,9.331449882211384,0.8291042161620408,1.0681651222699275,0.5883284795638831,Airlines,Industrials,RYAAY
2008Q1,2008,Q1,2007-12-31,2007-06-30,47121429.18000001,568726526.76,-25958153.5,0.16,141103011.0,0.2481034458,5867384663.28,2577710569.56,2247218317.47,1063069264.11,3289674093.72,2773498.35,2057521973.85,8334225150.126397,8771365424.466396,8.846887776039605,2.113896425508424,0.3522044375516995,0.8016877222886752,-0.005223718487571212,8.846887776039605,0.018280341375968893,14.65418748375597,44.21674647372398,3.233188880297372,0.0,154.18199753390874,0.0,0.09693015873311928,1.5327116453264344,0.00803107890213867,54.84254278852917,0.24810344578765328,-0.15789473684210525,0.18280907213338832,2.0890540173964136,1.1755975406921242,58247.78055931662,-0.19333216712423462,0.9789313678475886,0.393977522977845,0.9710368759748843,0.5550838533832256,Airlines,Industrials,RYAAY
2007Q4,2007,Q4,2007-03-31,2007-03-31,58414910.4,486186390.4,-1232075880.02,0.19,2422.4199999570847,4.9825e-06,5691245000.0,2539773000.0,2354276000.0,1117730000.0,3151472000.0,2420000.0,1905211000.0,10363438364.36154,10993804364.36154,8.427409380246345,2.106301163966253,0.3473378847686227,0.7783313705594949,-0.5843381939857509,8.427409380246345,0.023000051736907196,21.315772240837987,44.35271017877629,4.08045851513562,0.0,200.90246610743802,0.0,0.08542707094844801,1.7821200110939135,0.010263995030964226,695.9299396116451,4.982492409884381e-06,-0.5,0.6718532175303662,2.170624059859591,1.3761746322531498,-0.9999891057350367,-0.49504672886144546,-8.391368074772412,23.05461364463139,1.1151575178581412,0.7132798742791704,Airlines,Industrials,RYAAY
2007Q3,2007,Q3,2006-06-30,2006-12-31,115683794.4,566651946.78,166691181.87,0.38,222357360.32999998,0.392405535,4831909223.13,2109930229.53,2290364727.51,933756386.85,2721978993.6,4234126.98,1583355459.9,,,,,,,,,,,,,,,,,,,,,,,,,,,,,,,Airlines,Industrials,RYAAY
2007Q2,2007,Q2,2006-09-30,2006-09-30,213621788.52,690358841.88,276205964.37,0.7,335411927.28,0.4858515701,4960575552.66,2298666311.64,2172018082.2,882701024.88,2661909241.02,3629753.16,1798235606.4,,,,,,,,,,,,,,,,,,,,,,,,,,,,,,,Airlines,Industrials,RYAAY
2007Q1,2007,Q1,2006-12-31,2006-06-30,47773774.95,493192164.15,19805670.810000002,0.16,139593276.25,0.2830403368,5132449856.95,2381713444.2,2098026084.45,892854747.75,2750736412.75,1953509.6,1846085530.75,,,,,,,,,,,,,,,,,,,,,,,,,,,,,,,Airlines,Industrials,RYAAY
