Quarters,Year,Quarter,FillingDate,Date,NetIncome,Revenue,OperatingIncome,EPSDiluted,GrossProfit,GrossProfitRatio,TotalAssets,CommonStockEquity,CurrentAssets,CurrentLiability,TotalLiability,Inventory,RetainedEarnings,MarketCap,EnterpriseValue,bookValuePerShare,currentRatio,debtToAssets,debtToEquity,roic,shareholdersEquityPerShare,roe,priceToSalesRatio,peRatio,pbRatio,payoutRatio,inventoryTurnover,dividendYield,assetTurnover,quickRatio,returnOnAssets,priceToFreeCashFlowsRatio,grossProfitMargin,epsdilutedGrowth,fiveYNetIncomeGrowthPerShare,fiveYRevenueGrowthPerShare,fiveYShareholdersEquityGrowthPerShare,grossProfitGrowth,netIncomeGrowth,operatingIncomeGrowth,threeYNetIncomeGrowthPerShare,threeYRevenueGrowthPerShare,threeYShareholdersEquityGrowthPerShare,Industry,Sector,Symbol
2023Q1,2023,Q1,2023-05-10,2023-03-31,-25016000.0,54993000.0,-23569000.0,-1.26,24927000.0,0.4532758715,499798000.0,-39013000.0,418464000.0,108794000.0,538811000.0,71819000.0,-165529000.0,467109120.0,730666120.0,-1.9727447411003236,3.8463885876059343,0.8611178916282178,-11.03183554199882,-0.05887169666277544,-1.9727447411003236,0.6412221567169918,8.493974142163548,-4.66810361368724,-11.973165867787662,0.0,0.41863573706122337,0.0,0.1100304523027303,3.0233101090133645,-0.05005222109732332,-9.687643777091067,0.4532758714745513,-2.15,-7.458226029164438,0.10718418595967132,-1.3950141153537705,-0.3567059795091486,-2.212121212121212,-3.257406069364162,-0.4707006535058289,0.24492734990967047,-1.8490167237685167,Medical Devices,Healthcare,CUTR
2022Q4,2022,Q4,2023-04-07,2022-12-31,-7788000.0,67353000.0,-5536000.0,-0.4,38749000.0,0.5753121613,520988000.0,-15181000.0,451240000.0,105839000.0,536169000.0,63628000.0,-140513000.0,868569240.0,1153266240.0,-0.7728846349658894,4.263456759795538,0.8265468686418881,-28.365786180093536,-0.01428799293691754,-0.7728846349658894,0.5130096831565772,12.89577658010779,-27.88165254237288,-57.214230946577956,0.0,0.4495505123530521,0.0,0.12927936919852281,3.4285660295354266,-0.014948520887237325,-33.904646732766025,0.5753121612994224,0.3548387096774193,-1.2381756518606126,-0.010568877225480288,-1.1636929472049555,0.13142373277271666,0.35816713367397396,0.41312413866214354,-1.7080689748802413,-0.05586655934155064,-1.2399135383581157,Medical Devices,Healthcare,CUTR
2022Q3,2022,Q3,2022-11-09,2022-09-30,-12134000.0,62808000.0,-9433000.0,-0.62,34248000.0,0.5452808559,428157000.0,15494000.0,366312000.0,98258000.0,412663000.0,55938000.0,-132725000.0,893440800.0,1162170800.0,0.7907926300209258,3.7280628549329315,0.7348005521339135,20.305279463017943,-0.02938800853008788,0.7907926300209258,-0.78314186136569,14.224952235384027,-18.40779627492995,57.66366335355622,0.0,0.5105652686903357,0.0,0.14669385295580828,2.9178489283315354,-0.028340071515822466,-34.69403541472507,0.5452808559419182,0.7549407114624506,-2.398435390315744,0.17340353601282116,-0.8194869485357295,-0.022714302020317316,0.7433369997461714,0.06269872813990461,-2.3420671548819074,-0.014196265470547854,-0.7450552152999143,Medical Devices,Healthcare,CUTR
2022Q2,2022,Q2,2022-08-08,2022-06-30,-47276000.0,64224000.0,-10064000.0,-2.53,35044000.0,0.5456527155,424092000.0,23874000.0,373313000.0,85716000.0,400218000.0,45410000.0,-120591000.0,701250000.0,941138000.0,1.2766844919786096,4.355231228708759,0.742617167972987,13.191672949652341,-0.028326447870523363,1.2766844919786096,-1.9802295384099857,10.918815396113603,-3.708276926981978,29.372958029655695,0.0,0.6425897379431843,0.0,0.151438838742537,3.620374259181483,-0.11147581185214529,-83.50202429149797,0.5456527154957648,-2.011904761904762,-19.094231355520215,0.31520241102419294,-0.7046124992408527,0.10242858940480684,-2.1221767269845464,0.23508398571102834,-61.5632922259813,0.012632409860239944,-0.5835445844562388,Medical Devices,Healthcare,CUTR
2022Q1,2022,Q1,2022-05-10,2022-03-31,-15142000.0,58014000.0,-13157000.0,-0.84,31788000.0,0.5479367049,266691000.0,43160000.0,236784000.0,74037000.0,223531000.0,51680000.0,-73315000.0,1247520000.0,1340565000.0,2.3871681415929205,3.198184691438065,0.5653621607028358,3.493443002780352,-0.06355525508238812,2.3871681415929205,-0.35083410565338274,21.503774950873925,-20.597014925373134,28.904541241890637,0.0,0.507469040247678,0.0,0.21753265014567422,2.2279130704917813,-0.056777319069634895,-41.68822055137844,0.5479367049332919,-2.8181818181818183,-10.341487279843445,0.5157154477168115,-0.4441908569757743,-0.16743930227076295,-2.848030495552732,-3.9148300336197237,-0.4281310827250609,0.2484564951615574,-0.14465910427638126,Medical Devices,Healthcare,CUTR
2021Q4,2021,Q4,2022-03-01,2021-12-31,-3935000.0,65629000.0,-2677000.0,-0.22,38181000.0,0.581770254,280293000.0,56569000.0,249661000.0,73900000.0,223724000.0,39503000.0,-58173000.0,742933600.0,728914600.0,3.146218020022247,3.378362652232747,0.5356716007891742,2.654192225423819,-0.013699805444462893,3.146218020022247,-0.06956106701550319,11.320202959057733,-47.20035578144854,13.13322844667574,0.0,0.6948333037997114,0.0,0.23414427045984024,2.6469959404600814,-0.01403888074265144,365.97714285714284,0.5817702540035655,-1.7500000000000002,-1.7060167467241472,0.30979965124432357,-0.29911571882636395,0.14228870605833957,-1.830935251798561,-5.276357827476039,0.8840346151335466,0.1184180369463422,-0.055035798410081806,Medical Devices,Healthcare,CUTR
2021Q3,2021,Q3,2021-11-04,2021-09-30,-1390000.0,57384000.0,626000.0,-0.08,33425000.0,0.5824794367768019,268446000.0,55343000.0,242089000.0,63136000.0,213103000.0,35493000.0,-54238000.0,836237000.0,824620000.0,3.0840345500139317,3.834405093765839,0.5620087466380576,2.726071951285619,0.004203656759150014,3.0840345500139317,-0.025116094176318594,14.572650913146521,-150.4023381294964,15.110077155195778,0.0,0.675034513847801,0.0,0.21376366196553498,3.0607894069944246,-0.005177950127772438,-133.62687759667625,0.5824794367768019,-1.205128205128205,-1.6201894949355253,0.3900551248821422,-0.2254164975131488,-0.010772736689455149,-1.179447456751872,-0.6972920696324951,-0.2289613452330001,0.0916699692343238,-0.39325081953548896,Medical Devices,Healthcare,CUTR
2021Q2,2021,Q2,2021-08-06,2021-06-30,7746000.0,58589000.0,2068000.0,0.39,33789000.0,0.5767123521480141,264163000.0,53343000.0,238550000.0,60319000.0,210820000.0,34591000.0,-52848000.0,875773860.0,857788860.0,2.9863957003694996,3.9548069430859263,0.5724306583435228,2.8347674483999774,0.009171988978420182,2.9863957003694996,0.14521118047353918,14.947752308453806,28.265358249419055,16.417784151622516,0.0,0.7169494955335203,0.0,0.22179109110662734,3.234519803047133,0.029322804480566924,265.708088592233,0.5767123521480141,20.5,5.633330991903481,0.5675250436041238,-0.1886459914435177,0.2193792854565139,22.57660167130919,0.7751072961373391,4.781818154622248,0.056724054524844886,-0.40985817948560743,Medical Devices,Healthcare,CUTR
2021Q1,2021,Q1,2021-05-10,2021-03-31,-359000.0,49668000.0,1165000.0,-0.02,27710000.0,0.5579044857856165,259733000.0,41630000.0,234000000.0,66121000.0,218103000.0,34578000.0,-60594000.0,533928400.0,527963400.0,2.3429761368752815,3.53896644031397,0.6120400565195797,3.8185683401393224,0.018927764444269052,2.3429761368752815,-0.008623588758107134,10.749947652412017,-371.81643454039,12.825568099927937,0.0,0.6350280525189427,0.0,0.19122714479869712,2.859651245443959,-0.0013821886321722693,463.4795138888889,0.5579044857856165,-1.1666666666666665,0.8718355614847063,0.6218911593455961,-0.38530481476239864,-0.012684386802536878,-1.1640767824497258,-0.19321329639889195,0.8648998675403361,0.11298431060159997,-0.5308523060684629,Medical Devices,Healthcare,CUTR
2020Q4,2020,Q4,2021-03-23,2020-12-31,2188000.0,49943000.0,1444000.0,0.12,28066000.0,0.5619606351240414,132733000.0,56880000.0,106296000.0,54358000.0,75853000.0,28508000.0,-60235000.0,425613830.0,388011830.0,3.2221152212088597,1.95548033408146,0.07115788839248717,0.16605133614627285,0.025757905258413514,3.2221152212088597,0.03846694796061885,8.521991670504375,48.630465036563066,7.482662271448664,0.0,0.7673986249473832,0.0,0.3762666405490722,1.269527944368814,0.01648422020145706,107.39687862730254,0.5619606351240414,1.923076923076923,-0.21533784764007496,0.2221796073612278,-0.1642360926400332,0.2906281615009657,1.9694284448382808,2.1924029727497936,-0.9255463620953907,-0.18366120848596587,-0.31757274898225435,Medical Devices,Healthcare,CUTR
2020Q3,2020,Q3,2020-11-09,2020-09-30,-2257000.0,39132000.0,-1211000.0,-0.13,21746000.0,0.5557088827558009,123427000.0,52006000.0,96262000.0,45128000.0,71421000.0,29333000.0,-62423000.0,333928910.0,313309910.0,2.9543827756632393,2.1330881049459314,0.07109465514028535,0.16873053109256625,-0.021750036553419422,2.9543827756632393,-0.04339883859554667,8.533397475212103,-36.98813801506424,6.420968926662308,0.0,0.5927112808100092,0.0,0.3170457031281648,1.3303713880517638,-0.018286112438931513,-88.10789182058048,0.5557088827558009,0.8059701492537313,-0.8525114253644073,0.33150695671557834,-0.17196556859172965,0.8707845836200964,0.8019132876952783,0.8892141615588692,-1.289523769252325,-0.186273007101491,-0.32560746043581523,Medical Devices,Healthcare,CUTR
2020Q2,2020,Q2,2020-08-07,2020-06-30,-11394000.0,26369000.0,-10931000.0,-0.67,11624000.0,0.4408206606242178,113417000.0,52499000.0,96932000.0,44635000.0,60918000.0,31240000.0,-60166000.0,207559350.0,182575350.0,3.0782175315156843,2.1716590119861094,0.07648765176296322,0.16524124269033696,-0.16526678356569832,3.0782175315156843,-0.21703270538486447,7.871339451628806,-4.554137045813587,3.9535867349854286,0.0,0.47199103713188223,0.0,0.2324960102982798,1.3527276800716925,-0.10046113016567182,-33.531397415185786,0.4408206606242178,0.22093023255813948,-4.107281567637105,-0.010439477888895756,-0.3433311759887435,-0.18917410714285715,0.08216529724504591,0.09877153928600874,-5.781514894032223,-0.40792218491806015,-0.28779037488093473,Medical Devices,Healthcare,CUTR
2020Q1,2020,Q1,2020-05-11,2020-03-31,-12414000.0,32239000.0,-12129000.0,-0.86,14336000.0,0.44467880517385777,94430000.0,33536000.0,76952000.0,52416000.0,60894000.0,36941000.0,-48772000.0,188494980.0,181073980.0,2.323564054597104,1.468101343101343,0.023340040241448694,0.06572041984732824,-0.28324069217413317,2.323564054597104,-0.37016937022900764,5.8467998387046745,-3.7960161913968102,5.620675691793894,0.0,0.4846376654665548,0.0,0.34140633273324156,0.6711691086691086,-0.1314624589643122,-15.455475565759265,0.44467880517385777,-4.733333333333333,-2.4487102028579306,0.7113207853510303,-0.5679228946111478,-0.5020493226814866,-4.945402298850575,-5.287713841368585,-10.64770395306581,0.05513551914459336,-0.45899992403310924,Medical Devices,Healthcare,CUTR
2019Q4,2019,Q4,2020-03-16,2019-12-31,-2088000.0,51795000.0,-1929000.0,-0.15,28790000.0,0.5558451587991119,113738000.0,45942000.0,95046000.0,58622000.0,67796000.0,33921000.0,-36358000.0,510686410.00000006,492282410.00000006,3.2215132178669097,1.6213366995325986,0.024617981677187924,0.06094641069174176,-0.036495825483106537,3.2215132178669097,-0.04544860911584171,9.859762718409113,-61.14540349616858,11.11589417091115,0.0,0.6781934494855694,0.0,0.45538870034641016,0.9463511992084883,-0.018357980622131564,145.49470370370372,0.5558451587991119,0.21052631578947373,-0.29969955715695856,1.0546153595082213,-0.42278620549845763,0.09747264895360805,0.2054794520547945,0.199252801992528,-1.4723244937929658,0.3032766924402981,-0.2823421766619815,Medical Devices,Healthcare,CUTR
2019Q3,2019,Q3,2019-11-12,2019-09-30,-2628000.0,46117000.0,-2409000.0,-0.19,26233000.0,0.5688357872368107,111236000.0,43990000.0,91925000.0,55266000.0,67246000.0,34042000.0,-34270000.0,414539860.0,400182860.0,3.1018192074460584,1.6633192197734592,0.005699593656729836,0.014412366446919754,-0.04662304917451118,3.1018192074460584,-0.05974085019322573,8.98887308367847,-39.43491818873668,9.423502159581723,0.0,0.5841019916573644,0.0,0.414587004207271,0.9508377664386783,-0.0236254449998202,-166.95121224325413,0.5688357872368107,-5.75,-0.007650382444223371,1.4891206506562218,-0.44911377269534003,0.015562695985443846,-5.469387755102041,-9.05685618729097,-2.4836824102105375,0.41354043073562136,-0.22094971803292432,Medical Devices,Healthcare,CUTR
2019Q2,2019,Q2,2019-08-08,2019-06-30,588000.0,47774000.0,299000.0,0.04,25831000.0,0.5406915895675471,107946000.0,43182000.0,88014000.0,52859000.0,64764000.0,26889000.0,-31642000.0,285100640.0,266596640.0,3.0655970467130484,1.6650712272271515,0.011820725177403516,0.029549349265897827,0.009503561970832868,3.0655970467130484,0.013616784771432541,5.967694561895592,121.21625850340135,6.602302811356584,0.0,0.8160586113280524,0.0,0.4425731384210624,1.070565088253656,0.005447168028458673,75.36363732487443,0.5406915895675471,1.0677966101694916,1.2167284999639727,1.7231878357702928,-0.4664076373315387,0.492345022820498,1.0715328467153284,1.0372539247445802,1.4460007206689305,0.6208111242533871,-0.16712830380722832,Medical Devices,Healthcare,CUTR
2019Q1,2019,Q1,2019-05-10,2019-03-31,-8220000.0,36026000.0,-8026000.0,-0.59,17309000.0,0.48045855770832174,97355000.0,39120000.0,77756000.0,46895000.0,58235000.0,26659000.0,-32230000.0,234924920.00000003,225365920.00000003,2.7908967682100307,1.6580872161211218,0.018899902418982074,0.04703476482617587,-0.16099762825576738,2.7908967682100307,-0.21012269938650308,6.52098262366069,-7.1449184914841855,6.005238241308794,0.0,0.7020893506883229,0.0,0.37004776334035233,0.9858833564345879,-0.08443325971958297,-29.299690695934153,0.48045855770832174,0.6878306878306878,-1.277658095027862,1.225973232392337,-0.5306719648455468,-0.07862237836686894,0.6873692617807021,-0.46193078324225867,-2.7198752910853847,0.491229721558888,-0.26778989383910745,Medical Devices,Healthcare,CUTR
2018Q4,2018,Q4,2019-03-18,2018-12-31,-26293000.0,45469000.0,-5490000.0,-1.89,18786000.0,0.41316061492445405,97637000.0,46386000.0,87198000.0,47620000.0,51251000.0,28014000.0,-24010000.0,237122640.0,211070640.0,3.3294573643410854,1.8311213775724486,0.0,0.0,-0.5557992835389407,3.3294573643410854,-0.5668305092053637,5.215039697376234,-2.254617578823261,5.111944121071012,0.0,0.952488041693439,0.0,0.46569435767178424,1.1594288114237716,-0.26929340311562217,29.084096651539312,0.41316061492445405,-30.5,-94.14938127017766,1.0568885994949784,-0.4462033534847843,-0.14160383824537354,-29.117983963344788,-4.501002004008016,-12.947597529463668,0.40987582930839134,-0.1363932990682615,Medical Devices,Healthcare,CUTR
2018Q3,2018,Q3,2018-11-06,2018-09-30,-873000.0,40573000.0,-998000.0,-0.06,21885000.0,0.539398121903729,118939000.0,70403000.0,87366000.0,45164000.0,48536000.0,31322000.0,2283000.0,425225700.0,403359700.0,5.0828821023752795,1.934416792135329,0.0,0.0,-0.011713233766530759,5.0828821023752795,-0.012400039771032484,10.48050920562936,-121.77139175257733,6.039880402823743,0.0,0.5966413383564267,0.0,0.3411244419408268,1.158621911256753,-0.007339896921951588,-189.07323254779902,0.539398121903729,0.4545454545454546,0.45054599595177663,1.531149299987299,-0.13672457659036932,-0.021986861509585735,0.4446564885496183,0.5368909512761021,0.08935493267011715,0.7545028404739591,0.4245958330875864,Medical Devices,Healthcare,CUTR
2018Q2,2018,Q2,2018-08-07,2018-06-30,-1572000.0,42553000.0,-2155000.0,-0.11,22377000.0,0.5258618663783987,115731000.0,69374000.0,84734000.0,42787000.0,46357000.0,30138000.0,3156000.0,552472700.0,534040700.0,5.060471223283974,1.9803678687451796,0.0,0.0,-0.021176967978486037,5.060471223283974,-0.02265978608700666,12.983166874250934,-87.86143447837149,7.963685242309798,0.0,0.6694538456433738,0.0,0.36768886469485274,1.1949190174585738,-0.013583223164061487,180.13456146071078,0.5258618663783987,0.26666666666666666,-1.6461983764183932,1.3364251291935603,-0.20105819719682638,0.2909311180339218,0.2263779527559055,0.5462202568961887,0.12337858599959886,0.9866658731743561,0.07953828899819582,Medical Devices,Healthcare,CUTR
2018Q1,2018,Q1,2018-05-09,2018-03-31,-2032000.0,34125000.0,-4749000.0,-0.15,17334000.0,0.507956043956044,108126000.0,67855000.0,77414000.0,37136000.0,40271000.0,30979000.0,5888000.0,682746750.0,671836750.0,4.994112018841539,2.084607927617406,0.0,0.0,-0.030316720806435743,4.994112018841539,-0.02994620882764719,20.00723076923077,-83.99935408464567,10.061848795225114,0.0,0.5420123309338584,0.0,0.3156040175350979,1.1803640672124085,-0.01879288977674195,-67.25906314648803,0.507956043956044,-1.0955414012738853,0.0037982310264282784,1.2663629361524142,-0.2275344501613645,-0.3658215344089562,-1.0888111888111889,-2.045344486022452,0.40034466664679236,0.9242236993348779,-0.0713225827282434,Medical Devices,Healthcare,CUTR
2017Q4,2017,Q4,2018-03-26,2017-12-31,22880000.0,47632000.0,4543000.0,1.57,27333000.0,0.5738369163587504,111238000.0,64893000.0,88374000.0,43311000.0,46345000.0,28782000.0,2947000.0,623290400.0,609106400.0,4.721551222351572,2.0404516173720304,0.0,0.0,0.33977747711781786,4.721551222351572,0.3525804015841462,13.085539133355727,6.810428321678322,9.604894210469542,0.0,0.705267180876937,0.0,0.4281989967457164,1.308882270093048,0.20568510760711267,99.40835725677832,0.5738369163587504,2.7380952380952386,20.90730514093497,1.179859191902065,-0.26280052135645865,0.23066186402521388,2.697478991596639,-0.26914414414414417,15.777648428405122,0.9605519009373831,-0.15401728545707974,Medical Devices,Healthcare,CUTR
2017Q3,2017,Q3,2017-11-07,2017-09-30,6188000.0,38173000.0,6216000.0,0.42,22210000.0,0.5818248500248867,100648000.0,61213000.0,96702000.0,36809000.0,39435000.0,23728000.0,-19933000.0,577783550.0,562999550.0,4.3808058398339655,2.6271292346980357,0.0,0.0,0.0971825357557685,4.3808058398339655,0.10108963782203127,15.135921986744558,23.342903603749193,9.438902684070378,0.0,0.6727494942683749,0.0,0.3792723153962324,1.9038822027221602,0.0614815992369446,165.93439115450892,0.5818248500248867,2.2307692307692304,8.013676600516243,0.9867041273411139,-0.29488037804538697,0.05530742183787893,2.1782229070364663,2.593063583815029,3.408145038442337,1.091168432514824,-0.22196445367703646,Medical Devices,Healthcare,CUTR
2017Q2,2017,Q2,2017-08-07,2017-06-30,1947000.0,36389000.0,1730000.0,0.13,21046000.0,0.5783615927890297,95151000.0,60228000.0,91183000.0,32167000.0,34923000.0,16913000.0,-26121000.0,360916500.0,342237500.0,4.3220667384284175,2.834675288338981,0.0,0.0,0.027602538911408857,4.3220667384284175,0.032327156804144254,9.91828574569238,46.34264252696455,5.992503486750349,0.0,0.9071719978714599,0.0,0.38243423610892163,2.2205987502720177,0.020462212693508213,47.90503052827184,0.5783615927890297,2.857142857142857,2.343352810823591,0.8787613770131666,-0.3051664593310688,0.3559693318729463,2.9050880626223092,2.224345364472753,1.7254130456894057,1.0967025588789296,-0.24770876034032763,Medical Devices,Healthcare,CUTR
2017Q1,2017,Q1,2017-05-01,2017-03-31,-1022000.0,29299000.0,-1413000.0,-0.07,15521000.0,0.5297450424929179,88291000.0,59442000.0,84367000.0,26314000.0,28849000.0,15672000.0,-28068000.0,286488000.0,275045000.0,4.2949421965317915,3.2061640191533023,0.0,0.0,-0.02110990559873278,4.2949421965317915,-0.01719323037582854,9.77808116317963,-70.08023483365949,4.819622489149086,0.0,0.8791475242470649,0.0,0.331845828000589,2.519267310177092,-0.011575358756838183,-74.33523611831863,0.5297450424929179,-1.2333333333333334,0.8042792345402885,0.8791274605617305,-0.3167170786723061,-0.2916989914662529,-1.24258248279136,-1.3178852643419572,0.713195082702192,0.8334778762215266,-0.27774584672544883,Medical Devices,Healthcare,CUTR
2016Q4,2016,Q4,2017-03-15,2016-12-31,4213000.0,37875000.0,4445000.0,0.3,21913000.0,0.5785610561056106,91854000.0,61009000.0,87849000.0,28389000.0,30844000.0,14977000.0,-27046000.0,235803850.00000003,222028850.00000003,4.488926495474947,3.094473211455141,0.0,0.0,0.07169315562082919,4.488926495474947,0.06905538527102559,6.225844224422443,13.992632921908381,3.8650666295136786,0.0,1.0657675101822794,0.0,0.41233914690704815,2.4876184437634294,0.04586626603087508,52.22676633444076,0.5785610561056106,1.5,5.87867451908995,1.0981187775025538,-0.31563320981543297,0.2350222623006256,1.5626520681265206,1.8882391163092918,16.628573500555014,0.7563459476256709,-0.2533460658567988,Medical Devices,Healthcare,CUTR
2016Q3,2016,Q3,2016-11-07,2016-09-30,1644000.0,30281000.0,1539000.0,0.12,17743000.0,0.5859449820019154,80977000.0,52409000.0,77048000.0,26381000.0,28568000.0,16478000.0,-31308000.0,156902960.0,145627960.0,3.9815391628048316,2.9205867859444297,0.0,0.0,0.027995679789694587,3.9815391628048316,0.031368658054914234,5.181564677520558,23.859939172749392,2.9938170924841154,0.0,0.7608933122951814,0.0,0.3739456882818578,2.200940070505288,0.020302061079071836,109.7991322603219,0.5859449820019154,2.3333333333333335,1.6047160261371503,1.0935546173000843,-0.3957047740159573,0.10859106529209622,2.337672904800651,2.086864406779661,2.0887925988313656,0.9878202158917224,-0.3237763856481843,Medical Devices,Healthcare,CUTR
2016Q2,2016,Q2,2016-08-01,2016-06-30,-1229000.0,27477000.0,-1416000.0,-0.09,16005000.0,0.5824871710885468,75633000.0,48332000.0,71824000.0,24872000.0,27301000.0,14702000.0,-32952000.0,147198510.0,139778510.0,3.6807554641687608,2.8877452557092314,0.0,0.0,-0.02967005712716606,3.6807554641687608,-0.02542828767690143,5.357153619390763,-29.942740032546787,3.0455704295290906,0.0,0.7803019997279281,0.0,0.3632938003252548,2.1913396590543583,-0.01624952071185858,-422.98422413793105,0.5824871710885468,0.43750000000000006,0.4754318298915687,0.9337806960811587,-0.45415213354575534,0.2830687830687831,0.4007801072647489,0.3477660064486412,-1.1598804570963113,0.5750667880485137,-0.4188862506143728,Medical Devices,Healthcare,CUTR
2016Q1,2016,Q1,2016-05-02,2016-03-31,-2051000.0,22423000.0,-2171000.0,-0.16,12474000.0,0.5563037952102752,74694000.0,49589000.0,71045000.0,22485000.0,25105000.0,13475000.0,-31723000.0,146362500.0,140097500.0,3.8116064565718677,3.1596619968868134,0.0,0.0,-0.043849907831625345,3.8116064565718677,-0.04135997902760693,6.5273380011595235,-17.840382740126767,2.951511423904495,0.0,0.738330241187384,0.0,0.3001981417516802,2.473515677118079,-0.027458698155139637,-35.34472349673992,0.5563037952102752,-2.066666666666667,0.4410960540181104,1.0269643647188842,-0.44207748268214936,-0.3030116779348494,-2.000487804878049,-2.087130696044066,-0.05011181341711244,0.5552377701376497,-0.41043879950308676,Medical Devices,Healthcare,CUTR
2015Q4,2015,Q4,2016-03-15,2015-12-31,2050000.0,30042000.0,1997000.0,0.15,17897000.0,0.5957326409693097,77518000.0,50034000.0,73829000.0,24431000.0,27484000.0,12078000.0,-29672000.0,165988620.0,155120620.0,3.855293573740176,3.021939339363923,0.0,0.0,0.03847638243639726,3.855293573740176,0.04097213894551705,5.52521869382864,20.24251463414634,3.317516488787624,0.0,1.0055472760390793,0.0,0.3875486983668309,2.4590069993041626,0.026445470729378983,43.15876755070203,0.5957326409693097,3.142857142857143,2.686589203844968,1.0791880325987244,-0.44778920661614824,0.3265880957675487,3.142110762800418,3.029471544715447,1.0787017183425762,0.4560082721639946,-0.3980536737323516,Medical Devices,Healthcare,CUTR
2015Q3,2015,Q3,2015-11-02,2015-09-30,-957000.0,23085000.0,-984000.0,-0.07,13491000.0,0.5844054580896686,75917000.0,49334000.0,72282000.0,23363000.0,26583000.0,13479000.0,-31722000.0,180857160.0,170802160.0,3.5679467708107326,3.0938663699011255,0.0,0.0,-0.02098010907924286,3.5679467708107326,-0.019398386508290427,7.834401559454191,-47.24586206896552,3.665973973324685,0.0,0.711773870465168,0.0,0.3040820896505394,2.4293541069212004,-0.01260587220253698,-283.03154929577465,0.5844054580896686,0.4615384615384615,0.7280926723617474,0.8762524665350416,-0.49242238784209874,0.047763280521901215,0.4933827421916358,0.4906832298136646,-0.09614767169322647,0.21413918805808285,-0.42571541169156285,Medical Devices,Healthcare,CUTR
2015Q2,2015,Q2,2015-08-05,2015-06-30,-1889000.0,22563000.0,-1932000.0,-0.13,12876000.0,0.5706687940433453,94244000.0,67694000.0,90427000.0,22564000.0,26550000.0,13521000.0,-30765000.0,223546680.0,211919680.0,4.687625510698705,4.00757844353838,0.0,0.0,-0.029063957449301323,4.687625510698705,-0.027904984193576978,9.907666533705624,-29.585320275277926,3.302311578574172,0.0,0.7164410916352341,0.0,0.2394104664487925,3.335135614252792,-0.02004371631085268,201.57500450856628,0.5706687940433453,0.48,0.5304332966856071,0.7266365851455302,-0.35373302814370533,0.28515819942109993,0.4816136114160263,0.4636313159355913,-0.2576673887719075,0.12410803210821617,-0.24639770090335614,Medical Devices,Healthcare,CUTR
2015Q1,2015,Q1,2015-05-07,2015-03-31,-3644000.0,19071000.0,-3602000.0,-0.25,10019000.0,0.5253526296471082,104024000.0,78573000.0,100037000.0,20772000.0,25451000.0,11855000.0,-28876000.0,188774120.0,175312120.0,5.377660666621039,4.815954169073753,0.0,0.0,-0.046013169754765014,5.377660666621039,-0.04637725427309636,9.898490902417283,-12.951023600439077,2.40253165845774,0.0,0.7635596794601434,0.0,0.18333269245558717,4.162189485846332,-0.035030377605168035,-29.399489176140786,0.5253526296471082,-1.272727272727273,-0.66077922067351,0.2757249525191172,-0.27496459313086535,-0.27503617945007236,-1.2424615384615385,-1.2625628140703518,0.338970977714227,0.1585987534370768,-0.14446725425896925,Medical Devices,Healthcare,CUTR
2014Q4,2014,Q4,2015-03-16,2014-12-31,-1625000.0,25499000.0,-1592000.0,-0.11,13820000.0,0.5419820385113142,108913000.0,80508000.0,104888000.0,22988000.0,28405000.0,10988000.0,-25232000.0,154059000.0,144256000.0,5.581143847487001,4.56272838002436,0.0,0.0,-0.020055591899047952,5.581143847487001,-0.02018432950762657,6.041766343778187,-23.701384615384615,1.9135862274556565,0.0,1.0628867855842739,0.0,0.23412264835235463,4.014398816773969,-0.01492016563679267,1242.4112903225807,0.5419820385113142,0.38888888888888884,-217.25897499381034,0.5408851232912932,-0.25634923083566846,0.28069687702715224,0.38353566009104706,0.3729814887751083,-0.7729616509606307,0.33087163397089775,-0.14911738824119458,Medical Devices,Healthcare,CUTR
2014Q3,2014,Q3,2014-11-03,2014-09-30,-2636000.0,18726000.0,-2539000.0,-0.18,10791000.0,0.5762576097404678,106923000.0,80709000.0,102516000.0,20438000.0,26214000.0,11106000.0,-23607000.0,144773400.0,133396400.0,5.630598576810381,5.015950680105686,0.0,0.0,-0.03224938217230664,5.630598576810381,-0.03266054591185617,7.731143864146107,-13.730405918057661,1.793770211500576,0.0,0.7144786601836844,0.0,0.17513537779523583,4.375868480281828,-0.024653255146226724,-105.75120525931337,0.5762576097404678,0.05263157894736847,0.8176279308588519,0.43639003004451815,-0.24566089526288185,0.09264884568651276,0.038307187157971545,0.10440917107583775,0.10960532861032397,0.18890343653158223,-0.14541997446984664,Medical Devices,Healthcare,CUTR
2014Q2,2014,Q2,2014-08-04,2014-06-30,-2741000.0,17724000.0,-2835000.0,-0.19,9876000.0,0.5572105619498985,105685000.0,81760000.0,101028000.0,18062000.0,23925000.0,10030000.0,-20971000.0,147860090.0,136958090.0,5.745204131824889,5.593400509356661,0.0,0.0,-0.03475532732335937,5.745204131824889,-0.03352495107632094,8.342365718799368,-13.485962240058374,1.8084648972602742,0.0,0.7824526420737786,0.0,0.16770591853148506,4.938212822500277,-0.025935563230354355,-57.667741809672386,0.5572105619498985,0.2692307692307693,-0.08500701086175275,0.4218310015055907,-0.31925541931210916,0.11141120864280891,0.2407202216066482,0.2239255406515193,-0.07949707559104467,0.15096477110555992,-0.14799897786501193,Medical Devices,Healthcare,CUTR
2014Q1,2014,Q1,2014-05-08,2014-03-31,-3610000.0,16189000.0,-3653000.0,-0.26,8886000.0,0.5488912224349867,107365000.0,83377000.0,102485000.0,18346000.0,23988000.0,9640000.0,-18230000.0,156894990.0,146151990.0,5.946580129805292,5.586231331080344,0.0,0.0,-0.04363867760133825,5.946580129805292,-0.0432973122084028,9.691456544567298,-10.865304016620499,1.8817538409873227,0.0,0.7575726141078838,0.0,0.15078470637544825,4.928049711108689,-0.03362362036045266,-129.55820809248556,0.5488912224349867,-12.0,-0.8479314476238127,0.04980476023910866,-0.29898799314393787,-0.31840147273145664,-11.985611510791367,-9.744117647058824,0.08719707172611474,0.3579091883153302,-0.12957148298116186,Medical Devices,Healthcare,CUTR
2013Q4,2013,Q4,2014-03-18,2013-12-31,-278000.0,22239000.0,-340000.0,-0.02,13037000.0,0.5862224020864247,108669000.0,84265000.0,103296000.0,18642000.0,24404000.0,9006000.0,-14620000.0,142682880.0,126440880.0,6.012057648401827,5.5410363694882525,0.0,0.0,-0.004699900278776882,6.012057648401827,-0.003299115884412271,6.415885606367193,-128.31194244604316,1.6932638699341362,0.0,1.0217632689318232,0.0,0.2046489799298788,4.975431820620106,-0.002558227277328401,52.34148202494497,0.5862224020864247,0.8181818181818181,-0.10735451277567291,0.16317420613082018,-0.2964088526507299,0.4206167592895282,0.8333333333333334,0.8280222559433486,0.7882204935430936,0.42516077558500076,-0.13886632486131648,Medical Devices,Healthcare,CUTR
2013Q3,2013,Q3,2013-11-04,2013-09-30,-1668000.0,16828000.0,-1977000.0,-0.11,9177000.0,0.5453410981697171,107512000.0,85616000.0,101817000.0,17079000.0,21896000.0,10421000.0,-14342000.0,129414900.0,114254900.0,5.887903170345918,5.961531705603373,0.0,0.0,-0.020640921533475787,5.887903170345918,-0.019482339749579518,7.690450439743285,-19.39671762589928,1.5115737712577089,0.0,0.7341905767200845,0.0,0.15652206265347124,5.256455295977516,-0.015514547213334326,-253.25812133072407,0.5453410981697171,-1.7500000000000002,0.46749165960408107,-0.22605803521834053,-0.32061428955903104,-0.17458175930922828,-1.6144200626959249,-2.173354735152488,0.5493506920319152,0.30055160396841096,-0.16238441215813443,Medical Devices,Healthcare,CUTR
2013Q2,2013,Q2,2013-08-05,2013-06-30,-638000.0,19560000.0,-623000.0,-0.04,11118000.0,0.5684049079754602,114901000.0,93255000.0,109154000.0,17091000.0,21646000.0,10518000.0,-12674000.0,131034700.0,119149700.0,6.333967262106907,6.386636241296589,0.0,0.0,-0.007663882653904493,6.333967262106907,-0.006841456222186478,6.69911554192229,-51.34588557993731,1.4051225135381482,0.0,0.802624073017684,0.0,0.17023350536548856,5.685331461002867,-0.005552606156604381,77.35224321133413,0.5684049079754602,0.7333333333333333,-1.8367769386932853,-0.31496312905981205,-0.26735395759333974,0.3003508771929825,0.705039297272307,0.7310017271157168,0.8444439271464936,0.4681617382992782,-0.12675749524441063,Medical Devices,Healthcare,CUTR
2013Q1,2013,Q1,2013-05-06,2013-03-31,-2163000.0,15967000.0,-2316000.0,-0.15,8550000.0,0.5354794263167784,113471000.0,93150000.0,107548000.0,16014000.0,20321000.0,11091000.0,-12036000.0,188168480.0,170896480.0,6.465158245419212,6.715873610590733,0.0,0.0,-0.02428023374652026,6.465158245419212,-0.02322061191626409,11.784836224713471,-21.7485529357374,2.020058829844337,0.0,0.6687404201604905,0.0,0.14071436754765534,5.926501810915449,-0.01906213922500022,-176.18771535580524,0.5354794263167784,-2.8749999999999996,-2.5287668187620245,-0.3469092375721406,-0.24110310090256726,-0.3290433963744801,-3.0083565459610027,-3.168539325842697,0.0003078209495990182,0.08313639810824273,-0.12834428768705677,Medical Devices,Healthcare,CUTR
2012Q4,2012,Q4,2013-03-15,2012-12-31,1077000.0,22533000.0,1068000.0,0.08,12743000.0,0.5655261172502551,112794000.0,90774000.0,107006000.0,18218000.0,22020000.0,11114000.0,-9873000.0,127557000.0,104011000.0,6.404713187045791,5.87364145350752,0.0,0.0,0.010802579487338135,6.404713187045791,0.011864630841430366,5.660897350552523,29.60933147632312,1.4052151497124727,0.0,0.8808709735468778,0.0,0.19977126442895898,5.182402019980239,0.009548380232991116,36.10444381545429,0.5655261172502551,2.3333333333333335,-0.7328623167920723,-0.2343122030385234,-0.2538289209901568,0.20239667861860727,2.2073991031390134,1.963898916967509,144.87823930814125,0.3858625680124222,-0.1466140242975286,Medical Devices,Healthcare,CUTR
2012Q3,2012,Q3,2012-11-05,2012-09-30,-892000.0,19426000.0,-1108000.0,-0.06,10598000.0,0.545557500257387,109080000.0,87769000.0,101943000.0,18082000.0,21311000.0,12477000.0,-10950000.0,104681070.0,80347070.0,6.212854817017059,5.637816613206503,0.0,0.0,-0.011778922715109285,6.212854817017059,-0.010163041620617758,5.388709461546381,-29.338864910313905,1.1926884207408084,0.0,0.7075418770537789,0.0,0.17808947561422808,4.865280389337463,-0.008177484415108177,-333.37920382165606,0.545557500257387,0.4000000000000001,-1.266002977425903,-0.3635355918636178,-0.20549919158005306,0.027236599786759717,0.39154160982264663,0.2715318869165023,0.9373825714432865,0.5119178775896205,-0.167655218784003,Medical Devices,Healthcare,CUTR
2012Q2,2012,Q2,2012-08-06,2012-06-30,-1466000.0,19591000.0,-1521000.0,-0.1,10317000.0,0.5266193660354245,108315000.0,87675000.0,101002000.0,17866000.0,20640000.0,12722000.0,-10058000.0,101413525.0,83625525.0,6.2202908832919475,5.653307959252211,0.0,0.0,-0.01846942902244065,6.2202908832919475,-0.016720844026233247,5.176536419784595,-17.294257332878583,1.1566983176504135,0.0,0.728973431850338,0.0,0.1808706088722707,4.857550654875182,-0.013534598162766007,-114.59155367231638,0.5266193660354245,0.736842105263158,-1.6959468391721717,-0.2076033121168988,-0.2792167171412956,0.30893174321238265,0.7216631858743118,0.7111659703759969,0.4140941724303719,0.586767077301521,-0.2629627752220049,Medical Devices,Healthcare,CUTR
2012Q1,2012,Q1,2012-05-10,2012-03-31,-5267000.0,15727000.0,-5266000.0,-0.38,7882000.0,0.5011763209766643,107965000.0,87749000.0,98267000.0,17380000.0,20216000.0,13434000.0,-8592000.0,119358000.00000001,106571000.00000001,6.285744985673352,5.654027617951669,0.0,0.0,-0.06113803189257526,6.285744985673352,-0.06002347605100913,7.589368601767662,-5.665369280425289,1.360220629294921,0.0,0.5839660562751228,0.0,0.14566757745565692,4.799769850402762,-0.04878432825452693,-23.176310679611653,0.5011763209766643,-4.980608793686584,-3.841193479130442,-0.359813066725574,-0.28145516269367354,-0.2857919536063791,-4.937993235625704,-4.638115631691649,-1.7079182158464634,0.024301886193003733,-0.2590055778603317,Medical Devices,Healthcare,CUTR
2011Q4,2011,Q4,2012-03-15,2011-12-31,-887000.0,18542000.0,-934000.0,-0.06353868194842408,11036000.0,0.595189299967641,111353000.0,91567000.0,106095000.0,17020000.0,19786000.0,10729000.0,-3325000.0,104002000.0,89982000.0,6.559240687679083,6.233548766157462,0.0,0.0,-0.011394912849461595,6.559240687679083,-0.009686895934124739,5.608995793334053,-29.312852311161215,1.1358021994823462,0.0,0.6995992170752167,0.0,0.16651549576571803,5.515804935370153,-0.00796565876087757,407.8509803921569,0.595189299967641,0.6974348478646473,-1.1180220970668127,-0.42410676424009347,-0.21001234891948778,0.3044917257683215,0.6901851205029689,0.6445966514459666,-2.5473510943120163,-0.026300929563037527,-0.2323720178546618,Medical Devices,Healthcare,CUTR
2011Q3,2011,Q3,2011-11-07,2011-09-30,-2863000.0,15232000.0,-2628000.0,-0.21,8460000.0,0.5554096638655462,108966000.0,91333000.0,103978000.0,14937000.0,17633000.0,9659000.0,-2438000.0,98697440.0,84823440.0,6.588731784735248,6.961103300528888,0.0,0.0,-0.03247121345613179,6.588731784735248,-0.03134682973295523,6.479611344537815,-8.61835836535103,1.0806328490249963,0.0,0.7011077751320013,0.0,0.13978672246388782,6.190064939412198,-0.026274250683699502,-28.15904136947218,0.5554096638655462,-0.16666666666666666,-1.8874040481354952,-0.44420419001460987,-0.14562927382406354,0.0048699370471552445,-0.16571661237785015,0.08208173244848062,0.0412175057726142,-0.2651457617551976,-0.2397479892295232,Medical Devices,Healthcare,CUTR
2011Q2,2011,Q2,2011-08-01,2011-06-30,-2456000.0,14895000.0,-2863000.0,-0.18,8419000.0,0.5652232292715677,110230000.0,92820000.0,104682000.0,14563000.0,17410000.0,8301000.0,425000.0,117415449.99999999,99932449.99999999,6.74318924809299,7.188216713589233,0.0,0.0,-0.028436354906943143,6.74318924809299,-0.026459814695108812,7.8828768042967425,-11.951898412052117,1.264980068950657,0.0,0.7801469702445488,0.0,0.13512655356980857,6.476618828538076,-0.0222806858387009,-119.32464430894308,0.5652232292715677,0.3571428571428572,0.7546355943909049,-0.4480198351877141,-0.09188828281258009,0.31608566515554165,0.362905317769131,0.28550037434489645,-4.445382811654237,-0.4420366144965993,-0.22001950572584333,Medical Devices,Healthcare,CUTR
2011Q1,2011,Q1,2011-05-02,2011-03-31,-3855000.0,11621000.0,-4007000.0,-0.28,6397000.0,0.5504689785732725,109449000.0,93370000.0,101379000.0,13077000.0,16079000.0,7268000.0,2881000.0,117126190.0,103962190.0,6.831784590619741,7.752466161963753,0.0,0.0,-0.04327450092870637,6.831784590619741,-0.041287351397665206,10.078839170467258,-7.595732166018158,1.2544306522437614,0.0,0.7187671986791414,0.0,0.10617730632532046,7.068287833600979,-0.03522188416522764,-69.51109198813056,0.5504689785732725,-1.9896562500000001,-4.123113396203107,-0.49790036283048644,-0.17004793419602587,-0.2878771011911388,-2.01171875,-1.5834945196647325,-5.630119092586257,-0.498900208244821,-0.1980675577745636,Medical Devices,Healthcare,CUTR
2010Q4,2010,Q4,2011-03-15,2010-12-31,-1280000.0,15216000.0,-1551000.0,-0.0936562522865296,8983000.0,0.5903654048370137,111805000.0,95417000.0,103462000.0,13123000.0,16388000.0,6447000.0,6736000.0,113299429.99999999,100780429.99999999,6.98156142533109,7.884020422159567,0.0,0.0,-0.014787743611685151,6.98156142533109,-0.013414800297640882,7.446071898002102,-22.128794921874995,1.187413458817611,0.0,0.9668062664805336,0.0,0.13609409239300568,7.179074906652442,-0.011448504091945798,-222.15574509803918,0.5903654048370137,0.6253749908538816,-1.1975808406671244,-0.43029297230698166,-0.11941098829678662,0.39682786502876694,0.6299508528476438,0.5680868838763575,-1.3292441098593784,-0.4638061835718076,-0.1866241204290867,Medical Devices,Healthcare,CUTR
2010Q3,2010,Q3,2010-11-01,2010-09-30,-3459000.0,12092000.0,-3591000.0,-0.25,6431000.0,0.5318392325504466,112173000.0,95522000.0,104084000.0,13279000.0,16651000.0,7144000.0,8016000.0,110070900.0,88367900.0,7.029361983957613,7.838240831387906,0.0,0.0,-0.03759343397332552,7.029361983957613,-0.036211553359435524,9.10278696658948,-7.955398959236773,1.1523094156320008,0.0,0.7924132138857782,0.0,0.10779777664856963,7.069884780480458,-0.03083629750474713,-105.23030592734226,0.5318392325504466,0.10714285714285723,-1.7809100087511007,-0.4524330578570165,-0.029729878967700185,-0.06553327521069456,0.08029779314012231,0.059947643979057594,-2.072345298309825,-0.588138380358983,-0.1010841322681707,Medical Devices,Healthcare,CUTR
2010Q2,2010,Q2,2010-08-02,2010-06-30,-3761000.0,12217000.0,-3820000.0,-0.28,6882000.0,0.5633134157321765,114651000.0,97928000.0,105998000.0,13315000.0,16723000.0,6955000.0,11475000.0,124344210.00000001,92647210.00000001,7.253388637878675,7.960796094630116,0.0,0.0,-0.039877692813303105,7.253388637878675,-0.038405767502655015,10.177965949087339,-8.265368917841,1.269751347929091,0.0,0.7670740474478792,0.0,0.10655816347000899,7.197746901990237,-0.03280390053292165,-31.15615384615385,0.5633134157321765,-0.8666666666666669,-2.1687865604081926,-0.41570606903335694,0.07008704937234811,-0.13106060606060607,-0.8637264618434093,-0.7875526438933084,-2.8639942691160134,-0.48411872589259136,-0.15950533948448503,Medical Devices,Healthcare,CUTR
2010Q1,2010,Q1,2010-05-03,2010-03-31,-2018000.0,13749000.0,-2137000.0,-0.15,7920000.0,0.5760418939559241,118888000.0,99671000.0,110061000.0,15496000.0,19217000.0,6953000.0,15236000.0,139352060.0,116833060.0,7.417100759041524,7.102542591636551,0.0,0.0,-0.021951805407319253,7.417100759041524,-0.02024661135134593,10.13543239508328,-17.263634786917738,1.3981204161691965,0.0,0.8383431612253703,0.0,0.11564665904044143,6.436499741868869,-0.016973958683803244,-50.000739146035166,0.5760418939559241,-288.95714285714286,-2.1210286932639346,-0.25069459938531846,0.13840053573223982,-0.1778262223606353,-289.2857142857143,-4.1124401913875595,-2.130861540327235,-0.4185895781110074,-0.15212604546679603,Medical Devices,Healthcare,CUTR
2009Q4,2009,Q4,2010-03-15,2009-12-31,7000.0,15416000.0,-418000.0,0.0005209108498288436,9633000.0,0.6248702646600934,121352000.0,100853000.0,112304000.0,16289000.0,20499000.0,6408000.0,17254000.0,114357380.0,91528380.0,7.505060276826908,6.894468659831788,0.0,0.0,0.00011890378351351534,7.505060276826908,6.940795018492261e-05,7.418096782563571,4084.192142857143,1.1339016191883236,0.0,0.9024656679151061,0.0,0.1270354011470763,6.319356621032599,5.7683433317951084e-05,36.65300641025641,0.6248702646600934,1.0005157533166622,-0.9972084714699753,-0.2092320360667424,0.21616269794964496,0.3266767662856356,1.0005187490736625,0.7475845410628019,-0.999032416332911,-0.5025975914210418,-0.09609888985396765,Medical Devices,Healthcare,CUTR
2009Q3,2009,Q3,2009-11-02,2009-09-30,-13494000.0,12171000.0,-1656000.0,-1.01,7261000.0,0.5965820392736834,119436000.0,99887000.0,110281000.0,14788000.0,19549000.0,7884000.0,17247000.0,115754300.0,81452300.0,7.464280376625317,7.457465512577766,0.0,0.0,-0.16353321358398146,7.464280376625317,-0.1350926546998108,9.510664694766248,-2.144551282051282,1.1588525033287616,0.0,0.6227803145611365,0.0,0.10190394855822366,6.7290370570733025,-0.11298101075052748,-792.8376712328767,0.5965820392736834,-4.611111111111112,-13.336141214555472,-0.23182851104842583,0.23791235776379258,0.11109410864575363,-4.708121827411167,0.643641058747579,-5.332570439928161,-0.5399664891289975,-0.032095575580571356,Medical Devices,Healthcare,CUTR
2009Q2,2009,Q2,2009-08-03,2009-06-30,-2364000.0,11665000.0,-4647000.0,-0.18,6535000.0,0.5602228889841406,133864000.0,112390000.0,118032000.0,15370000.0,21474000.0,8702000.0,30741000.0,114792539.99999999,79347539.99999999,8.439588495907486,7.6793754066363045,0.0,0.0,-0.023632623895481382,8.439588495907486,-0.021033899813150635,9.840766395199314,-12.139651015228425,1.0213768128837084,0.0,0.5895196506550219,0.0,0.08714068009322895,6.514638906961614,-0.017659714336938984,-2550.945333333333,0.5602228889841406,-0.28571428571428553,-4.090485845160321,-0.26517494121901447,0.3728407960916986,-0.2306333882740758,-0.29321663019693656,-0.2829928216454997,0.7558816158258891,-0.5531749389517838,0.13656741927288893,Medical Devices,Healthcare,CUTR
2009Q1,2009,Q1,2009-05-04,2009-03-31,-1828000.0,14430000.0,-3622000.0,-0.14,8494000.0,0.5886347886347887,134672000.0,111295000.0,116681000.0,16297000.0,23377000.0,9846000.0,29582000.0,83836800.0,48043800.0,8.482850609756097,7.159661287353501,0.0,0.0,-0.019679353924299942,8.482850609756097,-0.016424816927984188,5.80989604989605,-11.465645514223192,0.7532845141291163,0.0,0.6028844200690636,0.0,0.1071492218129975,6.086150825305271,-0.013573719852679102,-27.559763313609466,0.5886347886347887,-6.816170212765958,-2.444989515506015,-0.7823099646151902,1.5316007288490852,-0.21728713601179506,-6.778723404255319,-8.736559139784946,-2.542690913697755,-0.35054046563192903,0.030530060496961945,Medical Devices,Healthcare,CUTR
2008Q4,2008,Q4,2009-03-16,2008-12-31,-235000.0,17897000.0,-372000.0,-0.017911585365853657,10852000.0,0.6063586075878639,137476000.0,112108000.0,118940000.0,17296000.0,25368000.0,9927000.0,31410000.0,116374399.99999999,79834399.99999999,8.544817073170732,6.876734505087882,0.0,0.0,-0.0007805643442707703,8.544817073170732,-0.002096192956791665,6.50245292507124,-123.80255319148937,1.0380561601313019,0.0,0.7096806688828448,0.0,0.13018272280252552,5.954266882516189,-0.0017093892752189472,-68.65746312684365,0.6063586075878639,0.9185837028824834,-1.0277403253500044,-0.7649613777872255,1.327445412311266,-0.03853991317444848,0.9146385760988013,0.69,-1.0377869710549514,-0.30197548642005234,0.0777634920387917,Medical Devices,Healthcare,CUTR
2008Q3,2008,Q3,2008-11-03,2008-09-30,-2753000.0,19110000.0,-1200000.0,-0.22,11287000.0,0.590633176347462,138140000.0,110758000.0,123844000.0,18668000.0,27382000.0,8753000.0,31645000.0,135595800.0,108912800.0,8.666510172143974,6.6340261409899295,0.0,0.0,-0.010506231353434944,8.666510172143974,-0.024855992343668178,7.095541601255887,-12.313458045768252,1.22425287563878,0.0,0.8937507140409002,0.0,0.13833791805414797,5.6155453181915576,-0.01992905747792095,53.133150470219434,0.590633176347462,-5.4,-1.421207432990529,-0.7090766823161189,0.0,-0.27100691080539946,-5.164901664145234,-13.631578947368421,-1.6608658087258974,-0.07985469545505221,0.19624738245724932,Medical Devices,Healthcare,CUTR
2008Q2,2008,Q2,2008-08-04,2008-06-30,661000.0,24754000.0,95000.0,0.05,15483000.0,0.6254746707602812,138995000.0,110349000.0,124138000.0,19521000.0,28646000.0,8609000.0,34398000.0,115258919.99999999,94794919.99999999,8.64533061736133,6.359202909687004,0.0,0.0,0.0005977501785587682,8.64533061736133,0.00599008599987313,4.656173547709461,43.592632375189105,1.0444944675529455,0.0,1.0768962713439423,0.0,0.1780927371488183,5.404077659955945,0.004755566747005288,33.15849252013808,0.6254746707602812,2.25,-0.8456843550543457,-0.5546223094046595,0.0,0.15553399507425927,2.2195571955719555,1.0566825775656326,-0.7827236400360482,0.2522508345986603,0.27543921786689574,Medical Devices,Healthcare,CUTR
2008Q1,2008,Q1,2008-05-06,2008-03-31,-542000.0,21618000.0,-1676000.0,-0.04,13399000.0,0.619807567767601,136000000.0,108534000.0,120944000.0,18523000.0,27466000.0,9384000.0,33737000.0,171607800.0,133497800.0,8.519152276295133,6.529395886195541,0.0,0.0,-0.010799553224587866,8.519152276295133,-0.004993826819245582,7.938190396891479,-79.15488929889298,1.581143236220908,0.0,0.8758525149190111,0.0,0.15895588235294117,5.466717054472817,-0.003985294117647059,-246.56293103448274,0.619807567767601,-1.140618101545254,-1.4412169601568439,-0.6641447523608885,1.5424345074568286,-0.20001194101140365,-1.1495584988962473,-1.5876577840112203,-1.3175850586636972,0.2427062200171444,0.307546955391794,Medical Devices,Healthcare,CUTR
2007Q4,2007,Q4,2008-03-13,2007-12-31,3624000.0,26453000.0,2852000.0,0.28445839874411305,16749000.0,0.6331607001096284,138653000.0,109353000.0,127802000.0,20908000.0,29300000.0,7533000.0,34279000.0,200018000.0,188964000.0,8.583437990580848,6.112588482877367,0.0,0.0,0.024530590302218075,8.583437990580848,0.03314038023648185,7.5612595924847845,13.798151214128033,1.8291039111867071,0.0,1.288198592858091,0.0,0.1907856303145262,5.284245264970346,0.026137191405883754,40.695422177009156,0.6331607001096284,0.29299272156415024,-0.559448905916157,-0.6422346028940936,1.3379650145772595,-0.09640699179974105,0.17205692108667528,-0.08236808236808237,0.5243946943325827,0.43125661078497735,0.390909162520646,Medical Devices,Healthcare,CUTR
2007Q3,2007,Q3,2007-11-05,2007-09-30,3092000.0,28143000.0,3108000.0,0.22,18536000.0,0.6586362505774083,129293000.0,101861000.0,126371000.0,20713000.0,27432000.0,6524000.0,30655000.0,352223040.0,340847040.0,7.819821894672194,6.101047651233525,0.0,0.0,0.022441395132306145,7.819821894672194,0.03035509174266893,12.515475962050955,28.478576972833118,3.4578792668440324,0.0,1.4725628448804415,0.0,0.21766839658759563,5.361270699560662,0.023914674421662424,71.09871618893823,0.6586362505774083,0.5714285714285713,-0.5358599118990824,-0.5796529390199194,0.0,0.16118524086951075,0.52015732546706,0.5938461538461538,1.9039428379448458,0.8247873602252619,0.29687708265095103,Medical Devices,Healthcare,CUTR
2007Q2,2007,Q2,2007-08-06,2007-06-30,2034000.0,23873000.0,1950000.0,0.14,15963000.0,0.6686633435261593,143046000.0,117453000.0,139890000.0,19285000.0,25593000.0,6717000.0,27564000.0,339025100.0,328614100.0,8.62990448199853,7.253824215711693,0.0,0.0,0.011042920988163434,8.62990448199853,0.01731756532400194,14.201193817283123,41.66975172074729,2.8864745898359345,0.0,1.1776090516599673,0.0,0.16689037092963102,6.464557946590615,0.014219202214672204,63.979071522928855,0.6686633435261593,0.16666666666666682,-0.5546636783152463,-0.5971728434713559,0.0,0.031468079607133624,0.15897435897435896,0.18325242718446602,1.6018275603561134,0.47148041969332044,0.4037988872333344,Medical Devices,Healthcare,CUTR
2007Q1,2007,Q1,2007-05-07,2007-03-31,1755000.0,23257000.0,1648000.0,0.12,15476000.0,0.665434062862794,138588000.0,115612000.0,135617000.0,17288000.0,22976000.0,6515000.0,25530000.0,478287039.99999994,461411039.99999994,8.747881355932204,7.844574271170754,0.0,0.0,0.009440294439631845,8.747881355932204,0.015180085112272082,20.565293890011606,68.13205698005699,4.137001695325744,0.0,1.1943207981580968,0.0,0.16781395214592895,6.929893567792688,0.012663434063555285,681.3205698005697,0.665434062862794,-0.7771018973998595,0.37720766272610734,-0.6516949936644545,1.6106958421610171,-0.3007410084944876,-0.7533380182712579,-0.8117647058823529,0.37720766272610734,-0.6516949936644545,1.6106958421610171,Medical Devices,Healthcare,CUTR
