Quarters,Year,Quarter,FillingDate,Date,NetIncome,Revenue,OperatingIncome,EPSDiluted,GrossProfit,GrossProfitRatio,TotalAssets,CommonStockEquity,CurrentAssets,CurrentLiability,TotalLiability,Inventory,RetainedEarnings,MarketCap,EnterpriseValue,bookValuePerShare,currentRatio,debtToAssets,debtToEquity,roic,shareholdersEquityPerShare,roe,priceToSalesRatio,peRatio,pbRatio,payoutRatio,inventoryTurnover,dividendYield,assetTurnover,quickRatio,returnOnAssets,priceToFreeCashFlowsRatio,grossProfitMargin,epsdilutedGrowth,fiveYNetIncomeGrowthPerShare,fiveYRevenueGrowthPerShare,fiveYShareholdersEquityGrowthPerShare,grossProfitGrowth,netIncomeGrowth,operatingIncomeGrowth,threeYNetIncomeGrowthPerShare,threeYRevenueGrowthPerShare,threeYShareholdersEquityGrowthPerShare,Industry,Sector,Symbol
2023Q1,2023,Q1,2023-04-27,2023-03-31,111473000.0,2890432000.0,154910000.0,2.32,436062000.0,0.1508639539,5640910000.0,2065623000.0,3562420000.0,2661391000.0,3574585000.0,100405000.0,3318560000.0,7767870411.21,7989745411.21,43.235742332329245,1.3385556650638708,0.11380256022521189,0.31077791058678184,0.037636165428158105,43.235742332329245,0.05396580111666069,2.687442711404385,17.420968331367238,3.760546048920834,0.06415006324401425,24.44469896917484,0.0009205869332835703,0.5124052679443565,1.274589490984226,0.019761527838593418,-72.1003036209473,0.15086395390031662,-0.1178707224334601,1.4750447236643913,0.8699919433675314,0.5020139630622468,-0.04120052770448549,-0.1173950910530483,-0.12570125633529367,0.7270693165914464,0.4733358617155036,0.19465792687692468,Engineering & Construction,Industrials,EME
2022Q4,2022,Q4,2023-02-23,2022-12-31,126300000.0,2949822000.0,177182000.0,2.63,454800000.0,0.1541787945,5524607000.0,1973589000.0,3461973000.0,2753522000.0,3550316000.0,85641000.0,3214281000.0,7066399044.690001,7145134044.690001,41.365943947031006,1.257289028378927,0.09687096294813369,0.27116790780653927,0.045985227102052176,41.365943947031006,0.06399508712300281,2.395534050763063,13.987329858847982,3.5804815717406213,0.05661124307205067,29.13349914176621,0.001011830771908193,0.5339424143654019,1.1973704949515567,0.022861354662874662,28.378314845325637,0.1541787945170929,0.21759259259259248,1.9309853249005073,0.8095059495439629,0.4562017846003782,0.10059506668183171,0.19407782778050903,0.1804735698961984,0.7134787806348428,0.44706243485056396,0.13138187475022073,Engineering & Construction,Industrials,EME
2022Q3,2022,Q3,2022-10-27,2022-09-30,105772000.0,2826361000.0,150094000.0,2.16,413231000.0,0.1462060225,5438729000.0,1841720000.0,3379262000.0,2638796000.0,3596307000.0,101874000.0,3095166000.0,5643209661.6,5952324661.6,37.6880956678294,1.280607519489949,0.1310841191020917,0.38710064504919317,0.03783177425861394,37.6880956678294,0.05743109701800491,1.9966344220005867,13.338146346859281,3.064097507547293,0.06067768407518058,23.68739815850953,0.0011372960398179368,0.5196730706751522,1.2178777745608225,0.019447926160689383,22.91798347757224,0.14620602251446294,0.08542713567839204,0.9789982034150515,0.8105640241139336,0.37656712670972464,0.07890957891218982,0.05074306604148454,0.09045072796489495,0.4869075127304069,0.42124122236392564,0.07267273572742464,Engineering & Construction,Industrials,EME
2022Q2,2022,Q2,2022-07-28,2022-06-30,100664000.0,2707388000.0,137644000.0,1.99,383008000.0,0.1414677172,5146444000.0,1952089000.0,3125540000.0,2402935000.0,3193653000.0,93464000.0,2995844000.0,5200203191.04,5488607191.04,38.64985194930511,1.3007176640233715,0.10702030372816648,0.2821459472390859,0.036214416246685484,38.64985194930511,0.051567320957189966,1.9207454531969559,12.914754010967178,2.6639170606668037,0.06644878010013511,24.869254472310196,0.0012862958915769314,0.5260696511999353,1.234626820950213,0.019559913602479693,85.64657659370522,0.14146771722412893,0.4316546762589929,1.0903336526186158,0.6830426052766773,0.45794188100479166,0.08637801194139921,0.3717057749434497,0.3770321238132397,0.33347246108558964,0.2957493320834255,0.14636148308427865,Engineering & Construction,Industrials,EME
2022Q1,2022,Q1,2022-04-28,2022-03-31,73386000.0,2592549000.0,99957000.0,1.39,352555000.0,0.1359877865,5231154000.0,2135096000.0,3216405000.0,2296570000.0,3095356000.0,71463000.0,2901909000.0,5937065753.15,5968483753.15,40.50416021625024,1.4005255663881353,0.10436148505664333,0.25569388917406993,0.024776121252517894,40.50416021625024,0.03437128822310566,2.2900495817629674,20.225471319972474,2.7807020167477243,0.09443218052489576,31.344807802639128,0.0011672432626037843,0.495597912047705,1.34116573847085,0.01402864454000016,-55.323726908167544,0.1359877865374965,-0.2645502645502646,0.5807257906541844,0.5539125218143263,0.578862741147531,-0.12526486073411705,-0.2781799582956289,-0.30108308802450057,0.07991259667736837,0.2796847273051139,0.2564031412713628,Engineering & Construction,Industrials,EME
2021Q4,2021,Q4,2022-02-24,2021-12-31,101668000.0,2640193000.0,143017000.0,1.89,403042000.0,0.1526562641,5441446000.0,2252387000.0,3390994000.0,2361731000.0,3188357000.0,54098000.0,2835504000.0,6805142207.28,6524132207.28,42.1639359164378,1.4358087352031201,0.09929989197724282,0.23989438759857876,0.03307787331397174,42.1639359164378,0.04513789149022792,2.577516949435136,16.733736788566706,3.0213023815534363,0.06825156391391589,41.35367296388036,0.0010196700948551527,0.48520062498093336,1.3786527762899332,0.01868400421505607,34.96307096908106,0.15265626414432582,0.02162162162162152,1.8297843186612568,0.5329090059291339,0.6590187389211352,0.056901529594092455,0.019330258672548627,0.040721578215847654,0.3959409715602509,0.26784093186612157,0.38534175421027755,Engineering & Construction,Industrials,EME
2021Q3,2021,Q3,2021-10-28,2021-09-30,99740000.0,2521672000.0,137421000.0,1.85,381343000.0,0.1512262499,5296678000.0,2141348000.0,3226567000.0,2250123000.0,3154628000.0,64489000.0,2740817000.0,6195975574.139999,6094249574.139999,39.875678863419836,1.43395138843521,0.10613803595385636,0.2625350947160387,0.03344941045574754,39.875678863419836,0.04657813676245057,2.4570902060775546,15.530317761529979,2.893493058643434,0.07006216162021255,33.18905549783684,0.001127828848965392,0.4760855766576711,1.3737577901296951,0.018830670846896866,55.47326666971072,0.15122624988499694,0.03932584269662925,1.1946432055265201,0.48673357242612525,0.5341999571230328,0.013458098910648747,0.024550590652285566,0.030466863630228408,0.36207680761519656,0.3352586107801095,0.3052834676119998,Engineering & Construction,Industrials,EME
2021Q2,2021,Q2,2021-07-29,2021-06-30,97350000.0,2437666000.0,133358000.0,1.78,376279000.0,0.1543603595,5133170000.0,2090475000.0,3113354000.0,2143110000.0,3041993000.0,64713000.0,2648109000.0,6689397596.54,6563936596.54,38.497579420783964,1.4527271115341722,0.1058696672816213,0.25996340544613067,0.03365466674874792,38.497579420783964,0.046568363649409826,2.744181358947452,17.178730345505905,3.1999414470586824,0.07308680020544428,31.85429511844606,0.0010636234275684462,0.4748851099807721,1.3881676628824466,0.018964889142576616,91.02831244356145,0.15436035945859686,0.15584415584415584,0.9685015209862732,0.41189253459772,0.5248469669903986,0.10322130453011526,0.14834737065609738,0.1397729992137021,0.47674949130139127,0.3402235506117259,0.29487330470998635,Engineering & Construction,Industrials,EME
2021Q1,2021,Q1,2021-04-29,2021-03-31,84774000.0,2304049000.0,117004000.0,1.54,341073000.0,0.148032008,5061189000.0,2119968000.0,3105631000.0,2093407000.0,2940517000.0,48212000.0,2557919000.0,6157196823.679999,5931038823.679999,38.61751015746928,1.4835294808892872,0.10524700816349676,0.2512655851409078,0.02931585266083165,38.61751015746928,0.03998833944663316,2.672337621153022,18.15768049071649,2.9043819641051183,0.0839998112628872,40.71550651290135,0.0011565327865780258,0.4552386800809059,1.427685586223797,0.016749819064255454,-63.35020859197678,0.14803200799982985,0.062068965517241434,1.7381501529645143,0.46487236086164657,0.5873231729158584,-0.11144428437075844,0.06258382321605395,-0.1498161631134557,0.6380952160273766,0.2972742400385069,0.34157612073298127,Engineering & Construction,Industrials,EME
2020Q4,2020,Q4,2021-02-25,2020-12-31,79781000.0,2281494000.0,137622000.0,1.45,383851000.0,0.1682454567,5063840000.0,2052668000.0,3120936000.0,2163232000.0,3010596000.0,53338000.0,2480321000.0,5019554730.44,4652210730.44,37.40112925585005,1.4427190426177128,0.10575432873076558,0.2608911913665532,0.028053117652001924,37.40112925585005,0.03886697702697173,2.200117436399131,15.729167127636906,2.4453807096130498,0.05507576992015643,35.57769320184484,0.0008753764498977452,0.45054622578912445,1.385389546752267,0.01575503965370154,20.42603341881559,0.16824545670512392,0.3063063063063062,0.7762769329746017,0.4590598909237599,0.5803971700216228,0.05690503986959778,0.30390939103716536,0.01300651429833278,0.6094946926973339,0.21664343210687875,0.316628752342235,Engineering & Construction,Industrials,EME
2020Q3,2020,Q3,2020-10-29,2020-09-30,61186000.0,2201714000.0,135855000.0,1.11,363184000.0,0.1649551213,4829985000.0,2007289000.0,2897090000.0,1978848000.0,2822120000.0,39253000.0,2404964000.0,3722649080.0999994,3577976080.0999994,36.50989799617347,1.4640285661152348,0.11069785931012208,0.26636373735919444,0.0220124218969352,36.50989799617347,0.030481908683801885,1.690795934485587,15.210379335550613,1.8545655758089639,0.07178112640146439,46.83794869181973,0.001179805000551387,0.45584282352843747,1.4195107456459515,0.012667948244145686,14.216072129976856,0.1649551213282016,1.7302631578947367,0.686462652140329,0.4829883416769147,0.5210593541465044,0.15191920986025387,1.7311116156245145,0.22579626454930976,0.01752917789128271,0.2536239612583371,0.33353316187737786,Engineering & Construction,Industrials,EME
2020Q2,2020,Q2,2020-08-03,2020-06-30,-83689000.0,2014021000.0,110830000.0,-1.52,315286000.0,0.1565455375,4590423000.0,1943622000.0,2679080000.0,1808212000.0,2646225000.0,40590000.0,2348199000.0,3633535693.32,3713570693.32,35.37908250532182,1.4816183058181231,0.1223037615487723,0.2888555490728135,0.027074308232126625,35.37908250532182,-0.04305826956064502,1.8041200629586287,-10.85428100861523,1.8694662302237781,-0.05243221928807848,41.85107169253511,0.0012076391620610828,0.4387440983107657,1.43192391157674,-0.018231217471679627,10.635568707762557,0.15654553750929112,-2.1259259259259258,-3.0423469693649694,0.39335461403988387,0.5108287058912436,-0.05336860214795488,-2.1060463886869756,0.04561535921505731,-2.5977040889580123,0.15105253155090947,0.33456257901551895,Engineering & Construction,Industrials,EME
2020Q1,2020,Q1,2020-04-30,2020-03-31,75665000.0,2299832000.0,105995000.0,1.35,333061000.0,0.1448197086,4835547000.0,2026948000.0,2685388000.0,1786382000.0,2807953000.0,35387000.0,2436305000.0,3434356721.04,3843019721.04,36.19089729338351,1.5032551828220393,0.15629152193123136,0.3728536696550676,0.025357405894059708,36.19089729338351,0.037329522020298496,1.4933076507501417,11.347243511002445,1.69434870605462,0.059472675609594926,55.578913160200074,0.0013102890484356265,0.47560948120243685,1.4542466281008206,0.015647660957488367,-37.80332776769989,0.14481970857001727,-0.12337662337662333,1.5934393328912289,0.6293872690043141,0.598442412397232,-0.08687117371767279,-0.1295269430767107,-0.13736836108533945,0.5339559108290823,0.2973890364241031,0.410730626191221,Engineering & Construction,Industrials,EME
2019Q4,2019,Q4,2020-02-27,2019-12-31,86924000.0,2403940000.0,122874000.0,1.54,364747000.0,0.1517288285,4830358000.0,2057134000.0,2659883000.0,1938610000.0,2772578000.0,40446000.0,2367481000.0,4855563696.2,5067070696.2,36.56231805566402,1.3720567829527341,0.1180709587156894,0.2772425131274871,0.03063600506407062,36.56231805566402,0.04225490415305955,2.019835643235688,13.964968524803275,2.3603536260642235,0.05167732732041783,50.41766800178015,0.0009251243070944518,0.4976732573444867,1.3243824183306596,0.01799535355350473,29.219404102878876,0.1517288285065351,0.062068965517241434,1.427116603198422,0.6622772285671481,0.7226126618974849,0.08559854994389664,0.06219908595449324,0.06155560739185652,1.2971098603323346,0.3251875037263953,0.43861263125327793,Engineering & Construction,Industrials,EME
2019Q3,2019,Q3,2019-10-29,2019-09-30,81834000.0,2287741000.0,115749000.0,1.45,335987000.0,0.1468640899,4532721000.0,1975165000.0,2558113000.0,1793374000.0,2556910000.0,38721000.0,2285083000.0,4841394260.8,4984488260.8,35.13475677394887,1.4264247167629285,0.1127726590716702,0.2587971131525721,0.03045504008187309,35.13475677394887,0.04143147534509775,2.1162335512630146,14.79028967421854,2.4511340879369574,0.054879389984602976,50.405568038015545,0.0009276253405682973,0.5047169238962645,1.37943507600757,0.018054056272159703,23.53104211912805,0.1468640899472449,-0.02684563758389264,1.1569716027892136,0.7328967465927845,0.5505832109844652,-0.030004619204342053,-0.025460867908350403,-0.03509532423578056,0.7200500065753158,0.2884398255040916,0.3517949755977553,Engineering & Construction,Industrials,EME
2019Q2,2019,Q2,2019-07-30,2019-06-30,83972000.0,2324202000.0,119959000.0,1.49,346380000.0,0.1490317967,4393578000.0,1894185000.0,2420635000.0,1704566000.0,2498747000.0,39180000.0,2207775000.0,4935576752.4,5262154752.4,33.71523949436779,1.4200887498636017,0.12289573554856657,0.28505768971879725,0.032099065891002275,33.71523949436779,0.04433146709534708,2.123557570469348,14.694114563187728,2.605646625012868,0.05343447815938646,50.48039816232772,0.0009091136102418279,0.5289998265650456,1.3725628693755478,0.019112440930831316,837.2479647837149,0.14903179671990643,0.16406249999999997,1.520017395179298,0.7867940590781948,0.47917486496389805,0.12186400823956936,0.15967407816599918,0.17250513146320007,0.6411554012302816,0.3011181136872717,0.3354237190452091,Engineering & Construction,Industrials,EME
2019Q1,2019,Q1,2019-04-30,2019-03-31,72410000.0,2158728000.0,102310000.0,1.28,308754000.0,0.143025893,4278324000.0,1810766000.0,2313861000.0,1673183000.0,2466702000.0,39443000.0,2128326000.0,4207571547.96,4494512547.96,32.23818763718133,1.382909699656284,0.1259773687079333,0.29764861942404486,0.02863686098452806,32.23818763718133,0.03998860150897465,1.9490975926378868,14.526900800856236,2.323641789143379,0.06186990747134374,46.90246685089877,0.0010647471941795225,0.5045732861746797,1.331519624571849,0.016924851881250695,-59.64125911379487,0.14302589302589303,-0.058823529411764754,1.099242105908418,0.6145393586165817,0.4311714735397855,-0.08150206306094583,-0.07128565565360148,-0.09975626281380062,1.2858433012499286,0.34140315018621387,0.32510931131094317,Engineering & Construction,Industrials,EME
2018Q4,2018,Q4,2019-02-21,2018-12-31,77968000.0,2229308000.0,113647000.0,1.36,336151000.0,0.1507871501,4088807000.0,1740545000.0,2386207000.0,1734398000.0,2347366000.0,42321000.0,2060440000.0,3413521278.1,3345391278.1,30.435764884942493,1.3758128180498364,0.07233821503436087,0.16993355529446236,0.03968102744852533,30.435764884942493,0.04479516473288539,1.531202183861539,10.945263691835112,1.9611795604824924,0.059049866611943364,44.7332766238983,0.0013487538599913555,0.5452221149102905,1.323669653678106,0.01906864276059007,17.936259434933845,0.15078715009321278,0.007407407407407414,0.9943928753704581,0.5747076418792141,0.3943713311780268,0.08667513633909724,-0.017701233416904993,0.016738834812482107,0.6659446028641031,0.3682228022886918,0.286073379297311,Engineering & Construction,Industrials,EME
2018Q3,2018,Q3,2018-10-25,2018-09-30,79373000.0,2047049000.0,111776000.0,1.35,309339000.0,0.1511146045,3995893000.0,1778228000.0,2324192000.0,1589568000.0,2216767000.0,41932000.0,1987113000.0,4335929041.469999,4281355041.4699993,30.54943991313389,1.4621532391190561,0.07491141529565482,0.1683349941627283,0.03922393583663299,30.54943991313389,0.04463600843086488,2.118136420510696,13.65681353064014,2.438342575569612,0.05864714701472793,41.44114280263283,0.0010735876799362535,0.5122882419524246,1.4079542366227806,0.019863644997501186,50.54590755018535,0.1511146044867514,0.11570247933884308,2.431995596515324,0.45014621240519176,0.4429554901671949,0.0635907909394727,0.12083427474017171,0.1216183671831099,1.0663912487525662,0.30232735973909286,0.2727373642259709,Engineering & Construction,Industrials,EME
2018Q2,2018,Q2,2018-07-26,2018-06-30,70816000.0,1953886000.0,99656000.0,1.21,290844000.0,0.1488541297,3869401000.0,1734283000.0,2190223000.0,1504930000.0,2134268000.0,43665000.0,1912430000.0,4443802912.120001,4440295912.120001,29.730769242637443,1.4553653658309689,0.07833693122010357,0.1747794333450769,0.03561120413717104,29.730769242637443,0.04083301283585205,2.2743409349982553,15.687849187048126,2.562328588886589,0.06604439674649797,38.08638497652582,0.0010524769195420388,0.5049582609814801,1.3941160053955999,0.018301540729430733,259.704453983987,0.1488541296677493,0.2872340425531915,2.876161771266727,0.4436394434694242,0.42852997134675647,0.08072637011879503,0.2788673384620941,0.26561765789106057,0.6275860477686603,0.27305833853475464,0.26962307779599465,Engineering & Construction,Industrials,EME
2018Q1,2018,Q1,2018-04-26,2018-03-31,55374000.0,1900388000.0,78741000.0,0.94,269119000.0,0.1416126602,3841999000.0,1690816000.0,2169777000.0,1512297000.0,2150333000.0,43727000.0,1846328000.0,4577539231.950001,4532054231.950001,28.785180028674247,1.4347558713665371,0.07989538779161577,0.18154429577198228,0.02875442168704112,28.785180028674247,0.03274986751958817,2.4087392847934215,20.666464549924154,2.707295904433126,0.08494961534294072,37.3057607427905,0.001027626364656219,0.49463521463696375,1.3782061327900539,0.014412809581678704,-69.69987410658547,0.1416126601515059,0.04444444444444436,1.0971803239384104,0.3843540329266786,0.39894563701862096,-0.134946528619323,0.04084509689667488,-0.26616029822926374,0.8096842668953635,0.2837674004753278,0.27135429202896805,Engineering & Construction,Industrials,EME
2017Q4,2017,Q4,2018-02-22,2017-12-31,53201000.0,2012639000.0,107300000.0,0.9,311101000.0,0.1545736717,3965904000.0,1673267000.0,2284509000.0,1650952000.0,2291787000.0,42724000.0,1796556000.0,4815391781.25,4658111781.25,28.406738945442893,1.3837525258154084,0.07820411184940432,0.18535595335352936,0.0633311317685567,28.406738945442893,0.03179468668180273,2.392576006551597,22.628295432651644,2.8778382536977065,0.08843818725211933,39.82628031083232,0.0009770752233120804,0.507485556886904,1.3313367075481297,0.01341459601644417,40.37082622464977,0.15457367168180683,-0.17431192660550462,0.29548367625859867,0.4110962109714516,0.40481162446751096,0.054329481140068456,-0.1764168614641547,0.00789975483519477,0.4189128694624854,0.3293235838065333,0.3383672259548049,Engineering & Construction,Industrials,EME
2017Q3,2017,Q3,2017-10-26,2017-09-30,64597000.0,1886691000.0,106459000.0,1.09,295070000.0,0.1563955094,3966321000.0,1617012000.0,2231972000.0,1552279000.0,2348456000.0,43653000.0,1748100000.0,4097705463.8399997,4031079463.8399997,27.37832026972169,1.4378678059807548,0.10434606780439606,0.2559473893823917,0.032849485194192486,27.37832026972169,0.039948373914355614,2.171900678934706,15.858729754632568,2.5341218641791157,0.07330061767574346,36.46074725677502,0.0011555247300675403,0.47567783848054657,1.3875836753573294,0.01628637722463714,32.278105268530915,0.1563955093865397,0.1473684210526317,0.8394446622501142,0.32388706960467384,0.3826696977601325,0.07493233175835425,0.13811268896014658,0.14692795811292703,0.6206266763652969,0.36027462026000023,0.20827259537663828,Engineering & Construction,Industrials,EME
2017Q2,2017,Q2,2017-07-27,2017-06-30,56758000.0,1895937000.0,92821000.0,0.95,274501000.0,0.1447838193,3847574000.0,1578076000.0,2099836000.0,1468857000.0,2268645000.0,42451000.0,1688278000.0,3891931682.9399996,3923719682.9399996,26.50987152016527,1.429571428668686,0.10842780411760762,0.2643624261442415,0.02942007194401134,26.50987152016527,0.035966582091103344,2.0527747931181257,17.142656907132032,2.4662511076399363,0.08347721907043941,38.19547242703352,0.0012173903310709897,0.49276167267997967,1.3743039656004634,0.014751633106991574,38.546953260899706,0.14478381929357356,0.0919540229885057,0.9027518332640266,0.337033958701122,0.38478851695445093,0.030641285574829164,0.07822948328267477,0.12137869379273684,0.6075777155090082,0.37562602477350787,0.16305671305112113,Engineering & Construction,Industrials,EME
2017Q1,2017,Q1,2017-04-27,2017-03-31,52640000.0,1891732000.0,82774000.0,0.87,266340000.0,0.1407916132,3805162000.0,1533318000.0,2041792000.0,1472860000.0,2271021000.0,42672000.0,1644070000.0,3762467111.2000003,3880407111.2000003,25.654009788597246,1.3862770392297978,0.11055876201854219,0.27436839585787165,0.02813862942488577,25.654009788597246,0.0343307780903896,1.9889007064425617,17.868859760638298,2.4538074366830624,0.09105243161094224,38.090363704536934,0.0012738981785999776,0.49714887303089855,1.3281146884293145,0.013833839400267322,-238.9626618736107,0.14079161318833747,0.3181818181818181,1.16363315142757,0.3718725752198273,0.36172761351206406,-0.02069721181458181,0.29412921624545185,0.11120955832997718,0.4341500638816226,0.3296124008591443,0.13887565282999614,Engineering & Construction,Industrials,EME
2016Q4,2016,Q4,2017-02-23,2016-12-31,40676000.0,1949964000.0,74490000.0,0.66,271969000.0,0.139473857,3894170000.0,1537089000.0,2210847000.0,1511774000.0,2356228000.0,37426000.0,1596269000.0,4279538972.6000004,4238247972.6000004,25.414984729983903,1.4624189859066237,0.10870763217835894,0.27540760489470684,0.02272136309108926,25.414984729983903,0.02646300897345567,2.1946758876574135,26.302604561657983,2.7841842421616447,0.11938243681777952,44.83500774862395,0.001134701665551085,0.5007393103023238,1.3829745715960189,0.01044535806089616,34.15570431860809,0.13947385695325656,-0.21428571428571422,0.22820431295784177,0.4221642674037664,0.37819184633858144,0.014643118294011432,-0.21064990006015796,-0.1344813162297825,-0.016160097517754053,0.3024118172537779,0.1643514208952609,Engineering & Construction,Industrials,EME
2016Q3,2016,Q3,2016-10-27,2016-09-30,51531000.0,1923174000.0,86064000.0,0.84,268044000.0,0.1393758443,3894953000.0,1582590000.0,2247116000.0,1446836000.0,2311061000.0,43913000.0,1560489000.0,3630231036.08,3648950036.08,25.99118757518129,1.553124196522619,0.13434744912197913,0.3306459664221308,0.025664794753543708,25.99118757518129,0.0325611813546149,1.8876248514590983,17.61187943218645,2.293854400748141,0.09438978478973821,37.69111652585794,0.001339859626469463,0.49376051521032477,1.4809397886146045,0.013230198156434751,51.286764280688864,0.13937584430737937,-0.06666666666666672,0.39029397909436825,0.426759239102666,0.4042960490106509,-0.024375684735805724,-0.06950162513542796,-0.06745115885966908,1.1300235018063012,0.30239893207255086,0.22765349918737313,Engineering & Construction,Industrials,EME
2016Q2,2016,Q2,2016-07-28,2016-06-30,55380000.0,1933416000.0,92289000.0,0.9,274741000.0,0.1421013377,3800366000.0,1535223000.0,2141908000.0,1392661000.0,2263867000.0,41946000.0,1513863000.0,2995426808.52,3079602808.52,25.24684788321212,1.537996684045866,0.13872216518093258,0.34339962337719016,0.028267984379270642,25.24684788321212,0.036072935332521726,1.549292448453928,13.522150634344529,1.9511346615573113,0.08766702780787287,39.54310303723835,0.0016208040824735725,0.5087446840646401,1.4585372894049593,0.014572280669809172,39.932634892017276,0.1421013377359037,0.607142857142857,1.1132427517114134,0.5182543662929363,0.3901923601355665,0.23142603582121662,0.6123209502736695,0.659426413737301,1.907856490276979,0.3703589567324936,0.2130826010205679,Engineering & Construction,Industrials,EME
2016Q1,2016,Q1,2016-04-28,2016-03-31,34348000.0,1744970000.0,55615000.0,0.56,223108000.0,0.1278577855,3449659000.0,1481699000.0,1980927000.0,1319752000.0,1965209000.0,37003000.0,1463380000.0,2959902081.0,2878943081.0,24.328700554739736,1.5009842758336416,0.09027124130240119,0.21016751715429383,0.01999920638917789,24.328700554739736,0.023181496376794477,1.6962481194519103,21.543482014964482,1.9976406010937444,0.14204611622219634,41.12807069697052,0.001648365339961393,0.5058384031581092,1.4240645212130765,0.009956926177341006,-64.09905539554323,0.12785778552066798,-0.30864197530864196,0.5320189856084497,0.4587119252113187,0.3741400176174125,-0.1168271838049885,-0.3273802530059139,-0.3385702222803658,0.25463574452659893,0.22596812800321242,0.18236291944265384,Engineering & Construction,Industrials,EME
2015Q4,2015,Q4,2016-02-25,2015-12-31,51066000.0,1777826000.0,84083000.0,0.81,252621000.0,0.1420954582,3546470000.0,1476711000.0,2067419000.0,1413728000.0,2066414000.0,37545000.0,1432980000.0,2997643876.6,2829725876.6,23.66565187872257,1.4623880972860408,0.08992406533820954,0.21596168783194544,0.028781352950232687,23.66565187872257,0.03458090310155474,1.6861289443398848,14.675341110523636,2.0299461957011222,0.09824540790349744,40.623385271008125,0.0016736477735608817,0.5012945266701819,1.3895367425699994,0.014399106717383765,18.914130979828,0.14209545816069738,0.2272727272727273,0.35932790498184236,0.39500001945030316,0.3629483588005877,0.07314721200329649,0.22985405327296374,0.20176943086642082,0.1738451717224768,0.1766487090960867,0.17034844878469446,Engineering & Construction,Industrials,EME
2015Q3,2015,Q3,2015-10-29,2015-09-30,41522000.0,1699128000.0,69966000.0,0.66,235402000.0,0.138542829,3483429000.0,1510312000.0,2015146000.0,1309230000.0,1969260000.0,47843000.0,1386977000.0,2784296553.0,2660648553.0,24.002941040167283,1.5391841005782025,0.0923664584522894,0.2130367765071058,0.023723103568801262,24.002941040167283,0.027492332710062555,1.6386620389988276,16.76398386999663,1.8435240884002775,0.1209960984538317,30.59436072152666,0.0018044054950205586,0.48777454628758043,1.4573841112715107,0.0119198640190456,29.439156600900844,0.13854282902759532,-0.10810810810810806,1.25100948384525,0.4038074932313602,0.43800440783145683,-0.017221440589161138,-0.11370573544792845,-0.09957144511794912,0.10983104937453748,0.11912987163460616,0.21220509170775892,Engineering & Construction,Industrials,EME
2015Q2,2015,Q2,2015-07-30,2015-06-30,46849000.0,1652585000.0,77703000.0,0.74,239527000.0,0.1449408049,3417786000.0,1470815000.0,1937734000.0,1273965000.0,1943499000.0,65123000.0,1350524000.0,3000419321.23,2965907321.23,23.41700443429923,1.5210260878438575,0.09548198746205877,0.22187494688319062,0.026824069478188776,23.41700443429923,0.031852408358631096,1.8155915255372643,16.011117212907426,2.039970574973739,0.10704604153770625,21.6982939975124,0.0016714330442133458,0.4835250071244952,1.417529523966514,0.013707411757201884,1035.3413806866804,0.14494080486026437,0.423076923076923,0.8224553469178092,0.3677761591954119,0.21447272136440607,0.10417233288310922,0.42619257816067463,0.40435568407735406,0.48850045064748876,0.10452594581813177,0.2232273105292994,Engineering & Construction,Industrials,EME
2015Q1,2015,Q1,2015-04-30,2015-03-31,32849000.0,1589187000.0,55330000.0,0.52,216929000.0,0.1365031302,3315582000.0,1427739000.0,1827293000.0,1212878000.0,1882108000.0,46346000.0,1308742000.0,2930347594.17,2891435594.17,22.64135198909477,1.5065760942155766,0.09952460834930338,0.2311220748330052,0.01953140725052815,22.64135198909477,0.02300770659063036,1.8439287473217438,22.30164992975433,2.0524392722829594,0.1533988858108314,29.60898459413973,0.0017195912218827612,0.47930861007207787,1.4169718636169508,0.009907461193841685,-118.3644057910894,0.13650313021689706,-0.1875,0.583432904828012,0.37869743930728045,0.20723776477725395,-0.12730264348903542,-0.2264635237601846,-0.25729549786571454,0.2797360707096495,0.09234463305260562,0.20181423741798976,Engineering & Construction,Industrials,EME
2014Q4,2014,Q4,2015-02-26,2014-12-31,42466000.0,1714796000.0,74498000.0,0.64,248573000.0,0.1449577676,3388967000.0,1416013000.0,1886603000.0,1283417000.0,1959580000.0,46854000.0,1280991000.0,2968134378.09,2871518378.09,21.22492122831029,1.469984424392072,0.09898001367378319,0.23689048052524941,0.026051502973277872,21.22492122831029,0.02998983766391975,1.7308964903638684,17.473592863055153,2.0961208534738027,0.12207412989214901,31.293443462671277,0.0017465516515245893,0.5059937143088145,1.3786976485429132,0.012530661998184107,23.334022877706328,0.1449577675711863,-0.044776119402985114,0.07051254199007628,0.24667324051691059,0.14826658133142795,0.11854438439627592,-0.05681414356787491,0.012242346834789461,0.1624164385346219,0.133766548095106,0.15097505219136273,Engineering & Construction,Industrials,EME
2014Q3,2014,Q3,2014-10-28,2014-09-30,45024000.0,1566711000.0,73597000.0,0.67,222229000.0,0.141844284,3434667000.0,1511691000.0,1926670000.0,1247130000.0,1908944000.0,67173000.0,1243762000.0,2665917054.36,2568831054.36,22.659059201112992,1.5448830514862124,0.09909548727722367,0.22515183327809718,0.02637925354909625,22.659059201112992,0.029783864559622304,1.7016010319452664,14.802755499067164,1.7635330595736827,0.11918088130774698,20.0152144462805,0.0020128158118138456,0.45614640371249965,1.4376520491047444,0.013108694379979195,45.6813354300108,0.14184428398090013,0.1355932203389832,0.11220335974456531,0.12794420670846077,0.2660195688598239,0.011810503790379493,0.128053516398166,0.08652710523207748,0.1086725317990119,0.060821095475097155,0.2242621549469336,Engineering & Construction,Industrials,EME
2014Q2,2014,Q2,2014-07-29,2014-06-30,39913000.0,1558055000.0,67736000.0,0.59,219635000.0,0.1409674241,3404895000.0,1533862000.0,1887833000.0,1184539000.0,1857404000.0,58251000.0,1204155000.0,2996623995.94,2904772995.94,22.793275016331943,1.5937280241511678,0.10140342066348595,0.22509717301817242,0.022489617299109994,22.793275016331943,0.026021245718324072,1.923310791942518,18.769724124595996,1.9536464140450707,0.13504372009119836,22.976772930936807,0.0017986907958097793,0.4575926717270283,1.4782560979418997,0.011722241067639383,54.04191155888188,0.1409674241281598,-0.03278688524590167,-0.1287727359147463,0.0714153367115482,0.3254387014995018,0.020556570063797856,-0.03267007585855893,-0.023611151151728314,0.37624437145409917,0.10557131479810869,0.2550888307622683,Engineering & Construction,Industrials,EME
2014Q1,2014,Q1,2014-04-29,2014-03-31,41261000.0,1599385000.0,69374000.0,0.61,215211000.0,0.134558596,3407516000.0,1513472000.0,1881180000.0,1202414000.0,1881002000.0,50332000.0,1169781000.0,3143753517.83,3086951517.83,22.525733801446634,1.564502741984042,0.10267479301637909,0.23116780488836267,0.023126795055502893,22.525733801446634,0.027262479913734778,1.965601476711361,19.047972163968396,2.0771798340702703,0.1297351009427789,27.500874195342924,0.0017027416334137256,0.4693697696503846,1.4663410439332876,0.01210882061889071,-97.06238284077928,0.13455859596032224,-0.10294117647058831,0.10002412727466983,0.12415090800205135,0.3732627469417277,-0.0805895546299263,-0.10147862633653448,0.008255094032497166,0.668199835447452,0.21193748622472497,0.2723043786543147,Engineering & Construction,Industrials,EME
2013Q4,2013,Q4,2014-02-25,2013-12-31,45921000.0,1662937000.0,68806000.0,0.68,234075000.0,0.1407599927,3465915000.0,1466265000.0,1930105000.0,1298743000.0,1986289000.0,52123000.0,1133873000.0,2850900549.12,2765750549.12,21.827589397746014,1.4861331302651872,0.10232882225905714,0.241881924481591,0.026377558706190598,21.827589397746014,0.031318349684402204,1.7143767617895325,15.520679804011236,1.944328309766652,0.08771585984625771,27.413272451700784,0.0014128868863010114,0.47979739837820606,1.3850053474782924,0.01324931511592177,40.42053209397286,0.1407599927116902,0.7435897435897436,-0.2583688479677496,-0.036541687867115334,0.36831103356636297,0.13457903155445688,0.7205320344698389,0.27131295960977053,0.13546584265972472,0.21207949021401623,0.25709096452055485,Engineering & Construction,Industrials,EME
2013Q3,2013,Q3,2013-10-24,2013-09-30,26690000.0,1629067000.0,54122000.0,0.39,206310000.0,0.1266430417,3506759000.0,1422188000.0,1968486000.0,1292016000.0,2071558000.0,42724000.0,1092018000.0,2628551802.2400002,2589591802.2400002,21.17143607083413,1.5235771074042426,0.11551321319771334,0.2848266192655261,0.01645583174194409,21.17143607083413,0.018766857827516473,1.6135320414936896,24.621129657549645,1.8482449593443344,0.15080554514799552,33.301118809100274,0.00153126143322341,0.4645506007113691,1.4245295723891964,0.007611016325900924,23.665296404494384,0.12664304169196233,0.2580645161290323,-0.4656818169238355,-0.07801748058478508,0.36955649366062776,0.13647505990580328,0.2701056438564766,0.499265907642871,1.151131837493722,0.2607121203383329,0.26837033591151965,Engineering & Construction,Industrials,EME
2013Q2,2013,Q2,2013-07-25,2013-06-30,21014000.0,1556753000.0,36099000.0,0.31,181535000.0,0.1166113057,3105336000.0,1396400000.0,2058697000.0,1251625000.0,1697876000.0,44994000.0,1069353000.0,2755610008.29,2380406008.29,20.812142439411723,1.644819334864676,0.049972370139656386,0.11112933256946433,0.01443759363435788,20.812142439411723,0.015048696648524778,1.7701009783119095,32.783025700604355,1.973367235956746,0.19163414866279624,30.56447526336845,0.001461382411838083,0.5013154776165929,1.5446839109158095,0.006767061599775355,78.56112465189874,0.11661130571131066,-0.29545454545454547,-0.532543853999524,-0.1165702066301557,0.4178251370178546,-0.05024118699578315,-0.30341101203301624,-0.2958353652589486,-0.23475771385169336,0.20615909504944083,0.07937713966497775,Engineering & Construction,Industrials,EME
2013Q1,2013,Q1,2013-04-25,2013-03-31,30167000.0,1568401000.0,51265000.0,0.44,191138000.0,0.1218680682,3014716000.0,1380885000.0,1962193000.0,1175912000.0,1623231000.0,39655000.0,1052406000.0,2772999000.88,2429288000.88,20.5763392564847,1.668656328024546,0.05154415872009171,0.11253000792969726,0.020599860534463683,20.5763392564847,0.021846134906237668,1.7680421020389556,22.98040077634501,2.008131742237768,0.0,34.731131004917415,0.0,0.520248341800687,1.57333882127234,0.010006581051084082,-27.157775675320988,0.12186806817899248,-0.3714285714285714,-0.0010811533897503646,-0.08322523268239643,0.4659062302241879,-0.16332310493808247,-0.3499892264598147,-0.34994864511875023,0.3663649152355058,0.27852181277622745,0.09713120591303571,Engineering & Construction,Industrials,EME
2012Q4,2012,Q4,2013-02-26,2012-12-31,46410000.0,1611881000.0,78863000.0,0.7,228449000.0,0.1417282045,3107070000.0,1346080000.0,2044453000.0,1294519000.0,1749891000.0,50512000.0,1022239000.0,2303929485.98,1854525485.98,20.221030671076893,1.5793147879637146,0.05017556733514211,0.11581703910614526,0.03172372513954992,20.221030671076893,0.03447789135861167,1.4293421697879682,12.410738450657187,1.711584367927612,0.48448610213316096,27.388184985745962,0.009759413270600066,0.5187784633110938,1.4834235727710448,0.014936901968735818,17.20775781415949,0.14172820450144893,0.18644067796610167,-0.09993921989308195,-0.10992198288105129,0.48454949407225656,0.12399137998897898,0.17253227558677142,0.1491708681840702,0.1725072655006652,0.17442887808389973,0.09395618056312015,Engineering & Construction,Industrials,EME
2012Q3,2012,Q3,2012-10-25,2012-09-30,39581000.0,1606242000.0,68626000.0,0.59,203248000.0,0.1265363501,3053461000.0,1318123000.0,1985913000.0,1278195000.0,1724617000.0,47023000.0,1000138000.0,1939800786.52,1621404786.52,19.80105611200812,1.5536854705267975,0.051084326932618426,0.11833796997700519,0.027925644337635634,19.80105611200812,0.030028305400937545,1.2076640920359447,12.252095617341654,1.4716386759960944,0.09923953411990602,29.836335410331113,0.002024950204833573,0.5260397954976337,1.3652736867222919,0.012962667608985345,44.85192227612199,0.1265363500643116,0.20408163265306117,0.007783319468437938,0.04466233156117494,0.5612187225321786,0.04786455218494154,0.18335924419995217,0.219172484854945,-0.020102930337533898,0.15894619162114823,0.10633562935668386,Engineering & Construction,Industrials,EME
2012Q2,2012,Q2,2012-07-26,2012-06-30,33448000.0,1590035000.0,56289000.0,0.49,193964000.0,0.1219872519,2960729000.0,1277820000.0,1886878000.0,1229897000.0,1672317000.0,46085000.0,960557000.0,1856960379.3,1578543379.3,19.143624600865493,1.534175626089014,0.05264075165271796,0.12196944796606721,0.024354661385279093,19.143624600865493,0.026175830711680833,1.1678739017065662,13.879457510912461,1.4532253207024464,0.1296639559913896,30.293392644027342,0.0023355371758846445,0.5370417218191871,1.3240645354854919,0.011297217678483913,179.41646176811594,0.12198725185294663,0.22499999999999992,0.2221958007151865,0.08041855368697755,0.5845300279819282,0.07344501447206035,0.23219745809541353,0.2186667821342744,-0.2639263248088578,0.10234060319132239,0.11320996718480326,Engineering & Construction,Industrials,EME
2012Q1,2012,Q1,2012-04-26,2012-03-31,27145000.0,1538521000.0,46189000.0,0.4,180693000.0,0.1174459107,2944231000.0,1256318000.0,1861627000.0,1232499000.0,1676853000.0,47124000.0,933835000.0,1848535504.1999998,1565983504.1999998,18.839310838701714,1.5104490956990635,0.05301995665421633,0.12425436871874795,0.020285018570658783,18.839310838701714,0.021606790637402312,1.2015016396916258,17.02464085651133,1.4713914026544235,0.12241665131700129,28.813937696290637,0.001797639262242957,0.5225544463053341,1.309764957212947,0.009219724946853695,-45.13577107068733,0.11744591071555084,-0.27272727272727276,1.1424054841568825,0.10452903940856065,0.6393925413356474,-0.15688909419224792,-0.25964816582571937,-0.26007625272331153,-0.27085621175595775,0.08952173453652423,0.14852301731378384,Engineering & Construction,Industrials,EME
2011Q4,2011,Q4,2012-02-27,2011-12-31,36665000.0,1517962000.0,62424000.0,0.55,214317000.0,0.1411873288,3014076000.0,1234734000.0,1936653000.0,1330913000.0,1768945000.0,44914000.0,910042000.0,1795105775.75,1438640775.75,18.440817798700127,1.455131176868811,0.05137793473024569,0.12541729635694815,0.027823258924791,18.440817798700127,0.029694654881132293,1.182576227698717,12.239913921655528,1.45384007871331,0.0,29.025359576078728,0.0,0.5036243279864211,1.3629666251663333,0.012164590408470125,22.25328542960566,0.14118732880006218,-0.08333333333333323,-0.13476764205580008,0.0437458449010945,0.6493348025795679,0.13836731875474725,-0.10042200304234751,0.10510382919963886,-0.405924313572859,-0.11766909075560937,0.15600371631298737,Engineering & Construction,Industrials,EME
2011Q3,2011,Q3,2011-10-27,2011-09-30,40758000.0,1482241000.0,56487000.0,0.6,188267000.0,0.1270151075,2899173000.0,1239255000.0,1826315000.0,1235206000.0,1649296000.0,38774000.0,873386000.0,1361227169.75,1038290169.75,18.50833917356137,1.478550946157969,0.05292164351696156,0.12380744883014391,0.024797927243261478,18.50833917356137,0.032889114831088036,0.9183575206393563,8.349447775590066,1.0984237866702171,0.0,33.37220818073967,0.0,0.5112633844203157,1.3075899890382656,0.014058491852676607,30.452509390380314,0.12701510752974718,0.42857142857142855,0.7147123604464999,0.10770218249024334,0.7157867714222309,0.046998042443386574,0.4147662188899302,0.15007329587099927,-0.181388753380035,-0.1583800435516016,0.19728373725881423,Engineering & Construction,Industrials,EME
2011Q2,2011,Q2,2011-07-29,2011-06-30,28809000.0,1399927000.0,49116000.0,0.42,179816000.0,0.1284466976,2896574000.0,1214007000.0,1809354000.0,1264855000.0,1672670000.0,38310000.0,835979000.0,1959317166.1799998,1706184166.1799998,18.160686684215513,1.4304833360345652,0.05296360458942185,0.12636912307754403,0.022508799134095307,18.160686684215513,0.02373050567253731,1.3995852399303677,17.002648184421535,1.6139257567542855,0.04512478739282863,31.848368572174365,0.0006634964580719499,0.4833044141112915,1.2509845001996276,0.009945887797100988,55.40271924727838,0.12844669757780228,0.16666666666666666,0.6262727461809671,0.09180111820652709,0.754014863450698,0.10336871816898816,0.17138326421078312,0.16009258821862157,-0.35677271957207973,-0.20262641302681259,0.23719497698738606,Engineering & Construction,Industrials,EME
2011Q1,2011,Q1,2011-04-28,2011-03-31,24594000.0,1312231000.0,42338000.0,0.36,162970000.0,0.1241930727,2750013000.0,1182826000.0,1941871000.0,1187454000.0,1556503000.0,38035000.0,807170000.0,2069065036.3899999,1588985036.3899999,17.70467364521024,1.6353231367278227,0.05523755705882118,0.12842463726701983,0.02004616347073059,17.70467364521024,0.02079257642290582,1.576753663333666,21.0322135113239,1.7492556271082984,0.0,30.21588011042461,0.0,0.47717265336563863,1.4612599730179021,0.008943230450183326,-50.60323411245353,0.12419307271356948,-0.4,2.34659797441859,0.08788786173422895,0.7944748823938821,-0.20541586827953057,-0.38478086852111265,-0.38134899760360047,-0.18194271571591827,-0.22950061224314583,0.2613220980219004,Engineering & Construction,Industrials,EME
2010Q4,2010,Q4,2011-02-25,2010-12-31,39976000.0,1356147000.0,68436000.0,0.6,205101000.0,0.1512380295,2755542000.0,1152943000.0,1980167000.0,1232699000.0,1592697000.0,32778000.0,782576000.0,1924275042.9,1573926042.9,17.363571940134733,1.6063670044349838,0.13082253872377922,0.3126668013943447,0.024534843478047057,17.363571940134733,0.03467300638453072,1.418928068196147,12.033939381754054,1.6690114280584556,0.0,35.116419549697966,0.0,0.492152542040731,1.4616406762721474,0.014507490722333392,20.495867785399316,0.15123802950565093,1.2281368821292775,0.9516402091634732,0.03395901355583877,0.76808095986553,0.18604852886750556,1.2290048349029583,0.26452328159645233,-0.2227541293655819,-0.24924076327217146,0.27476597797185687,Engineering & Construction,Industrials,EME
2010Q3,2010,Q3,2010-10-29,2010-09-30,-174564000.0,1277277000.0,54120000.0,-2.63,172928000.0,0.1353880169,2627504000.0,1108340000.0,1889470000.0,1158228000.0,1509393000.0,27789000.0,742600000.0,1632778581.95,1142025581.95,16.691841074648902,1.6313454691131626,0.05722465122793343,0.1356605373802263,0.03657074025453223,16.691841074648902,-0.1575004060125954,1.2783277096119323,-2.3383667049763983,1.4731748217604708,0.0,39.74050883443089,0.0,0.4861180040068445,1.4629813819040811,-0.06643719667030003,37.51271842002481,0.1353880168514739,-7.574999999999999,-6.338013672239665,-0.20451733980189818,0.7240637222083538,-0.019676982295818005,-7.431745329943627,-0.15771780745167616,-5.455884303070233,-0.16718437060736954,0.316071963629756,Engineering & Construction,Industrials,EME
2010Q2,2010,Q2,2010-07-29,2010-06-30,27141000.0,1275649000.0,64254000.0,0.4,176399000.0,0.1382817687,2816359000.0,1278653000.0,1859362000.0,1150297000.0,1527896000.0,31738000.0,918225000.0,1536509189.3200002,1087012189.3200002,19.281622404817185,1.616419063946094,0.05341790588486766,0.11765819186284317,0.03172115392088819,19.281622404817185,0.021226243554740808,1.2044921364105645,14.153026687668106,1.2016623660367591,0.0,34.63513768983553,0.0,0.4529426113645313,1.4348033594802039,0.009636910635327385,-278.5044751350372,0.13828176873105377,0.25000000000000006,2.2100110927610137,0.014059764892262188,1.1002401668570363,0.06833377746553938,0.24402988495210157,0.5183251021999574,-0.0017648425675972296,-0.1275251313105576,0.5959521943018388,Engineering & Construction,Industrials,EME
2010Q1,2010,Q1,2010-04-29,2010-03-31,21817000.0,1212212000.0,42319000.0,0.32,165116000.0,0.1362104978,2839014000.0,1243737000.0,1839659000.0,1157623000.0,1586582000.0,32816000.0,891084000.0,1633365666.1499999,1183337666.1499999,18.75467505216116,1.589169358245301,0.05302298614941666,0.12103282285563588,0.017040739943817655,18.75467505216116,0.017541489880899257,1.3474257523848963,18.716662077164596,1.3132725537231744,0.0,31.90809361287177,0.0,0.4269834527057633,1.420264628467126,0.007684710255039249,-19.77392395038861,0.13621049783371225,-0.45762711864406774,9.96616481222573,0.0662289858157835,1.1188006369998411,-0.21972288906111184,-0.4432024092080749,-0.24431706576668274,0.7314996851473983,-0.1248795175430918,0.632027554454088,Engineering & Construction,Industrials,EME
2009Q4,2009,Q4,2010-02-25,2009-12-31,39183000.0,1358651000.0,56001000.0,0.59,211612000.0,0.1557515506,2981894000.0,1218071000.0,1977365000.0,1334605000.0,1755428000.0,34468000.0,869267000.0,1772643987.3999999,1241019987.3999999,18.484315030486872,1.4816106638293727,0.06551238910571604,0.16037735074556408,0.027889361393357345,18.484315030486872,0.03216807558836882,1.3047088526781343,11.310032331623407,1.455287899802228,0.0,33.278374144133686,0.0,0.4556335671221043,1.3368344941012509,0.013140306127582,22.140337572442043,0.15575155061895954,0.0,2.4089579777631736,0.01692263864575884,0.9935447536862596,0.031021462154985507,-0.02008202871004852,-0.16739518287243532,-0.06048712502077951,-0.05078244627159624,0.6532251668239782,Engineering & Construction,Industrials,EME
2009Q3,2009,Q3,2009-10-29,2009-09-30,39986000.0,1371985000.0,67260000.0,0.59,205245000.0,0.1495971166,3010129000.0,1179426000.0,2014296000.0,1389611000.0,1822326000.0,39895000.0,830084000.0,1668525864.72,1216501864.72,17.89787437608071,1.4495394754359314,0.06518225630861667,0.16635804196278528,0.029940190859882837,17.89787437608071,0.03390293244340891,1.2161400195483187,10.43193783274146,1.4146931343891012,0.0,29.245268830680537,0.0,0.4557894362666849,1.317693944564342,0.013283816075656558,12.85241226232842,0.14959711658655162,-0.11940298507462696,1.3795702820764737,0.03852308908051218,0.989960808113994,-0.04485675992628581,-0.10783373123005868,-0.10152284263959391,0.7092687927142096,0.04178365889083087,0.6591945826734702,Engineering & Construction,Industrials,EME
2009Q2,2009,Q2,2009-07-30,2009-06-30,44819000.0,1422670000.0,74860000.0,0.67,214884000.0,0.1510427576,2967747000.0,1132155000.0,1965097000.0,1395768000.0,1827706000.0,45924000.0,790098000.0,1324606195.76,1000269195.76,17.196777935143544,1.407896584532673,0.06642547360000702,0.17412280120654858,0.03439823765215436,17.196777935143544,0.039587335656336806,0.9310705896377938,7.388642070104197,1.1699866146949844,0.0,26.29966901837819,0.0,0.4793771167151378,1.268470834694591,0.015102028575886018,10.927471132670066,0.15104275763177688,0.21818181818181814,26.230984813040568,0.046779550808917034,0.8869002472612589,0.11247210847022401,0.21896758050478676,0.16415775068424981,1.5689608276098939,0.12660698087300876,0.6609175977866252,Engineering & Construction,Industrials,EME
2009Q1,2009,Q1,2009-04-28,2009-03-31,36768000.0,1394636000.0,64304000.0,0.55,193159000.0,0.1385013724,2872309000.0,1080322000.0,1873950000.0,1348349000.0,1783960000.0,51043000.0,745279000.0,1130832305.46,934810305.46,16.403076433560663,1.3898107982428882,0.06930103968618975,0.18425432417371856,0.029324798274642003,16.403076433560663,0.03403429718176618,0.8108440521110886,7.688970745349217,1.0467548614764859,0.0,23.53852634053641,0.0,0.48554525296547135,1.2434414235483544,0.012800851161904934,289.36343537871034,0.138501372401114,-0.4021739130434782,4.876496574918588,0.14897960786592296,0.8761115938591816,-0.21851445771921235,-0.39011727238044686,-0.36294828611056074,4.075156127770891,0.17284260596991546,0.6625501968501323,Engineering & Construction,Industrials,EME
2008Q4,2008,Q4,2009-02-26,2008-12-31,60287000.0,1680518000.0,100940000.0,0.92,247169000.0,0.1470790554,3008404000.0,1043345000.0,2010740000.0,1513155000.0,1965059000.0,54601000.0,708511000.0,1467020781.72,1261255781.72,15.95221324851458,1.3288394116927875,0.06651500263927318,0.19179082662014962,0.048783069418887874,15.95221324851458,0.05778242096334386,0.8729574938917644,6.083487243186757,1.4060744832437977,0.0,26.251332393179613,0.0,0.558607819960351,1.187480463006103,0.020039529265351328,11.926998225365853,0.14707905538649393,0.2777777777777779,20.135591079604332,0.31947093216127276,0.8409759653703659,0.10173125440168311,0.23958054898735479,0.28360334698237494,1.98803628811164,0.30077295329836273,0.6243664961136117,Engineering & Construction,Industrials,EME
2008Q3,2008,Q3,2008-10-23,2008-09-30,48635000.0,1720349000.0,78638000.0,0.72,224346000.0,0.1304072604,3046926000.0,1011061000.0,2075563000.0,1599516000.0,2035865000.0,61570000.0,648224000.0,1721443913.28,1581155913.28,15.458607343933599,1.2976194048699732,0.06582404692467096,0.1983668641160128,0.04069254376025006,15.458607343933599,0.04810293345307553,1.000636448348562,8.848791576436723,1.702611329365884,0.0,24.297596231931134,0.0,0.5646179132673389,1.2260908924949798,0.01596198923111359,21.559011036970244,0.13040726038728187,0.10769230769230762,5.917249879692675,0.3671529338516924,0.802518320178175,-0.003840842587617834,0.10649770214314966,0.07238510841401882,0.5098565618853244,0.08773714263782245,0.5966857100033913,Engineering & Construction,Industrials,EME
2008Q2,2008,Q2,2008-07-29,2008-06-30,43954000.0,1722972000.0,73330000.0,0.65,225211000.0,0.1307107719,2967372000.0,962981000.0,2002405000.0,1561489000.0,2004391000.0,56526000.0,599589000.0,1871653162.0500002,1797580162.0500002,14.678920478999546,1.2823689440015267,0.06788430975287224,0.20918169725051688,0.03819342221976206,14.678920478999546,0.0456436835202356,1.086293429057466,10.645522375949856,1.9436034169417673,0.0,26.496851006616424,0.0,0.5806390300912727,1.2097472348508378,0.014812433358540824,24.09750433951333,0.13071077185235744,0.4772727272727273,3.8727273003574423,0.3808466387333457,0.734777063075405,0.18578912728708702,0.49870430987452263,0.47637359318689726,4.254901980010251,0.38451002844596904,0.5988933788265146,Engineering & Construction,Industrials,EME
2008Q1,2008,Q1,2008-04-24,2008-03-31,29328000.0,1661403000.0,49669000.0,0.44,189925000.0,0.1143160329,2841889000.0,914812000.0,1893627000.0,1483651000.0,1927077000.0,56909000.0,555635000.0,1447499725.93,1424771725.93,14.036599908125,1.2763291367039822,0.07117132301789408,0.22109570053737818,0.026755291974596366,14.036599908125,0.03205904601163955,0.8712514217983235,12.338888825780824,1.5822920183928502,0.0,25.856683477130154,0.0,0.584612206880705,1.2005195291884683,0.01031989637878186,85.1771052094857,0.11431603289508926,-0.4285714285714286,7.181818223664633,0.42232584595528105,0.6758429254028435,-0.20963050199959218,-0.4172859129743692,4.70830222487681,14.000000155129369,0.4869486643577024,0.5857783056187923,Engineering & Construction,Industrials,EME
2007Q4,2007,Q4,2008-02-21,2007-12-31,50330000.0,1767633000.0,-13394000.0,0.77,240299000.0,0.1359439431,2871643000.0,885041000.0,1935790000.0,1514223000.0,1986602000.0,52247000.0,526307000.0,1535389283.73,1510996283.73,13.620987883407468,1.2784048320491763,0.07913379204866343,0.25676098621419796,-0.007317464274921717,13.620987883407468,0.056867421961242476,0.8686131588004976,7.626610787452811,1.734822775136971,0.0,29.2329511742301,0.0,0.615547615076108,1.2063005250877843,0.01752655187291735,12.88726946222931,0.13594394311488867,0.3508771929824563,1.1584982003279702,0.4458931371981837,0.6538005006511306,0.42263677321192816,0.3128651919866444,-1.2439042156059363,3.4408423131590844,0.34179621407642585,0.4690319273505606,Engineering & Construction,Industrials,EME
2007Q3,2007,Q3,2007-10-25,2007-09-30,38336000.0,1500798000.0,54915000.0,0.57,168911000.0,0.1125474581,2843515000.0,824099000.0,1921677000.0,1491802000.0,2019416000.0,49801000.0,475977000.0,2046752536.5,2125539536.5,12.683076257177024,1.288158214025722,0.10615875070115684,0.36629579698555637,0.03216732489687259,12.683076257177024,0.046518682828155355,1.3637761620817725,13.347457588819907,2.483624584546274,0.0,26.744181843738076,0.0,0.5277967585892812,1.2202926393717128,0.013481905317890007,31.042444512694512,0.11254745808563178,0.46153846153846134,0.8015267349808312,0.30553775366580355,0.6068688816385767,-0.003333805376572494,0.4660038240917782,0.24365884590995562,1.3137254818749262,0.15213532893619822,0.4101576616178159,Engineering & Construction,Industrials,EME
2007Q2,2007,Q2,2007-07-26,2007-06-30,26150000.0,1406232000.0,44156000.0,0.39,169476000.0,0.1205178093,2276433000.0,770569000.0,1852607000.0,1321202000.0,1505864000.0,17089000.0,437641000.0,2324798787.6000004,1990157787.6000004,12.081578930534366,1.402213287597203,0.0007441466539977236,0.0021983754861667156,0.03332046738946776,12.081578930534366,0.033935961607591277,1.653211410066049,22.22560982409178,3.0169897667827286,0.0,72.371467025572,0.0,0.6177348509707951,1.3530512366769047,0.011487269776883396,46.722110768117695,0.12051780929462563,1.1666666666666667,0.6399999949827917,0.32574221035070994,0.5891920993720573,0.2817437208352556,1.1806204136090728,1.3324705509481802,15.399999949827915,0.06801905382805658,0.3256398586588729,Engineering & Construction,Industrials,EME
2007Q1,2007,Q1,2007-04-26,2007-03-31,11992000.0,1318347000.0,18931000.0,0.18,132223000.0,0.1002945355,2105492000.0,725304000.0,1678568000.0,1208309000.0,1380188000.0,18408000.0,411491000.0,1861284617.61,1586487617.61,11.491641180307514,1.3891876995040175,0.0008416085171541853,0.0024431135082668785,0.015267601550196639,11.491641180307514,0.01653375687987382,1.4118321030881853,38.80263128773349,2.5662130880430825,0.0,64.43524554541504,0.0,0.6261467628468785,1.3412132161558012,0.005695580890357218,692.4421940513392,0.10029453550544735,-0.7142857142857143,0.5510204267555701,0.525837327364366,0.5759057521389748,-0.22878207259386282,-0.7017434775039172,-0.5680713682721485,1.0000000027658227,0.13336835035092828,0.31436327436319406,Engineering & Construction,Industrials,EME
