Quarters,Year,Quarter,FillingDate,Date,NetIncome,Revenue,OperatingIncome,EPSDiluted,GrossProfit,GrossProfitRatio,TotalAssets,CommonStockEquity,CurrentAssets,CurrentLiability,TotalLiability,Inventory,RetainedEarnings,MarketCap,EnterpriseValue,bookValuePerShare,currentRatio,debtToAssets,debtToEquity,roic,shareholdersEquityPerShare,roe,priceToSalesRatio,peRatio,pbRatio,payoutRatio,inventoryTurnover,dividendYield,assetTurnover,quickRatio,returnOnAssets,priceToFreeCashFlowsRatio,grossProfitMargin,epsdilutedGrowth,fiveYNetIncomeGrowthPerShare,fiveYRevenueGrowthPerShare,fiveYShareholdersEquityGrowthPerShare,grossProfitGrowth,netIncomeGrowth,operatingIncomeGrowth,threeYNetIncomeGrowthPerShare,threeYRevenueGrowthPerShare,threeYShareholdersEquityGrowthPerShare,Industry,Sector,Symbol
2023Q1,2023,Q1,2023-05-10,2023-03-31,3470000.0,80403000.0,21619000.0,0.03,27786000.0,0.34558412,823983000.0,455175000.0,179374000.0,148831000.0,368808000.0,11778000.0,140639000.0,486463110.0,524128110.0,4.238641548790822,1.205219342744455,0.10896341308012422,0.19725160652496293,0.006498799070086582,4.238641548790822,0.0076234415334761356,6.050310436177755,35.04777449567723,1.0687386389850058,1.940922190201729,4.467396841569027,0.013844831933915811,0.09757846945871457,1.0084995733415754,0.004211251931168483,34.00413183279743,0.3455841199955226,-0.823529411764706,-0.7803392724622138,0.40773686159068895,12.06483518282841,0.12230390176912513,-0.8045510870789682,14.745812090313184,1.0355224655129478,1.0351236751683413,3.356003825202487,Oil & Gas E&P,Energy,EGY
2022Q4,2022,Q4,2023-04-06,2022-12-31,17754000.0,96588000.0,1373000.0,0.17,24758000.0,0.2563258376,855641000.0,466105000.0,200097000.0,162090000.0,389536000.0,3335000.0,147024000.0,461595119.99999994,513449119.99999994,4.6045521451786575,1.2344808439755692,0.10408454012839496,0.1910706814988039,0.001531816778760466,4.6045521451786575,0.03809012990635157,4.779011057274195,6.499874957755998,0.9903243260638697,0.19927903571026248,21.53823088455772,0.007664725744934218,0.11288379121617595,1.088716145351348,0.02074935633051712,-8.112820008084784,0.25632583757816707,0.5454545454545455,2.0067461809323874,2.271360506837573,25.322786726335256,-0.33005006088485994,1.5850320326150262,-0.9594985250737463,9.068723508117529,1.2169824485383613,1.4429474068095154,Oil & Gas E&P,Energy,EGY
2022Q3,2022,Q3,2022-11-08,2022-09-30,6868000.0,90021000.0,33900000.0,0.11,36955000.0,0.4105153242,394773000.0,173686000.0,123264000.0,143011000.0,221087000.0,4254000.0,132808000.0,257536480.00000003,191536480.00000003,2.9404415250220084,0.8619197124696701,0.008331370179824861,0.018936471563626316,0.043597824691388606,2.9404415250220084,0.03954262289418836,2.860848913031404,9.374507862550962,1.482770516909826,0.2830518345952242,12.474377056887635,0.007548445175611626,0.2280323122401988,0.7425372873415331,0.017397339737013424,15.04565519658819,0.4105153242021306,-0.56,22.238557560987715,3.9311514020741134,24.740132337731723,-0.5220450342089267,-0.5452860169491526,-0.5365496876153499,2.7767311123400384,3.4542034275261004,0.5775100714790872,Oil & Gas E&P,Energy,EGY
2022Q2,2022,Q2,2022-08-10,2022-06-30,15104000.0,127514000.0,73147000.0,0.25,77319000.0,0.606356949,369564000.0,168181000.0,156874000.0,164911000.0,201383000.0,13867000.0,127884000.0,408939500.0,360989500.0,2.8541535850657618,0.9512646215231246,0.013832516154170861,0.03039582354724969,0.10103168233085205,2.8541535850657618,0.0898080044713731,3.207016484464451,6.768728482521187,2.4315439912950927,0.1286414194915254,3.6197447176750557,0.0047513140696851235,0.3450390189520624,0.8169679402829405,0.040869781688692625,12.530703232725601,0.6063569490408897,0.19047619047619052,5.58587866897626,5.214747154988733,23.176020359969307,0.6947373035530324,0.240473061760841,0.005498508529561357,15.838859084246181,3.4579444162701662,0.4755622669316483,Oil & Gas E&P,Energy,EGY
2022Q1,2022,Q1,2022-05-03,2022-03-31,12176000.0,77598000.0,72747000.0,0.21,45623000.0,0.5879404108,308510000.0,154747000.0,96203000.0,117514000.0,153763000.0,4634000.0,114723000.0,383324060.0,373027060.0,2.6361452761405064,0.8186513947274368,0.028012057955981978,0.05584599378340129,0.6821519458646761,2.6361452761405064,0.07868327011186001,4.93987035748344,7.870484149145861,2.4771017208734256,0.15842641261498028,6.900086318515322,0.005032295650839135,0.25152507212083886,0.671673162346614,0.039467116138860975,-16.034638166150756,0.5879404108353308,-0.6379310344827587,1.8523123334913711,2.640531547996651,36.87809626784127,0.586776572064552,-0.645922996394091,1.8138707306695547,0.9025513386552633,2.5005204926039073,0.35164270078813387,Oil & Gas E&P,Energy,EGY
2021Q4,2021,Q4,2022-03-11,2021-12-31,34388000.0,65197000.0,25853000.0,0.58,28752000.0,0.4410018866,263090000.0,144297000.0,88289000.0,84257000.0,118793000.0,1593000.0,104488000.0,188147730.0,149701730.0,2.461859996929009,1.0478535907995774,0.038880231099623706,0.07088851466073445,0.22958181361317098,2.461859996929009,0.23831403286277608,2.8858341641486573,1.3678298388972898,1.3038921807106176,0.0,22.878217200251097,0.0,0.24781253563419361,0.966815813522912,0.1307081226956555,-40.00589623644482,0.44100188658987377,0.0943396226415093,15.674662515476937,3.249730688260388,403.6585202798358,0.21209055267484508,0.08407679455250465,0.2705425594653037,2.351494038992107,1.0747350429835205,0.3347936048251497,Oil & Gas E&P,Energy,EGY
2021Q3,2021,Q3,2021-11-03,2021-09-30,31721000.0,63953000.0,20348000.0,0.53,23721000.0,0.3709130142,206260000.0,109578000.0,64084000.0,63293000.0,96682000.0,2556000.0,70126000.0,172242840.0,132386840.0,1.8703785887413376,1.0124974325754823,0.0629448269174828,0.11848181204256329,0.3273107891221252,1.8703785887413376,0.289483290441512,2.693272246806248,1.3574827401406009,1.5718742813338444,0.0,15.740219092331769,0.0,0.3100601182972947,0.8852637732450666,0.1537913313293901,5.858002244668912,0.370913014244836,4.3,3.0377624263404903,3.3789666066177206,33.2181945116318,-0.04327659917722029,4.391060503059143,0.05599667860293736,-0.5902857096027609,1.2475679317574657,0.12041884119969279,Oil & Gas E&P,Energy,EGY
2021Q2,2021,Q2,2021-08-11,2021-06-30,5884000.0,53140000.0,19269000.0,0.1,24794000.0,0.4665788483,181503000.0,77536000.0,59324000.0,68366000.0,103967000.0,3107000.0,38405000.0,188734000.0,182106000.0,1.3351701336272215,0.8677412749027295,0.0895632579075828,0.20965744944283946,0.11851349061284396,1.3351701336272215,0.07588732975650021,3.5516371847948816,8.018949694085656,2.4341467189434582,0.0,9.123270035403927,0.0,0.2927775298479915,0.7574817891934588,0.03241819694440312,51.454198473282446,0.46657884832517876,-0.411764705882353,23.696239151398263,1.8385794986466417,3.0388775646702477,0.2719437746883497,-0.40378964434086534,0.34344279439447817,10.005783641807733,0.9381870465068018,2.851740623738345,Oil & Gas E&P,Energy,EGY
2021Q1,2021,Q1,2021-05-12,2021-03-31,9869000.0,45651000.0,14343000.0,0.17,19493000.0,0.4270005038,177137000.0,71594000.0,49312000.0,65104000.0,105543000.0,820000.0,32521000.0,129104640.00000001,129302640.00000001,1.2421750294954543,0.7574342590317031,0.10979637229940667,0.27165684275218593,0.09893358071116767,1.2421750294954543,0.13784674693410062,2.828079122034567,3.2704590130712337,1.803288543732715,0.0,31.9,0.0,0.2577157793120579,0.6640913000737282,0.05571393892862587,-7.456661661083517,0.4270005038224792,3.764227642276423,2.2426105076454492,3.22245208006688,2.859773113529155,3.0316442605997933,3.7894290559638213,4.361378017342395,0.16400265025682037,0.4892149997604868,2.828776706351308,Oil & Gas E&P,Energy,EGY
2020Q4,2020,Q4,2021-03-09,2020-12-31,-3538000.0,14342000.0,-4267000.0,-0.0615,4835000.0,0.3371217403,141232000.0,61458000.0,63978000.0,52576000.0,79774000.0,3906000.0,22652000.0,101762610.0,76470610.0,1.0689649174682134,1.2168670115642117,0.15974425059476605,0.36709622831852645,-0.03273541570182348,1.0689649174682134,-0.05756776985909076,7.095426718728211,-7.190687535330696,1.6558073806502003,0.0,2.43394777265745,0.0,0.10154922397190438,1.0607691722458916,-0.025050979947887166,15.955253998118533,0.33712174034304837,-1.473076923076923,0.955454918136779,-0.16758161693447843,1.39705421150172,-0.3151558073654391,-1.464426358624311,-1.9121419410004274,-2.0549691898421423,-0.14474357308907462,5.110938621883841,Oil & Gas E&P,Energy,EGY
2020Q3,2020,Q3,2020-11-05,2020-09-30,7618000.0,20960000.0,4678000.0,0.13,7060000.0,0.3368320611,135437000.0,64671000.0,54398000.0,37823000.0,70766000.0,781000.0,26247000.0,57456000.0,41159000.0,1.1255743525480368,1.438225418396214,0.18967490419900027,0.39722595908521596,0.06325132390446085,1.1255743525480368,0.11779623014952606,2.7412213740458014,1.8855342609608818,0.8884353110358584,0.0,17.797695262483995,0.0,0.15475830090743298,1.3026729767601724,0.05624755421339811,-16.90876986462625,0.3368320610687023,12.0,1.2299543411219032,0.21403474490397875,-0.38048903682701674,1.3170331473580572,11.781879194630873,6.944091486658196,25.218797619480036,0.1803550452640446,8.853089253433232,Oil & Gas E&P,Energy,EGY
2020Q2,2020,Q2,2020-08-06,2020-06-30,596000.0,20779000.0,-787000.0,0.01,3047000.0,0.146638433,147657000.0,56731000.0,62234000.0,50498000.0,90926000.0,853000.0,18629000.0,71245440.0,54309440.0,0.9873816485658591,1.2324052437720305,0.18898528346099405,0.4918827448837496,0.002458479020979021,0.9873816485658591,0.010505719976732298,3.4287232301843207,29.8848322147651,1.2558467151998025,0.0,20.787807737397422,0.0,0.1407247878529294,1.1257079488296566,0.004036381614146298,-4.594997742663657,0.14663843303335097,1.010989010989011,1.1162136220643846,-0.223018150361717,-0.5860533061424585,-0.4497020046956836,1.0113013633691716,-1.1656144781144782,-0.733478522802358,0.03861464316305527,7.363585955462262,Oil & Gas E&P,Energy,EGY
2020Q1,2020,Q1,2020-05-11,2020-03-31,-52737000.0,21329000.0,4752000.0,-0.91,5537000.0,0.2595996062,168692000.0,56413000.0,79049000.0,65687000.0,112279000.0,3865000.0,18033000.0,52293450.0,21749450.0,0.9730573523070289,1.203419245817285,0.18038199796078058,0.5393969475120983,0.11096026650548882,0.9730573523070289,-0.9348377147111482,2.4517534811758637,-0.2478973491097332,0.9269751652987787,0.0,4.0858990944372575,0.0,0.12643753112180778,0.9641329334571529,-0.31262300524031966,3.3420751581772863,0.25959960617000327,-46.5,-0.3521973568585844,0.1695382093174662,-0.6070728459312618,-0.44607843137254904,-53.00887573964497,-0.35827143821742063,-13.508925386526425,0.013204024004126513,12.981611862749205,Oil & Gas E&P,Energy,EGY
2019Q4,2019,Q4,2020-03-10,2019-12-31,1014000.0,25054000.0,7405000.0,0.02,9996000.0,0.3989782071,211537000.0,109720000.0,69758000.0,63750000.0,101817000.0,1072000.0,70833000.0,129230640.00000001,116674640.00000001,1.884834741977599,1.094243137254902,0.15770763507093322,0.30405577834487785,0.008323996471324688,1.884834741977599,0.00924170616113744,5.158084138261356,31.8615976331361,1.177822092599344,0.0,14.046641791044776,0.0,0.11843790920737271,1.0114980392156863,0.004793487664096588,-13.539092718700893,0.3989782070727229,1.305810397553517,1.0102368012731104,0.07992379371640519,-0.3964054428130563,0.5973154362416108,1.2628304821150855,3.762057877813505,1.435693006572362,0.644342567321259,309.2810432451294,Oil & Gas E&P,Energy,EGY
2019Q3,2019,Q3,2019-11-07,2019-09-30,-3858000.0,20171000.0,1555000.0,-0.0654,6258000.0,0.3102473849,208986000.0,109887000.0,74543000.0,58341000.0,99099000.0,775000.0,69819000.0,119674589.99999999,99276589.99999999,1.863976387970078,1.2777120721276631,0.17622711569196023,0.335153384840791,-0.008549599291376244,1.863976387970078,-0.03510879357885828,5.933002330077834,-7.754963063763608,1.0890695896693876,0.0,17.95225806451613,0.0,0.09651842707166987,1.1313313107420169,-0.018460566736527805,11.674430787240269,0.3102473848594517,-3.4794520547945202,-2.2062033464986857,-0.19926536848811668,-0.615920407130343,-0.536513109169012,-2.734753146176186,-0.7558869701726845,0.7537042939130119,0.37254337477213345,33.10106755529677,Oil & Gas E&P,Energy,EGY
2019Q2,2019,Q2,2019-08-08,2019-06-30,-1033000.0,29029000.0,6370000.0,-0.0146,13502000.0,0.4651210858,202067000.0,115672000.0,69914000.0,47136000.0,86395000.0,553000.0,73738000.0,98671650.0,84238650.0,1.934282035417468,1.4832399864222674,0.16887468018033622,0.29500657030223393,-0.0036184187700343566,1.934282035417468,-0.008930423957396776,3.3990716180371354,-23.879876573088094,0.8530296873919357,0.0,28.077757685352623,0.0,0.1436602710982001,1.3525543109300746,-0.005112165766800121,36.26300992282249,0.46512108581074096,-2.065693430656934,-1.0398093726896267,-0.4693551766968389,-0.5938483403235658,0.351145802061443,-1.1588986309798492,0.15461301431937646,-2.8693667329977757,0.5058091234017811,4.8511856428129985,Oil & Gas E&P,Energy,EGY
2019Q1,2019,Q1,2019-05-08,2019-03-31,6501000.0,22518000.0,5517000.0,0.0137,9993000.0,0.4437783107,201500000.0,116298000.0,62026000.0,43267000.0,85202000.0,1274000.0,75080000.0,136552700.0,126988700.0,1.9503270166023814,1.4335636859500311,0.18179156327543425,0.31497532201757555,0.006741981680978446,1.9503270166023814,0.055899499561471395,6.064157562838618,5.251219043224119,1.1741620664155876,0.0,9.831240188383045,0.0,0.11175186104218363,1.303164074236716,0.03226302729528536,10.75472158777664,0.4437783106847855,-0.9194117647058824,1.880791164725812,-0.23508359259572106,-0.5478318545990818,-0.38093173088836574,-0.3763430544896393,-0.7470194424064563,1.7911722790770461,1.0131367283623158,5.060192486987156,Oil & Gas E&P,Energy,EGY
2018Q4,2018,Q4,2019-03-08,2018-12-31,10424000.0,31925000.0,21808000.0,0.17,16142000.0,0.5056225529,166312000.0,109827000.0,58794000.0,41044000.0,56485000.0,785000.0,68579000.0,87534090.0,54174090.0,1.8443750314877323,1.4324627229314881,0.0,0.0,0.09545748536198985,1.8443750314877323,0.09491290848334198,2.741866562255286,2.099340224481965,0.7970179464066214,0.0,20.105732484076434,0.0,0.1919584876617442,1.160072117727317,0.06267737745923325,409.03780373831773,0.5056225528582615,-0.8671875000000001,-0.622625598315304,-0.476949732822238,-0.581976752113043,-0.030801561092764936,-0.8673875707652186,0.25912240184757507,1.1267159896945131,0.7890312830885342,3.1358391323892536,Oil & Gas E&P,Energy,EGY
2018Q3,2018,Q3,2018-11-07,2018-09-30,78605000.0,28889000.0,17320000.0,1.28,16655000.0,0.5765170134,162361000.0,99295000.0,44591000.0,47343000.0,63066000.0,2232000.0,58155000.0,165357180.0,131642180.0,1.6693566012676317,0.9418710263396912,0.0,0.0,0.8361609510443333,1.6693566012676317,0.7916309985397049,5.723880369690886,0.5259117740601743,1.6653122513721736,0.0,5.481182795698925,0.0,0.17793066068821947,0.7404262509769132,0.4841372004360653,-24.15736742147553,0.5765170133961023,85.48648648648648,30.349135973361527,-0.27158906657050896,-0.5741419583623697,0.5750898430111594,143.49448529411765,2.6866751809280545,3.291964796907051,0.6163279137593874,-0.08119378023376579,Oil & Gas E&P,Energy,EGY
2018Q2,2018,Q2,2018-08-06,2018-06-30,544000.0,27898000.0,4698000.0,0.0148,10574000.0,0.3790235859,100276000.0,20483000.0,59439000.0,58193000.0,79793000.0,1298000.0,-20450000.0,161315700.0,120825700.0,0.34664071754950077,1.0214115099754266,0.0,0.0,0.04552319265526308,0.34664071754950077,0.026558609578674997,5.782339235787512,74.13405330882352,7.875589513254894,0.0,13.346687211093991,0.0,0.2782121345087558,0.8629732098362346,0.005425026925685109,10.7286312849162,0.37902358592013763,-0.9013333333333333,-0.9251434188073959,-0.06117725517883004,-0.9119193739085456,-0.32048068890174153,-0.937175193440351,-0.6396686608375518,1.1031409375789014,0.014333335164714824,-0.8546754649588257,Oil & Gas E&P,Energy,EGY
2018Q1,2018,Q1,2018-05-07,2018-03-31,8659000.0,31307000.0,13038000.0,0.15,15561000.0,0.4970453892,92185000.0,19097000.0,49507000.0,51252000.0,73088000.0,1279000.0,-20994000.0,50716360.800000004,25463360.800000004,0.3244313065932759,0.9659525481932413,0.07541357053750611,0.3640362360580196,0.34188147973917277,0.3244313065932759,0.4534220034560402,1.6199687226498867,1.4642672594987876,2.655723977588103,0.0,12.311180609851446,0.0,0.33961056571025655,0.7914813080465153,0.09393068286597603,3.46328604206501,0.4970453892100808,1.5,0.18508184416714926,-0.3022058632715042,-0.915089247331588,2.3186180422264875,1.5237540075779656,1.4493706556453128,1.2186707861442612,0.6907669066124177,-0.8689924394607781,Oil & Gas E&P,Energy,EGY
2017Q4,2017,Q4,2018-03-07,2017-12-31,3431000.0,17156000.0,5323000.0,0.06,4689000.0,0.2733154581,79633000.0,10289000.0,36452000.0,46588000.0,69344000.0,3263000.0,-29653000.0,41002724.900000006,30308724.900000006,0.17492646933813905,0.7824332446123465,0.11270453204073688,0.8722907959957236,0.20039188494061452,0.17492646933813905,0.33346292156672175,2.389993290976918,2.987665760711163,3.985103012926426,0.0,3.8207171314741037,0.0,0.21543832330817625,0.5735382501931828,0.043085153140029885,14.070941969800963,0.27331545814875263,25.0,1.1785401807563476,-0.6846116390593843,-0.952337527067575,-0.23656789319439922,11.65527950310559,0.9092539454806313,1.0342800873183555,-0.268141774217761,-0.9439820041253864,Oil & Gas E&P,Energy,EGY
2017Q3,2017,Q3,2017-11-08,2017-09-30,-322000.0,18178000.0,2788000.0,-0.0025,6142000.0,0.337880955,76535000.0,6719000.0,36529000.0,46847000.0,69816000.0,1160000.0,-33084000.0,48229940.0,40349940.0,0.11423568016049782,0.7797511046598502,0.14350297249624355,1.6346182467629111,-0.008961728780692412,0.11423568016049782,-0.04792379818425361,2.653203872813291,-37.44560559006211,7.178142580741182,0.0,10.375862068965517,0.0,0.23751224929770692,0.6150874122142292,-0.004207225452407396,123.35023017902813,0.3378809550005501,-1.0625,-1.2242805636978111,-0.5249029379970451,-0.973993982028335,-0.2848992897892653,-1.1410424879544458,-0.500984428136746,-1.1009060529359802,-0.27671356050457074,-0.9764612932811805,Oil & Gas E&P,Energy,EGY
2017Q2,2017,Q2,2017-08-08,2017-06-30,2283000.0,20425000.0,5587000.0,0.04,8589000.0,0.4205140759,79143000.0,6925000.0,38405000.0,48346000.0,72218000.0,952000.0,-32762000.0,54845230.0,47180230.0,0.11805721299737461,0.7943780250692922,0.16394374739395778,1.8736462093862816,0.12405399088465582,0.11805721299737461,0.3296750902527076,2.6852009791921665,6.005828953131844,7.91988880866426,0.0,12.432773109243698,0.0,0.25807715148528615,0.613928763496463,0.028846518327584246,-30.65692006707658,0.4205140758873929,-0.4285714285714286,-0.7842009372355389,-0.6578395112807282,-0.9730983841744463,-0.24993450353680902,-0.46395867574548016,-0.31431026018654884,-0.9103041976226638,-0.6193593933796516,-0.9752108885272724,Oil & Gas E&P,Energy,EGY
2017Q1,2017,Q1,2017-05-08,2017-03-31,4259000.0,21266000.0,8148000.0,0.07,11451000.0,0.5384651556,79997000.0,4076000.0,38496000.0,50165000.0,75921000.0,1139000.0,-35045000.0,53711795.7,44420795.7,0.0695955060016733,0.767387620851191,0.18693200995037315,3.668792934249264,0.24890764814708818,0.0695955060016733,1.0448969578017664,2.5257122025768832,3.1528407900915707,13.177575,0.0,8.617208077260756,0.0,0.26583496881133045,0.6144722416027111,0.05323949648111804,16.12966837837838,0.5384651556475125,2.7500000000000004,-0.5387859860043261,-0.5414075155732865,-0.9834428061820819,3.858294442087399,2.8193079880392995,2.288135593220339,1.5875059297849128,-0.26450148173524346,-0.9838648233813444,Oil & Gas E&P,Energy,EGY
2016Q4,2016,Q4,2017-03-13,2016-12-31,-2341000.0,15326000.0,2478000.0,-0.04,2357000.0,0.1537909435,81032000.0,-358000.0,38475000.0,55554000.0,81390000.0,997000.0,-39304000.0,60896160.0,54862160.0,-0.006114014414045155,0.6925693919429744,0.1782012044624346,-40.33519553072626,-17.91061669846798,-0.006114014414045155,6.539106145251397,3.973389012136239,-6.503220845792397,-170.10100558659218,0.0,13.00802407221665,0.0,0.18913515648139007,0.551571444000432,-0.02888982130516339,92.2669090909091,0.15379094349471487,0.8518518518518519,-1.2622023762000292,-0.7790916880611302,-1.0015262087533883,-0.5981929764745993,0.8499262773254695,-0.17647058823529413,-1.0861871989478844,-0.7446448261878413,-1.0013857269369588,Oil & Gas E&P,Energy,EGY
2016Q3,2016,Q3,2016-11-08,2016-09-30,-15599000.0,14635000.0,3009000.0,-0.27,5866000.0,0.4008199522,78202000.0,3209000.0,41550000.0,50010000.0,74993000.0,915000.0,-35687000.0,54551473.6,42052473.6,0.054660352933160725,0.8308338332333534,0.18393391473363851,4.482393268931131,0.013211689272453659,0.054660352933160725,-4.861015892801496,3.7274665937820295,-0.874278376819027,16.99952433779994,0.0,9.583606557377049,0.0,0.18714355131582314,0.6898220355928815,-0.19947060177489068,-30.69863455261677,0.40081995216945676,-59.00000000000001,-7.321094987370535,-0.6190851297812358,-0.9858257803124144,-0.3864658508524213,-58.76628352490422,-0.11733646230566148,-7.303084615687305,-0.6261325554199257,-0.9860559745966431,Oil & Gas E&P,Energy,EGY
2016Q2,2016,Q2,2016-08-08,2016-06-30,-261000.0,18847000.0,3409000.0,-0.0045,9561000.0,0.5072955908,91657000.0,19327000.0,38642000.0,46354000.0,72330000.0,865000.0,-20088000.0,61971840.0,62634840.0,0.33057950191570884,0.8336281658540795,0.15649650326761733,0.7421741605008537,-0.009644082813363396,0.33057950191570884,-0.0135044238629896,3.2881540828779117,-59.36000000000001,3.2064904020282503,0.0,10.735260115606936,0.0,0.2056253204883424,0.7197652845493377,-0.0028475730167908616,-6.476313094367227,0.5072955908102085,0.9678571428571429,-1.0215987801330764,-0.6860000463678109,-0.9132201986947688,4.797061159650516,0.9676299144239117,1.512785800240674,-1.0362992005536944,-0.3589701877837505,-0.91600049264963,Oil & Gas E&P,Energy,EGY
2016Q1,2016,Q1,2016-05-10,2016-03-31,-8063000.0,10976000.0,-6648000.0,-0.14,-2518000.0,-0.229409621,116690000.0,18831000.0,58319000.0,66441000.0,97859000.0,1094000.0,-19827000.0,55002220.0,45846220.0,0.3218259190265411,0.8777562047530892,0.12854571942754306,0.7965588657001752,-0.46450577313428193,0.3218259190265411,-0.4281769422760342,5.011135204081633,-1.7053894332134443,2.920833731612766,0.0,12.3345521023766,0.0,0.09406118776244751,0.7954576240574344,-0.06909760904961865,-37.391040108769545,-0.22940962099125364,0.898550724637681,-1.6985065227044216,-0.7715139789699159,-0.9105835949804141,-0.18382698636577338,0.9001844538803402,0.9115063095681806,-2.110113264691138,-0.7538952543554889,-0.9157711341125137,Oil & Gas E&P,Energy,EGY
2015Q4,2015,Q4,2016-03-16,2015-12-31,-80779000.0,17523000.0,-75124000.0,-1.38,-2127000.0,-0.1213833248,123958000.0,26076000.0,63742000.0,66716000.0,97882000.0,833000.0,-11764000.0,93556800.0,83199800.0,0.44594941254938175,0.9554229869896277,0.1210087287629681,0.5752416014726185,-1.9302679336410165,0.44594941254938175,-3.0978294216904434,5.339085772984078,-0.28954555020488,3.5878508973768986,0.0,23.589435774309724,0.0,0.14136239694089933,0.8784699322501349,-0.65166427338292,-6.092127368626685,-0.12138332477315528,-1.379310344827586,-9.858078135442529,-0.5529136751876622,-0.867347949446021,-0.6089258698940998,-1.3992812165854818,-1.3387814825192241,-3.2283992299116195,-0.6759587148063589,-0.8784915062581011,Oil & Gas E&P,Energy,EGY
2015Q3,2015,Q3,2015-11-09,2015-09-30,-33668000.0,17546000.0,-32121000.0,-0.58,-1322000.0,-0.0753448079,195079000.0,106091000.0,73730000.0,57790000.0,88988000.0,1189000.0,69015000.0,99266400.0,73565400.0,1.8168755993971777,1.2758262675203322,0.07689192583517447,0.14138805365205342,-0.28845596938419793,1.8168755993971777,-0.31735019935715564,5.657494585660549,-0.7370975406914577,0.9356722059364131,0.0,15.868797308662742,0.0,0.08994304871359808,1.1452500432600796,-0.1725864906012436,-4.849596951487616,-0.07534480793343212,-5.494960806270996,-3.6134143059590693,-0.4798813587954674,-0.4353778939868958,-1.1523919308357349,-5.469638739431207,-7.704445835942392,-24.621235222955374,-0.5380830602425087,-0.5863840489782323,Oil & Gas E&P,Energy,EGY
2015Q2,2015,Q2,2015-08-06,2015-06-30,-5204000.0,27137000.0,4791000.0,-0.0893,8675000.0,0.3196742455,234287000.0,139067000.0,101509000.0,64269000.0,95220000.0,701000.0,102683000.0,124766280.0,78718280.0,2.3852869541353643,1.5794395431701131,0.06402403889246949,0.10786167818389697,0.1738217634986695,2.3852869541353643,-0.037420811551266656,4.597644544349044,-5.993768255188318,0.8971666894374654,0.0,26.33666191155492,0.0,0.1158280228949963,1.4710824814451757,-0.022212073226427417,8.647510396451345,0.3196742454950805,0.8667164179104477,-1.5018571815950588,-0.2200662062271718,-0.20319099344058797,2.625156707062265,0.8665812075374952,1.160346731818334,-1.4949082901313095,-0.5426239440971448,-0.45646630439021435,Oil & Gas E&P,Energy,EGY
2015Q1,2015,Q1,2015-05-07,2015-03-31,-39005000.0,18239000.0,-29879000.0,-0.67,2393000.0,0.1312023686,240630000.0,143586000.0,111109000.0,66754000.0,97044000.0,1925000.0,107887000.0,142053450.0,110501450.0,2.4764319345992654,1.6644545645204782,0.06233636703652911,0.10446700931845723,-0.2061976921025534,2.4764319345992654,-0.2716490465644283,7.788445090191348,-0.9104823099602616,0.9893266056579333,0.0,8.23168831168831,0.0,0.07579686655861696,1.529984720016778,-0.16209533308398785,-4.954603955216072,0.1312023685509074,0.6058823529411763,-7.359957931813939,-0.40849871338116317,-0.11721627380962764,-0.7122068550811786,0.6033578067481543,-7.404930332261522,-5.266604766700193,-0.6027083622429396,-0.41084179318911457,Oil & Gas E&P,Energy,EGY
2014Q4,2014,Q4,2015-03-16,2014-12-31,-98338000.0,23032000.0,4665000.0,-1.7,8315000.0,0.3610194512,248849000.0,180463000.0,113050000.0,38540000.0,68386000.0,2191000.0,146892000.0,263526959.99999997,209475959.99999997,3.122683462822931,2.9333160352880125,0.06027751769145144,0.08311953142749483,0.024770445887148617,3.122683462822931,-0.5449205654344658,11.441774921847863,-0.6699520022778579,1.4602824955808114,0.0,6.71702418986764,0.0,0.09255411916463398,2.666476388168137,-0.3951713689827968,-4.75345803495734,0.36101945119833273,-35.0,-44.169284997327885,-0.31086732039421777,0.16341047892839725,-0.3629328838492185,-32.63010614345448,-0.30237774786899957,-12.159710789452166,-0.6636346537508014,-0.22050121045304047,Oil & Gas E&P,Energy,EGY
2014Q3,2014,Q3,2014-11-10,2014-09-30,3109000.0,24486000.0,6687000.0,0.05,13052000.0,0.5330392878,362856000.0,278102000.0,169211000.0,56095000.0,84754000.0,3129000.0,245230000.0,487084000.0,368586000.0,4.853099260086556,3.016507710134593,0.04133871287783584,0.05393704468144781,0.010324678244415799,4.853099260086556,0.01117935146097475,19.89234664706363,39.16725635252492,1.7514580981078884,0.0,3.6542026206455738,0.0,0.06748131490177922,2.636545146626259,0.008568137222479441,-186.05194805194805,0.5330392877562689,-0.8837209302325582,-0.26412391071984737,-0.17072080538499643,0.8354378157840391,-0.6757669854676438,-0.8741906765943671,-0.8023235189783611,0.29070986055255826,-0.3470718501536511,0.25847879471693114,Oil & Gas E&P,Energy,EGY
2014Q2,2014,Q2,2014-08-06,2014-06-30,24712000.0,52098000.0,33828000.0,0.43,40255000.0,0.7726784138,334317000.0,271227000.0,162773000.0,51357000.0,63090000.0,808000.0,242118000.0,411755730.0,293188730.0,4.762462467735421,3.1694413614502404,0.0,0.0,0.09139999171027009,4.762462467735421,0.0911118730804824,7.903484394794426,4.165544371155714,1.5181222002234294,0.0,14.657178217821782,0.0,0.15583413347212377,2.864964853866075,0.07391786837043883,10.962320758233274,0.7726784137586855,4.583333333333334,16.03866578855879,0.6578155839080776,0.8237819263829206,1.8227333286585794,4.511224779766979,53.043076923076924,1.0993448445379848,-0.10896333260381413,0.25018503651530277,Oil & Gas E&P,Energy,EGY
2014Q1,2014,Q1,2014-05-07,2014-03-31,-7038000.0,28071000.0,-650000.0,-0.12,14261000.0,0.5080332015,297061000.0,245253000.0,146324000.0,40178000.0,51808000.0,1620000.0,217404000.0,486153000.00000006,405432000.00000006,4.313278227224763,3.6418935735974913,0.0,0.0,-0.020452832059353533,4.313278227224763,-0.0286968966740468,17.31869188842578,-17.26886189258312,1.9822509816393683,0.0,8.524691358024691,0.0,0.09449574329851444,3.1418437951117526,-0.02369210364201292,-10.066738450707144,0.5080332015247052,-1.2608695652173914,0.3992992455511927,0.3530273041649305,0.6315584968143637,-0.6738404537553746,-1.2668334849863512,-1.0180801646685766,-1.6274347650731429,-0.39866161007850054,0.19840513186224734,Oil & Gas E&P,Energy,EGY
2013Q4,2013,Q4,2014-03-13,2013-12-31,26376000.0,58282000.0,35951000.0,0.46,43724000.0,0.7502144745,308167000.0,250874000.0,167464000.0,45829000.0,57293000.0,516000.0,224442000.0,391765400.0,261236400.0,4.412135068589518,3.654105479063475,0.0,0.0,0.10492339168675371,4.412135068589518,0.10513644299528847,6.721893552040081,3.7132753260539886,1.5616022385739454,0.0,28.213178294573645,0.0,0.1891247278261462,3.321979532610356,0.08558995609523408,14.06445521450368,0.7502144744518033,10.5,4.777731414336583,2.6256473389431534,0.5496654241737536,1.0614804337576615,10.054484492875105,3.4362043435340572,1.9743939512404072,0.5292056452740883,0.31243308702578476,Oil & Gas E&P,Energy,EGY
2013Q3,2013,Q3,2013-11-07,2013-09-30,2386000.0,37740000.0,8104000.0,0.04,21210000.0,0.5620031797,273621000.0,221875000.0,126873000.0,40448000.0,51746000.0,3727000.0,198066000.0,315833580.0,215368580.0,3.9199837458702143,3.1366940268987342,0.0,0.0,0.010828630470696947,3.9199837458702143,0.01075380281690141,8.368669316375199,33.09237007544007,1.4234752901408452,0.0,4.435202575798229,0.0,0.13792800991151996,2.874728045886076,0.008720090928693339,10.173412143662425,0.5620031796502385,-0.6666666666666666,-0.8901252919947927,-0.3008028464456819,0.3312470965538309,0.1359254498714653,-0.6649347001825586,-0.30533173324189955,-0.808930823673059,0.1541318775754842,0.21819538930718904,Oil & Gas E&P,Energy,EGY
2013Q2,2013,Q2,2013-08-08,2013-06-30,7121000.0,29118000.0,11666000.0,0.12,18672000.0,0.6412528333,272223000.0,227869000.0,127283000.0,33219000.0,44354000.0,3970000.0,195680000.0,330614710.0,251906710.0,3.935493342083902,3.831632499473193,0.0,0.0,0.031212953735674977,3.935493342083902,0.031250411420596924,11.35430695789546,11.607032369049291,1.4508981476199043,0.0,2.6312342569269522,0.0,0.10696377602186442,3.53544658177549,0.026158700771059022,-14.351465468594,0.6412528332989903,0.0,-0.44413294704925826,-0.4650823928578351,0.5562191062912736,-0.4188066112615557,-0.009321090706733445,-0.4574710505510859,-0.30851744207717735,-0.15733523648710118,0.3146579847722155,Oil & Gas E&P,Energy,EGY
2013Q1,2013,Q1,2013-05-09,2013-03-31,7188000.0,44137000.0,21503000.0,0.12,32127000.0,0.7278926977,272129000.0,221254000.0,141284000.0,40125000.0,50875000.0,584000.0,188558000.0,427353660.0,324712660.0,3.820850674357159,3.5210965732087227,0.0,0.0,0.032592131658608844,3.820850674357159,0.0324875482477153,9.682435598250901,14.863441151919867,1.9315070462002946,0.0,20.565068493150687,0.0,0.16219146066755105,3.3881121495327102,0.026413943387143597,-15.630505833729563,0.7278926977365929,1.3636363636363635,3.089744659118399,0.07281453657778102,0.584612742194798,0.28920545746388443,1.3799355145620804,8.514601769911504,0.1735366697576603,0.43321754654255634,0.3620341219157409,Oil & Gas E&P,Energy,EGY
2012Q4,2012,Q4,2013-03-14,2012-12-31,-18919000.0,53553000.0,2260000.0,-0.33,24920000.0,0.465333408,267956000.0,212525000.0,149125000.0,45063000.0,55431000.0,1020000.0,181370000.0,500895550.0,370095550.0,3.6701089678277237,3.3092559305860685,0.0,0.0,-0.09340086375768561,3.6701089678277237,-0.08902011528055523,9.353267790786697,-6.618948543791956,2.3568782496176923,0.0,28.07156862745098,0.0,0.199857439281076,3.1935956327807737,-0.07060487542730896,24.14303513761026,0.4653334080256942,-14.750000000000002,-6.665262142605835,0.4848717099705062,0.530084493311048,-0.21360724541639053,-14.398725212464589,-0.855072463768116,-9.28859281373147,0.5991313652814573,0.36736344967859313,Oil & Gas E&P,Energy,EGY
2012Q3,2012,Q3,2012-11-08,2012-09-30,1412000.0,37630000.0,15594000.0,0.024,31689000.0,0.8421206484,295148000.0,254098000.0,168593000.0,25511000.0,37994000.0,2744000.0,200289000.0,497475600.0,361211600.0,4.392663278359783,6.608639410450394,0.0,0.0,0.005553705819180273,4.392663278359783,0.0055569111130351284,13.220186021791124,88.07995750708214,1.9578099788270666,0.0,2.1650874635568513,0.0,0.12749535826094027,6.2554584296969935,0.004784040549148224,996.9450901803607,0.8421206484188147,-0.8666666666666667,-0.8357372243502321,0.10559321199135956,0.8404437043282107,-0.39387157858495436,-0.8645433614735226,-0.5963449989645889,-0.6689220394537926,0.2624923283928718,0.6613013377689787,Oil & Gas E&P,Energy,EGY
2012Q2,2012,Q2,2012-08-08,2012-06-30,10424000.0,58818000.0,38632000.0,0.18,52281000.0,0.8888605529,290126000.0,253641000.0,171764000.0,20794000.0,32737000.0,1794000.0,200183000.0,498788110.00000006,360992110.00000006,4.38848037095351,8.260267384822544,0.0,0.0,0.04804587721856771,4.38848037095351,0.04109745664147358,8.480195008330783,11.962493044896394,1.966512156946235,0.0,3.6438127090301005,0.0,0.20273260583332758,7.934500336635568,0.03592921696090664,-137.59672,0.8888605528919719,0.2,1.8688005358098199,1.4937185768501287,0.9681302363767444,0.3149144869215292,0.15591040141938345,0.28319936225337144,7.250746306816313,0.8442571551304181,0.6805657239409175,Oil & Gas E&P,Energy,EGY
2012Q1,2012,Q1,2012-05-08,2012-03-31,9018000.0,45286000.0,30106000.0,0.15,39760000.0,0.8779755333,294928000.0,240410000.0,171250000.0,33461000.0,50665000.0,2292000.0,189757000.0,540492750.0,400163750.0,4.203339452749367,5.117898448940558,0.0,0.0,0.043439957042114764,4.203339452749367,0.03751091884696976,11.935095835357506,14.983720059880238,2.2482124287675216,0.0,2.410994764397906,0.0,0.15354934085607336,4.87268760646723,0.03057695437530516,122.22812075983718,0.8779755332773925,0.0,1.0316244491066027,0.6047110881767679,0.9456761922297082,-0.29689296008771154,0.034055727554179564,-0.22584792614878244,1.7651876234364714,1.1700084741447538,0.5899726003858595,Oil & Gas E&P,Energy,EGY
2011Q4,2011,Q4,2012-03-12,2011-12-31,8721000.0,67767000.0,38889000.0,0.15,56549000.0,0.8344622014,275015000.0,229124000.0,162923000.0,25090000.0,41948000.0,992000.0,180739000.0,345457800.0,208318800.0,4.00601451175802,6.493543244320446,0.0,0.0,0.0464277769837395,4.00601451175802,0.038062359246521536,5.097728983133384,9.903044375644996,1.5077329306401774,0.0,11.308467741935484,0.0,0.24641201389015144,6.314826624153049,0.031710997581950076,13.16882552510197,0.8344622013664468,1.5125628140703515,0.7020840575997657,3.407045439303504,0.9344622846806382,0.720017033184293,2.6352646936223425,0.9622079822392654,2.241758727353071,3.1910048485347002,0.40702450879281166,Oil & Gas E&P,Energy,EGY
2011Q3,2011,Q3,2011-11-07,2011-09-30,2399000.0,37350000.0,19819000.0,0.0597,32877000.0,0.8802409639,263630000.0,220088000.0,148886000.0,22408000.0,39583000.0,5677000.0,172018000.0,277369920.0,164794920.0,3.8563218390804597,6.644323455908604,0.0,0.0,0.015123660158901459,3.8563218390804597,0.010900185380393296,7.426236144578313,28.904743643184663,1.2602682563338303,0.0,0.7879161528976573,0.0,0.14167583355460303,6.1654319885755084,0.009099874824564732,168.8191844187462,0.8802409638554217,-0.7015,-0.8193562852742405,0.4906807715748497,0.9440889810685987,-0.3766211604095563,-0.7964706880461525,-0.5338022205494919,-0.8904383523638766,-0.31373891256362535,0.30962717818957053,Oil & Gas E&P,Energy,EGY
2011Q2,2011,Q2,2011-08-08,2011-06-30,11787000.0,58547000.0,42512000.0,0.2,52740000.0,0.90081473,258559000.0,217239000.0,162170000.0,19597000.0,36419000.0,1363000.0,169619000.0,343302540.0,228835540.0,3.8094060708085644,8.27524621115477,0.0,0.0,0.06126863804737011,3.8094060708085644,0.05425821330424095,5.863708473534084,7.281380758462713,1.5802988413682624,0.0,4.260454878943507,0.0,0.2264357458065664,8.085115068632954,0.04558727408444494,16.030189577885693,0.900814730045946,0.05263157894736847,0.1393751942751315,1.3210610617621557,1.157718054605713,0.26965020823804137,0.04875878636889403,0.3563907855274073,-0.06580235032116004,0.09203243277917451,0.5063601931734306,Oil & Gas E&P,Energy,EGY
2011Q1,2011,Q1,2011-05-09,2011-03-31,11239000.0,46772000.0,31342000.0,0.19,41539000.0,0.888116822,241932000.0,205049000.0,146770000.0,14699000.0,32007000.0,1196000.0,157833000.0,442094960.0,349485960.0,3.599182039985256,9.985032995441866,0.0,0.0,0.06321094067490422,3.599182039985256,0.05481128900896859,9.452128623963056,9.833947860129904,2.1560454330428334,0.0,4.375418060200669,0.0,0.19332705057619495,9.685148649567997,0.04645520228824628,53.13641346153846,0.8881168220302745,0.1875,-0.029873561692903932,0.5107571251193918,1.2959768948987611,0.29988108649392914,0.26494091164884637,0.6897778736251887,5.499695633061742,0.15554005211305855,0.4926806117590187,Oil & Gas E&P,Energy,EGY
2010Q4,2010,Q4,2011-03-14,2010-12-31,8885000.0,38187000.0,18548000.0,0.16,31956000.0,0.8368292875,238400000.0,191525000.0,139357000.0,26702000.0,42157000.0,1049000.0,146594000.0,407912360.0,326678360.0,3.3617981078092365,5.218972361620852,0.0,0.0,0.05284951266462725,3.3617981078092365,0.04639081059913849,10.681969256553277,11.477556555993248,2.129812609319932,0.0,5.939942802669209,0.0,0.1601803691275168,5.124185454273088,0.03726929530201342,-42.992449409780775,0.8368292874538455,-0.2727272727272727,0.7861513830600062,1.0714794284132105,1.467507869923904,0.1499514196264709,-0.28640269857842743,-0.14141554413738833,1.7043100901531194,0.07621215533373071,0.4015483462459388,Oil & Gas E&P,Energy,EGY
2010Q3,2010,Q3,2010-11-08,2010-09-30,12451000.0,32604000.0,21603000.0,0.22,27789000.0,0.8523187339,234500000.0,181600000.0,135500000.0,34300000.0,52900000.0,1000000.0,137700000.0,323936900.0,232736900.0,3.217861256312572,3.9504373177842567,0.0,0.0,0.07780768217044004,3.217861256312572,0.06856277533039648,9.93549564470617,6.504234599630552,1.7837935022026432,0.0,4.815,0.0,0.1390362473347548,3.7026239067055395,0.053095948827292114,24.11680315664086,0.8523187338976813,0.22222222222222227,0.04831865380982913,0.2287552786679285,1.5084530885632084,0.008784985660870511,0.24063371861299324,0.07515054994276614,0.4846821849682958,-0.018123572889058734,0.34822364367375763,Oil & Gas E&P,Energy,EGY
2010Q2,2010,Q2,2010-08-09,2010-06-30,10036000.0,33675000.0,20093000.0,0.18,27547000.0,0.8180252413,219292000.0,168917000.0,126999000.0,32066000.0,45373000.0,742000.0,125258000.0,315991200.0,235200200.0,2.9935491874457263,3.960550115387014,0.0,0.0,0.06758173795452624,2.9935491874457263,0.05941379494071053,9.383554565701559,7.871442805898764,1.870689155028801,0.0,8.25876010781671,0.0,0.15356237345639603,3.846597642362627,0.045765463400397645,-33.83928035982009,0.8180252412769117,0.6363636363636362,1.007042383118381,1.0277659318738486,1.788928840925352,0.09889101643529599,0.6816353887399463,0.1238324291067733,1.829078112208889,0.46238972630490544,0.3425364071100645,Oil & Gas E&P,Energy,EGY
2010Q1,2010,Q1,2010-05-10,2010-03-31,5968000.0,30006000.0,17879000.0,0.11,25068000.0,0.8354329134,206557000.0,158278000.0,118419000.0,30699000.0,43157000.0,597000.0,115222000.0,278724680.0,188740680.0,2.8052532700010633,3.8574220658653378,0.0,0.0,0.0441433239839095,2.8052532700010633,0.037705808766853255,9.288964873691928,11.675799262734586,1.7609818168033462,0.0,8.271356783919598,0.0,0.1452674080278083,3.78246848431545,0.028892751153434645,25.578111406809214,0.8354329134173165,1.7918781725888324,-0.4617815292157604,-0.15184149957171184,0.8753002526307933,-0.05418050105644431,1.683453237410072,0.0315006057808804,0.3629238827733288,0.07783078544593612,0.29851860930372937,Oil & Gas E&P,Energy,EGY
2009Q4,2009,Q4,2010-03-16,2009-12-31,2224000.0,32630000.0,17333000.0,0.0394,26504000.0,0.8122586577,202999000.0,151441000.0,114709000.0,33728000.0,45894000.0,446000.0,109249000.0,256720100.0,176150100.0,2.684077133033214,3.4010021347248576,0.0,0.0,0.019316348439166662,2.684077133033214,0.014685587126339631,7.867609561752988,28.85792491007194,1.6951822822089129,0.0,13.73542600896861,0.0,0.1607397080773797,3.351695920303605,0.010955718993689623,64.11590909090908,0.8122586576769844,-0.4371428571428572,-0.682952699337223,0.15504509850615142,1.0722885512338722,0.12362218076988299,-0.46883209935514686,-0.11444336586113524,-0.5599935041007424,1.1510768666133595,0.296112624601526,Oil & Gas E&P,Energy,EGY
2009Q3,2009,Q3,2009-11-09,2009-09-30,4187000.0,29262000.0,19573000.0,0.07,23588000.0,0.8060966441,202486000.0,150159000.0,112013000.0,33598000.0,45762000.0,863000.0,107025000.0,261233999.99999997,181847999.99999997,2.644109878499736,3.33391868563605,0.024693065199569354,0.03329803741367484,0.03485388893693934,2.644109878499736,0.027883776530211308,8.927414394094729,15.597922139957008,1.7397159011447865,0.0,6.574739281575898,0.0,0.14451369477395967,3.258110601821537,0.020677972798119375,-84.56911621884105,0.8060966441118174,3.4221453287197234,-0.7514829265498567,-0.12069004048831865,0.9088110365576219,-0.14715453033480366,3.490779298036883,1.9768821292775665,-0.683155048465481,0.1736788339996358,0.3329761088487607,Oil & Gas E&P,Energy,EGY
2009Q2,2009,Q2,2009-08-10,2009-06-30,-1681000.0,32148000.0,6575000.0,-0.0289,27658000.0,0.8603334578,212259000.0,152135000.0,112991000.0,36286000.0,52951000.0,730000.0,102905000.0,246439800.00000003,163070800.00000003,2.611311362856162,3.113900677947418,0.023556127184241892,0.0328655470470306,-0.00022403583860487332,2.611311362856162,-0.011049396917211686,7.665789473684211,-36.65077334919691,1.6198757682321623,0.0,6.1506849315068495,0.0,0.1514564753438017,3.0495232321005346,-0.007919569959342124,-80.09093272668184,0.8603334577578698,0.8623809523809524,-1.1057482122188027,0.019892971287957185,0.6632235502472603,0.7763648041104688,0.8599750104123282,1.6284649206652648,-1.1590527692899273,0.24751542534074686,0.4790950529030496,Oil & Gas E&P,Energy,EGY
2009Q1,2009,Q1,2009-05-11,2009-03-31,-12005000.0,21258000.0,-10462000.0,-0.21,15570000.0,0.7324301439,217374000.0,154022000.0,109308000.0,41052000.0,56323000.0,865000.0,104586000.0,308200690.0,225202690.0,2.643655275398637,2.6626717334112833,0.02300183094574328,0.03246289491111659,-0.08204909809151509,2.643655275398637,-0.07794341068159094,14.498103772697338,-6.418173469387755,2.001017322200725,-0.1248646397334444,6.575722543352601,0.004863713965079053,0.09779458444892214,2.580239695995323,-0.05522739610072962,-8.63670141516043,0.7324301439458086,-0.75,-2.357952043749743,-0.041397458899455446,1.036459999784261,1.4616600790513834,-0.678082191780822,-1495.5714285714287,-2.0133016304748645,-0.3285602926228993,0.6864307953752061,Oil & Gas E&P,Energy,EGY
2008Q4,2008,Q4,2009-03-16,2008-12-31,-7154000.0,16471000.0,7000.0,-0.12,6325000.0,0.3840082569,252030000.0,165878000.0,152410000.0,63167000.0,78238000.0,1806000.0,117205000.0,433461840.0,313036840.0,2.8471533272686704,2.412810486488198,0.01983890806650002,0.030142634948576663,-0.00047498036786384394,2.8471533272686704,-0.043128082084423494,26.316668083297916,-15.147534246575344,2.613136401451669,0.0,5.617940199335548,0.0,0.06535333095266437,2.2291386325138127,-0.02838550966154823,13.815957161981258,0.38400825693643376,-1.3157894736842106,-1.6517505623784583,-0.4367333634971305,1.4858382760440563,-0.8717792779095461,-1.32014678242191,-0.9998323554065381,-2.406324930780276,-0.12630277027384926,1.0897665524874893,Oil & Gas E&P,Energy,EGY
2008Q3,2008,Q3,2008-11-10,2008-09-30,22346000.0,55543000.0,41755000.0,0.38,49329000.0,0.8881227157,222005000.0,171505000.0,137071000.0,28006000.0,41385000.0,629000.0,124655000.0,398388960.0,299896960.0,2.944595151431907,4.894344069128044,0.02252201526992635,0.029153668989242296,0.13967489632774782,2.944595151431907,0.13029357744672168,7.172622292638136,4.457050031325517,2.322899973761698,0.0,9.879173290937997,0.0,0.2501880588275039,4.608226808541027,0.10065539064435486,-506.8561832061069,0.8881227157337558,0.7272727272727273,17.146949654873428,1.1435987870945017,2.063803715264142,-0.003051738075990299,0.7153604053120443,0.026551936078672404,0.8229980797957492,1.0282485843095368,1.2954310996745249,Oil & Gas E&P,Energy,EGY
2008Q2,2008,Q2,2008-08-11,2008-06-30,13027000.0,55354000.0,40675000.0,0.22,49480000.0,0.8938830076,212185000.0,148898000.0,135759000.0,42513000.0,54871000.0,2001000.0,102311000.0,498705130.00000006,395122130.00000006,2.528881264967136,3.193352621551055,0.023564342437024294,0.03358003465459576,0.09547580068487883,2.528881264967136,0.0874894222890838,9.009378364707159,9.570605857066095,3.3493071095649376,0.0,2.9355322338830585,0.0,0.26087612225180856,2.9577070543127983,0.0613945377854231,13.193257407407408,0.8938830075513965,3.583333333333333,5.5930743081745815,1.776554719200462,1.6907012586534138,0.5934561380909442,6.2332037756801775,0.6855911483154449,1.496702752161854,2.1943740056921732,1.3560227186915073,Oil & Gas E&P,Energy,EGY
2008Q1,2008,Q1,2008-05-09,2008-03-31,1801000.0,42158000.0,24131000.0,0.048,31052000.0,0.7365624555,186057000.0,143077000.0,111838000.0,22772000.0,35019000.0,1494000.0,89284000.0,294909860.0,220175860.0,2.41122046580606,4.911206745125593,0.026873485007282715,0.03494621777085066,0.019255478987892486,2.41122046580606,0.012587627641060408,6.995347502253428,40.93696002220988,2.0611968380662162,0.0,7.433734939759036,0.0,0.22658647618740493,4.543650096609872,0.009679829299623233,23.621134160993194,0.7365624555244557,-0.1681109185441941,-0.7594045796249137,0.7497113007850673,1.6067181354085127,0.30883034773445733,-0.47369959088252483,0.3846904229069834,-0.8455602575583896,0.13309020675719752,0.6118909465429229,Oil & Gas E&P,Energy,EGY
2007Q4,2007,Q4,2008-03-14,2007-12-31,3422000.0,36957000.0,17427000.0,0.0577,23725000.0,0.6419622805,186558000.0,142330000.0,109883000.0,24104000.0,35832000.0,1266000.0,87483000.0,275921700.0,204471700.0,2.3986315683036166,4.5587039495519415,0.02680131648066553,0.03512962832853228,0.022197582557681374,2.3986315683036166,0.024042717628047494,7.46601996915334,20.15792665108124,1.9386053537553574,0.0,10.451816745655607,0.0,0.1980992506351912,4.218843345502821,0.018342820999367487,16.466055976606793,0.6419622804881349,-0.6153333333333333,-0.2676862419422074,0.40681152112564617,2.322857549616025,-0.21867281409517536,-0.6109595270577535,-0.26644778381108725,-0.5361422098858575,0.24392486767256494,0.8519053258378262,Oil & Gas E&P,Energy,EGY
2007Q3,2007,Q3,2007-11-09,2007-09-30,8796000.0,34828000.0,23757000.0,0.15,30365000.0,0.8718559779,176669000.0,141276000.0,100576000.0,15810000.0,27436000.0,1327000.0,85499000.0,282937760.0,217701760.0,2.3867414515475063,6.3615433270082224,0.02830151299888492,0.035391715507234064,0.06563684787262805,2.3867414515475063,0.06226110592032617,8.123858964051912,8.041659845384267,2.0027305416348145,0.0,3.3632253202712885,0.0,0.1971370189450328,5.865591397849462,0.04978802166763835,-41.5840329218107,0.8718559779487769,1.5,3.976031755580156,60.464613240550634,2.5748671586403598,0.46513872135102535,1.3664245359160614,0.5641954174348169,-0.49910425223657967,0.004096322338509669,0.7230140324986852,Oil & Gas E&P,Energy,EGY
2007Q2,2007,Q2,2007-08-09,2007-06-30,3717000.0,24128000.0,15188000.0,0.06,20725000.0,0.8589605438,171772000.0,131833000.0,93661000.0,20925000.0,32189000.0,1726000.0,76703000.0,285568920.0,218164920.0,2.2297713280562883,4.476033452807647,0.029108352932957642,0.03792677099057141,0.03065668108372515,2.2297713280562883,0.028194761554390782,11.835581896551725,19.206949152542375,2.1661414061729616,0.0,1.9716106604866743,0.0,0.1404652679132804,4.085256869772999,0.02163914957036071,14.47017582974411,0.8589605437665783,-0.25000000000000006,87.9504566673432,24.8117854001759,3.8166218213094294,0.04624160735019436,-0.18878219118288958,0.23469636614909356,-0.7695882865580558,-0.24572687262052628,0.42020910920135573,Oil & Gas E&P,Energy,EGY
2007Q1,2007,Q1,2007-05-09,2007-03-31,4582000.0,29131000.0,12301000.0,0.08,19809000.0,0.6799972538,161350000.0,127547000.0,80258000.0,14462000.0,25631000.0,462000.0,72986000.0,305827200.0,256664200.0,2.16034891598916,5.5495782049509055,0.030988534242330338,0.039201235622946834,0.04137133874558537,2.16034891598916,0.03592401232486848,10.498341972469191,16.68633784373636,2.397760825421217,0.0,20.17748917748918,0.0,0.18054539820266502,5.002973309362467,0.028397892779671523,-313.34754098360656,0.679997253784628,-0.10714285714285711,4.326417934892159,70.0820577151084,3.757583679638548,0.677307366638442,-0.13367366231801853,0.38415663328457295,-0.4885432208917847,0.2962929295193687,0.6641595422556814,Oil & Gas E&P,Energy,EGY
