Quarters,Year,Quarter,FillingDate,Date,NetIncome,Revenue,OperatingIncome,EPSDiluted,GrossProfit,GrossProfitRatio,TotalAssets,CommonStockEquity,CurrentAssets,CurrentLiability,TotalLiability,Inventory,RetainedEarnings,MarketCap,EnterpriseValue,bookValuePerShare,currentRatio,debtToAssets,debtToEquity,roic,shareholdersEquityPerShare,roe,priceToSalesRatio,peRatio,pbRatio,payoutRatio,inventoryTurnover,dividendYield,assetTurnover,quickRatio,returnOnAssets,priceToFreeCashFlowsRatio,grossProfitMargin,epsdilutedGrowth,fiveYNetIncomeGrowthPerShare,fiveYRevenueGrowthPerShare,fiveYShareholdersEquityGrowthPerShare,grossProfitGrowth,netIncomeGrowth,operatingIncomeGrowth,threeYNetIncomeGrowthPerShare,threeYRevenueGrowthPerShare,threeYShareholdersEquityGrowthPerShare,Industry,Sector,Symbol
2023Q1,2023,Q1,2023-05-11,2023-03-31,-23261000.0,0.0,-27251000.0,-0.53,0.0,0.0,108872000.0,91218000.0,106582000.0,16302000.0,17654000.0,-3666000.0,-342552000.0,65060526.67,-26348473.33,2.089051948340153,6.537970801128695,0.018379381291792195,0.02193645990922844,-0.265224250501479,2.089051948340153,-0.25500449472691794,0.0,-0.6992447301276815,0.7132421963866781,0.0,0.0,0.0,0.0,6.181940866151392,-0.21365456683077375,-3.3165380369067647,0.0,0.8093525179856116,0.9607821999097456,0.0,-0.9406685160538193,0.0,0.7374338251063878,0.5246393496956059,0.32527077585336617,0.0,-0.5552174703572227,Biotechnology,Healthcare,IMUX
2022Q4,2022,Q4,2023-02-23,2022-12-31,-88591000.0,0.0,-57327000.0,-2.78,0.0,0.0,127753000.0,113684000.0,125864000.0,13077000.0,14069000.0,5608000.0,-317280000.0,44546608.4,-60635391.6,3.572833167698576,9.624837500955877,0.012234546351162008,0.013748636571549207,-0.769875050660343,3.572833167698576,-0.7792741282854228,0.0,-0.1257086171281507,0.3918458921220224,0.0,0.0,0.0,0.0,9.102317045193852,-0.6934553396006357,-2.949520519102165,0.0,-2.8082191780821915,0.7978406543194893,0.0,-0.9243781488145861,0.0,-2.9669980297331184,-1.8498210379797175,-2.8914085795074733,0.0,-0.34194562954527463,Biotechnology,Healthcare,IMUX
2022Q3,2022,Q3,2022-11-03,2022-09-30,-22332000.0,0.0,-20116000.0,-0.73,0.0,0.0,121083000.0,108810000.0,86649000.0,11514000.0,12273000.0,8938000.0,-260806000.0,96585384.2,24968384.200000003,3.5599547783338426,7.525534132360605,0.009530652527605031,0.01060564286370738,-0.19048360124928942,3.5599547783338426,-0.20523848910945686,0.0,-1.0812442257746733,0.8876517250252735,0.0,0.0,0.0,0.0,6.614729894042036,-0.18443546988429424,-7.066016841027142,0.0,0.05194805194805199,0.9382293595532757,0.0,-0.9394889119684685,0.0,0.037081752328389096,0.023968947113051916,0.10857006671578753,0.0,-0.4104959091025158,Biotechnology,Healthcare,IMUX
2022Q2,2022,Q2,2022-08-04,2022-06-30,-23192000.0,0.0,-20610000.0,-0.77,0.0,0.0,138657000.0,127848000.0,104761000.0,10402000.0,10809000.0,-3272000.0,-239582000.0,104963221.49000001,17658221.49000001,4.226552440963958,10.071236300711401,0.005574907866173363,0.006046242412865278,-0.16914855162961348,4.226552440963958,-0.18140291596270572,0.0,-1.1314593554889618,0.8210001055159252,0.0,0.0,0.0,0.0,8.781965006729475,-0.16726166006764895,-6.64702814831233,0.0,-0.0694444444444445,0.934793342205697,0.0,-0.9391877154660524,0.0,-0.14919974233189634,0.03848845346396081,0.4961663980004533,0.0,-0.41123048541376167,Biotechnology,Healthcare,IMUX
2022Q1,2022,Q1,2022-05-10,2022-03-31,-20181000.0,0.0,-21435000.0,-0.72,0.0,0.0,149920000.0,137961000.0,115879000.0,11457000.0,11959000.0,15406000.0,-217681000.0,317838354.40000004,223034354.40000004,4.904880982482207,10.114253294928865,0.006043223052294557,0.006567073303324853,-0.14873478306904794,4.904880982482207,-0.14628047056776916,0.0,-3.9373464446756854,2.3038275628619687,0.0,0.0,0.0,0.0,8.634459282534696,-0.13461179295624334,-15.359703977190357,0.0,0.14285714285714285,0.9535342348562028,0.0,-0.9525867508221175,0.0,0.047392022657540715,-0.011800802454566911,0.9174004162005258,0.0,-0.40762816278921243,Biotechnology,Healthcare,IMUX
2021Q4,2021,Q4,2022-02-24,2021-12-31,-21185000.0,0.0,-21185000.0,-0.84,0.0,0.0,139100000.0,127115000.0,104988000.0,11401000.0,11985000.0,-2150000.0,-196873000.0,242313270.87,156034270.87,5.020321609428655,9.20866590649943,0.00419841840402588,0.004594265035597687,-0.16514269232867956,5.020321609428655,-0.1666601109231798,0.0,-2.8594910416568324,1.9062523767454667,0.0,0.0,0.0,0.0,7.807473028681694,-0.15230050323508268,-10.224188644303798,0.0,-0.1052631578947368,0.9428069929223303,0.0,-0.9311026441276619,0.0,-0.09812357453866888,-0.15217273073367052,0.6289016527435164,0.0,-0.5584989317061039,Biotechnology,Healthcare,IMUX
2021Q3,2021,Q3,2021-11-04,2021-09-30,-19292000.0,0.0,-18387000.0,-0.76,0.0,0.0,156757000.0,145465000.0,122495000.0,10591000.0,11292000.0,0.0,-175688000.0,224082805.35,114745805.35,5.745042543488489,11.565952223586063,0.007061885593625803,0.007610078025641907,-0.12450653105722546,5.745042543488489,-0.13262296772419482,0.0,-2.903830672688161,1.5404585663217956,0.0,0.0,0.0,0.0,10.70229440090643,-0.12306946420255555,-12.718247650263919,0.0,0.07317073170731701,0.9407749232467281,0.0,-0.9329226434021811,0.0,-0.07572209211553474,0.04084507042253521,0.9324129306577664,0.0,-0.5730178123384767,Biotechnology,Healthcare,IMUX
2021Q2,2021,Q2,2021-08-06,2021-06-30,-17934000.0,0.0,-19170000.0,-0.82,0.0,0.0,136058000.0,120742000.0,101687000.0,14487000.0,15316000.0,0.0,-156396000.0,266648122.14,180491122.14,5.551499512240293,7.019189618278457,0.007482103220685296,0.008431200410793262,-0.15613546400820993,5.551499512240293,-0.14853157973199052,0.0,-3.717075417363667,2.2084123348958937,0.0,0.0,0.0,0.0,6.459653482432525,-0.13181143335930265,-9.187476213348035,0.0,0.49693251533742333,0.9319669801501949,0.0,-0.941512155812456,0.0,0.4806857010482423,0.40809584092382745,0.9311301448242894,0.0,-0.7777083310266053,Biotechnology,Healthcare,IMUX
2021Q1,2021,Q1,2021-05-06,2021-03-31,-34534000.0,0.0,-32387000.0,-1.63,0.0,0.0,154724000.0,137446000.0,120280000.0,16356000.0,17278000.0,0.0,-138462000.0,337524686.12,223995686.12,6.491048892409233,7.353876253362681,0.008466689072154287,0.009531015817120906,-0.23122670740936416,6.491048892409233,-0.2512550383423308,0.0,-2.4434230477210863,2.4556894061667855,0.0,0.0,0.0,0.0,7.143372462704818,-0.2231974354334169,-26.047591149868808,0.0,-1.6885710986854043,0.8700448580594596,0.0,-0.9364537058660648,0.0,-2.0947217492606867,-1.2823819591261452,0.8799351692564839,0.0,-0.8156467274737472,Biotechnology,Healthcare,IMUX
2020Q4,2020,Q4,2021-02-26,2020-12-31,-11159000.0,0.0,-14190000.0,-0.60627,0.0,0.0,167861000.0,158785000.0,133745000.0,8397000.0,9076000.0,0.0,-103928000.0,323761132.41999996,196988132.41999996,7.498808247465914,15.927712278194594,0.004045013433733863,0.004276222565103757,-0.08860830632622094,7.498808247465914,-0.07027741915168309,0.0,-7.253363482838964,2.038990662971943,0.0,0.0,0.0,0.0,15.373943074907706,-0.06647762136529628,-23.147289084149563,0.0,0.1339,0.9618090020047013,0.0,-0.9349201819011027,0.0,0.13583210717881206,-0.047619047619047616,0.9617352499870854,0.0,-0.8412817686298238,Biotechnology,Healthcare,IMUX
2020Q3,2020,Q3,2020-11-06,2020-09-30,-12913000.0,0.0,-13545000.0,-0.7,0.0,0.0,171640000.0,162875000.0,137541000.0,8030000.0,8765000.0,0.0,-92769000.0,341796448.8,209348448.8,8.849093548569368,17.128393524283936,0.004282218597063622,0.004512663085188028,-0.08241808390885029,8.849093548569368,-0.07928165771297006,0.0,-6.617293595601332,2.0985200233307753,0.0,0.0,0.0,0.0,16.72366127023661,-0.07523304591004427,-28.559195254010696,0.0,0.2222222222222223,0.9657407004816322,0.0,-0.9094193223741085,0.0,-0.12698551230581254,-0.10824742268041238,0.9406869410196044,0.0,-0.8495856514875862,Biotechnology,Healthcare,IMUX
2020Q2,2020,Q2,2020-08-03,2020-06-30,-11458000.0,0.0,-12222000.0,-0.9,0.0,0.0,87152000.0,78685000.0,53023000.0,7674000.0,8467000.0,0.0,-79856000.0,153875386.67999998,106061386.67999998,6.197626667760976,6.909434454000521,0.009099045346062052,0.01007815975090551,-0.15225922188586163,6.197626667760976,-0.1456186058333863,0.0,-3.3573788331296908,1.9555872997394672,0.0,0.0,0.0,0.0,6.475110763617409,-0.13147145217550946,-16.57782661926309,0.0,-0.1392405063291139,0.9641589212039964,0.0,-0.9466841114039164,0.0,-0.35006480499587606,-0.355890836476592,0.9232455267618285,0.0,-0.9108275972865716,Biotechnology,Healthcare,IMUX
2020Q1,2020,Q1,2020-05-08,2020-03-31,-8487000.0,0.0,-9014000.0,-0.79,0.0,0.0,57292000.0,50488000.0,23599000.0,6333000.0,6804000.0,0.0,-68398000.0,65034233.0,46927233.0,4.696794071516151,3.7263540186325597,0.0,0.0,-0.17688730155615298,4.696794071516151,-0.16809935034067502,0.0,-1.9157014551667255,1.2881126802408491,0.0,0.0,0.0,0.0,3.0347386704563397,-0.14813586539132864,-5.894519441674975,0.0,-0.10415385475484994,0.967937714932006,0.0,-0.9664010307935661,0.0,-0.10349759459108049,-0.10114830197898851,0.9488688188971267,0.0,-0.9545982321598965,Biotechnology,Healthcare,IMUX
2019Q4,2019,Q4,2020-03-16,2019-12-31,-7691000.0,0.0,-8186000.0,-0.71548,0.0,0.0,65955000.0,58363000.0,32230000.0,7072000.0,7592000.0,0.0,-59911000.0,104269761.99999999,75420761.99999999,5.429389011168933,4.557409502262443,0.0,0.0,-0.1390214493147428,5.429389011168933,-0.13177869540633622,0.0,-3.3893434533870757,1.7865730342854205,0.0,0.0,0.0,0.0,4.152856334841629,-0.11660980971874763,-16.577068680445148,0.0,0.1274634146341463,0.9696356450939864,0.0,-0.9670417950660118,0.0,0.06378575776019477,0.10798735970360684,0.9510924521400347,0.0,-0.9254887284174529,Biotechnology,Healthcare,IMUX
2019Q3,2019,Q3,2019-11-07,2019-09-30,-8215000.0,0.0,-9177000.0,-0.82,0.0,0.0,67604000.0,60527000.0,34519000.0,7036000.0,7077000.0,0.0,-52220000.0,100228560.0,69768560.0,6.0388974958834085,4.9060545764639,0.0,0.0,-0.15161828605415764,6.0388974958834085,-0.1357245526789697,0.0,-3.050169202678028,1.6559314025145804,0.0,0.0,0.0,0.0,4.329164297896532,-0.12151647831489261,-16.735441643012187,0.0,0.46052631578947373,0.9651619602509047,0.0,-0.9573651485500236,0.0,0.4416881881201577,0.3884853734923702,0.9362896900219587,0.0,-0.9294916830079594,Biotechnology,Healthcare,IMUX
2019Q2,2019,Q2,2019-08-08,2019-06-30,-14714000.0,0.0,-15007000.0,-1.52,0.0,0.0,72574000.0,69411000.0,39493000.0,3122000.0,3163000.0,0.0,-44005000.0,109067775.11999999,72946775.11999999,7.178619708145377,12.649903907751442,0.0,0.0,-0.2162049242915388,7.178619708145377,-0.21198369134575212,0.0,-1.8531292496941687,1.5713327155638153,0.0,0.0,0.0,0.0,11.864509929532352,-0.20274478463361534,-8.668556280400571,0.0,0.8272727272727274,0.9330645398668606,0.0,-0.9639950714089762,0.0,-0.5499841988833878,-0.5709201298021563,0.8744449919868917,0.0,-0.9243696248111162,Biotechnology,Healthcare,IMUX
2019Q1,2019,Q1,2019-04-10,2019-03-31,-9493000.0,0.0,-9553000.0,-8.8,0.0,0.0,10482000.0,9049000.0,9988000.0,1433000.0,1433000.0,0.0,-346909000.0,8948378.620000001,-646621.379999999,8.280071189030668,6.969993021632938,0.0,0.0,-1.0556967620731572,8.280071189030668,-1.0490661951596862,0.0,-0.23565729010850103,0.9888803867830699,0.0,0.0,0.0,0.0,6.695743196092114,-0.9056477771417668,-2.3932545119015782,0.0,-2.9030967524460887,0.9886013976051459,0.0,1.0020129296064892,0.0,-2.8526785714285716,-2.7448059584476674,0.3078491260057677,0.0,-0.918939473735381,Biotechnology,Healthcare,IMUX
2018Q4,2018,Q4,2019-03-04,2018-12-31,-2464000.0,0.0,-2551000.0,-2.25462,0.0,0.0,14978000.0,12427000.0,14232000.0,2510000.0,2551000.0,0.0,-337428000.0,8144029.9799999995,-5179970.0200000005,11.371029358612454,5.67011952191235,0.0,0.0,-0.20527882835760844,11.371029358612454,-0.1982779431882192,0.0,-0.8263017431006493,0.6553496402993483,0.0,0.0,0.0,0.0,5.308366533864542,-0.16450794498597943,-1.750275087040619,0.0,0.7986946428571429,0.9969515559145067,0.0,-0.9961992242396873,0.0,0.7936521229377774,0.7885444297082228,0.8366093724621851,0.0,-0.9013143825212765,Biotechnology,Healthcare,IMUX
2018Q3,2018,Q3,2018-11-08,2018-09-30,-11941000.0,0.0,-12064000.0,-11.2,0.0,0.0,19988000.0,14252000.0,19061000.0,5691000.0,5736000.0,0.0,-334964000.0,11316866.739999998,-6481133.260000002,13.454993462262859,3.3493234932349325,0.0,0.0,-0.8464776873421275,13.454993462262859,-0.8378473196744317,0.0,-0.23693297755631854,0.7940546407521751,0.0,0.0,0.0,0.0,3.127394131084168,-0.5974084450670403,-0.8479594440281731,0.0,0.06666666666666672,0.9776312743288269,0.0,1.0056646574063062,0.0,0.0584292698312569,0.06603700549663234,0.44950250627648475,0.0,-0.8622726250350526,Biotechnology,Healthcare,IMUX
2018Q2,2018,Q2,2018-08-07,2018-06-30,-12682000.0,0.0,-12917000.0,-12.0,0.0,0.0,34801000.0,26453000.0,32645000.0,8299000.0,8348000.0,0.0,-323023000.0,290227376.0,259111376.0,24.973943188598447,3.933606458609471,0.0,0.0,-0.4883000037802896,24.973943188598447,-0.47941632329036404,0.0,-5.721246175682069,10.971435224738213,0.0,0.0,0.0,0.0,3.749367393661887,-0.3644148156662165,-23.145974639125928,0.0,0.11764705882352938,0.9752980658383716,0.0,1.0130992553423541,0.0,0.11857103141506811,0.10868065139387248,0.5245129108148878,0.0,-0.785158409141596,Biotechnology,Healthcare,IMUX
2018Q1,2018,Q1,2018-05-08,2018-03-31,-14388000.0,0.0,-14492000.0,-13.6,0.0,0.0,47008000.0,37295000.0,44835000.0,9666000.0,9713000.0,0.0,-310341000.0,288108112.0,244461112.0,35.20983817352564,4.638423339540658,0.0,0.0,-0.3885775573133128,35.20983817352564,-0.38578897975599946,0.0,-5.006048651654156,7.725113607722214,0.0,0.0,0.0,0.0,4.515518311607697,-0.30607556160653504,-21.78675983061101,0.0,0.012516753496024165,0.9830473941682321,0.0,0.0,0.0,0.013709898546750754,0.01948579161028417,0.44837903506801796,0.0,-0.7481230280607278,Biotechnology,Healthcare,IMUX
2017Q4,2017,Q4,2018-03-13,2017-12-31,-14588000.0,0.0,-14780000.0,-13.772385555044698,0.0,0.0,60384000.0,50044000.0,58121000.0,10281000.0,10340000.0,0.0,-295953000.0,252094598.0,195193598.0,47.246042138515,5.6532438478747205,0.0,0.0,-0.295340100711374,47.246042138515,-0.29150347694029255,0.0,-4.320239203454895,5.037458996083447,0.0,0.0,0.0,0.0,5.5345783484096875,-0.24158717541070482,-25.131551988834612,0.0,-0.14769879625372484,0.5917571297021141,0.0,1.07229907313099,0.0,-0.16881660123387549,-0.16939631299944616,0.4155100235672038,0.0,-0.7132007421244311,Biotechnology,Healthcare,IMUX
2017Q3,2017,Q3,2017-10-25,2017-09-30,-12481000.0,0.0,-12639000.0,-12.0,0.0,0.0,70358000.0,62078000.0,67960000.0,8234000.0,8280000.0,0.0,-281365000.0,213147168.0,146756168.0,58.83144551092511,8.253582705853777,0.0,0.0,-0.20359869841167563,58.83144551092511,-0.20105351332194982,0.0,-4.269432898004967,3.43353793614485,0.0,0.0,0.0,0.0,8.063031333495264,-0.17739276272776372,-22.23525641560609,0.0,-0.03448275862068969,0.9481252904708447,0.0,0.0,0.0,-0.0059643749496252115,-0.007171886206072197,0.4972421975117224,0.0,-0.584647704046061,Biotechnology,Healthcare,IMUX
2017Q2,2017,Q2,2017-08-03,2017-06-30,-12407000.0,0.0,-12549000.0,-11.6,0.0,0.0,80675000.0,73337000.0,78063000.0,7292000.0,7338000.0,0.0,-268884000.0,122401344.0,46248344.0,69.50162246584482,10.70529347229841,0.0,0.0,-0.17111417156414907,69.50162246584482,-0.16917790474112657,0.0,-2.466376722817764,1.6690257850743826,0.0,0.0,0.0,0.0,10.443362589138783,-0.153789897737837,-11.905587394222351,0.0,0.25641025641025644,0.9757411835528607,0.0,1.036454775784212,0.0,0.015473734327884462,0.010877275951761646,0.48280842599291907,0.0,-0.6514091767525131,Biotechnology,Healthcare,IMUX
2017Q1,2017,Q1,2017-05-09,2017-03-31,-12602000.0,0.0,-12687000.0,-15.6,0.0,0.0,90947000.0,84428000.0,88302000.0,6450000.0,6519000.0,0.0,-256477000.0,130580320.0,43944320.0,103.44958566497615,13.690232558139535,0.0,0.0,-0.1502700525891884,103.44958566497615,-0.1492632775856351,0.0,-2.590468179654023,1.5466470839058133,0.0,0.0,0.0,0.0,13.431937984496123,-0.13856421872079344,-11.675636623748211,0.0,-0.05405405405405398,0.9807289957598045,0.0,0.0,0.0,-0.07397306971194818,-0.07289640591966173,0.9797373440252855,0.0,1.025149147756116,Biotechnology,Healthcare,IMUX
2016Q4,2016,Q4,2017-03-07,2016-12-31,-11734000.0,0.0,-11825000.0,-14.8,0.0,0.0,64026000.0,58446000.0,61463000.0,5480000.0,5580000.0,0.0,-243825000.0,139564530.0,79573530.0,72.8666803807529,11.215875912408759,0.0,0.0,-0.20232351230195394,72.8666803807529,-0.20076651952229407,0.0,-2.9735071160729505,2.387922697874962,0.0,0.0,0.0,0.0,10.947262773722628,-0.18326929684815543,-15.135509163865091,0.0,-0.15625,0.566359624920058,0.0,1.111505497925421,0.0,-0.15287875810571822,-0.15489793925188006,0.9802200894893653,0.0,-0.9756442531461891,Biotechnology,Healthcare,IMUX
2016Q3,2016,Q3,2016-11-03,2016-09-30,-10178000.0,0.0,-10239000.0,-12.8,0.0,0.0,72473000.0,67760000.0,69464000.0,4630000.0,4713000.0,0.0,-232091000.0,193672296.0,125584296.0,85.64801648244001,15.003023758099353,0.0,0.0,-0.15110684769775679,85.64801648244001,-0.15020661157024792,0.0,-4.757130477500492,2.8582097992916173,0.0,0.0,0.0,0.0,14.705831533477323,-0.14043850813406372,-23.731441735081486,0.0,-0.06666666666666672,0.9435789907043919,0.0,0.0,0.0,-0.07498943810730883,-0.0725958516656191,0.974473032439735,0.0,1.0360584843287688,Biotechnology,Healthcare,IMUX
2016Q2,2016,Q2,2016-08-02,2016-06-30,-9468000.0,0.0,-9546000.0,-12.0,0.0,0.0,78632000.0,74147000.0,75436000.0,4473000.0,4485000.0,0.0,-221913000.0,193731648.0,120133648.0,94.91715055250033,16.864744019673598,0.0,0.0,-0.1287442512846103,94.91715055250033,-0.12769228694350412,0.0,-5.115432192648923,2.612804941535059,0.0,0.0,0.0,0.0,16.453834115805947,-0.12040899379387526,-21.84861260854855,0.0,0.03225806451612906,0.974994221452656,0.0,1.0497856498698015,0.0,0.012618625508395036,0.011391880695940349,0.974994221452656,0.0,1.0497856498698015,Biotechnology,Healthcare,IMUX
2016Q1,2016,Q1,2016-05-09,2016-03-31,-9589000.0,0.0,-9656000.0,-12.4,0.0,0.0,82920000.0,78048000.0,79239000.0,4816000.0,4872000.0,0.0,-212444000.0,277207135.6,199331135.60000002,102.14677316553174,16.45328073089701,0.0,0.0,-0.12371873718737188,102.14677316553174,-0.12286029110291102,0.0,-7.227217009072896,3.551751942394424,0.0,0.0,0.0,0.0,16.170265780730897,-0.11564158224794983,-27.497979922626726,0.0,0.08823529411764701,0.9843375820343911,0.0,0.0,0.0,0.02738614463941576,0.02356153301648296,0.9843375820343911,0.0,0.0,Biotechnology,Healthcare,IMUX
2015Q4,2015,Q4,2016-03-08,2015-12-31,-9859000.0,0.0,-9889000.0,-13.6,0.0,0.0,89081000.0,82325000.0,85088000.0,6655000.0,6756000.0,0.0,-202856000.0,329229158.40000004,245813158.40000004,115.22478806057052,12.78557475582269,0.0,0.0,-0.12012146978439113,115.22478806057052,-0.11975706043121774,0.0,-8.348441992088448,3.999139488612208,0.0,0.0,0.0,0.0,12.534335086401201,-0.11067455461883005,-35.25314898811436,0.0,0.3333333333333333,0.5909687571289366,0.0,1.1763247248112425,0.0,0.19845528455284553,0.1982975273611674,0.5909687571289366,0.0,1.1763247248112425,Biotechnology,Healthcare,IMUX
2015Q3,2015,Q3,2015-11-05,2015-09-30,-12300000.0,0.0,-12335000.0,-20.4,0.0,0.0,66943000.0,58678000.0,62609000.0,8119000.0,8265000.0,0.0,-192996000.0,97062939.2,37308939.2,97.69294931880654,7.711417662273679,0.0,0.0,-0.21021507208834658,97.69294931880654,-0.20961859640751218,0.0,-1.9728239674796748,1.6541623640887555,0.0,0.0,0.0,0.0,7.359773371104816,-0.18373840431411798,-7.859347303643725,0.0,0.19047619047619052,0.9101894157455244,0.0,0.0,0.0,0.18575400503111347,0.18192067913516383,0.9101894157455244,0.0,0.0,Biotechnology,Healthcare,IMUX
2015Q2,2015,Q2,2015-08-06,2015-06-30,-15106000.0,0.0,-15078000.0,-25.2,0.0,0.0,79872000.0,69736000.0,75446000.0,9977000.0,10136000.0,0.0,-180697000.0,506326572.0,434380572.0,116.24352197735338,7.561992582940764,0.0,0.0,-0.21621544109211885,116.24352197735338,-0.21661695537455547,0.0,-8.379560638157024,7.2606196512561665,0.0,0.0,0.0,0.0,7.211185727172497,-0.18912760416666666,-30.830333800158314,0.0,-0.016129032258064457,0.948049201075128,0.0,1.060971692166381,0.0,-0.023580430952703617,-0.017614901801984207,0.948049201075128,0.0,1.060971692166381,Biotechnology,Healthcare,IMUX
2015Q1,2015,Q1,2015-05-12,2015-03-31,-14758000.0,0.0,-14817000.0,-24.8,0.0,0.0,94924000.0,83778000.0,90618000.0,10946000.0,11146000.0,0.0,-165590000.0,599553725.6,511296725.6,139.78982636814757,8.278640599305682,0.0,0.0,-0.17686027358017617,139.78982636814757,-0.1761560314163623,0.0,-10.156418986312508,7.156457848122419,0.0,0.0,0.0,0.0,8.062945368171022,-0.15547174581770679,-42.28164496473907,0.0,-0.05084745762711861,0.9692676549487955,0.0,0.0,0.0,-0.05754209960587603,-0.05707355354212742,0.9692676549487955,0.0,0.0,Biotechnology,Healthcare,IMUX
2014Q4,2014,Q4,2015-03-20,2014-12-31,-13955000.0,0.0,-14017000.0,-23.6,0.0,0.0,108082000.0,97563000.0,104816000.0,10278000.0,10519000.0,0.0,-150833000.0,590581728.0,488343728.0,164.73558017020127,10.198093014205098,0.0,0.0,-0.14367126882117195,164.73558017020127,-0.14303578200752334,0.0,-10.580109781440344,6.053337105255066,0.0,0.0,0.0,0.0,9.94726600505935,-0.1291149312558983,-56.585391204369074,0.0,0.0,0.3015399976755205,0.0,1.2520894707557364,0.0,-0.09040475074230349,-0.0942232630757221,0.3015399976755205,0.0,1.2520894707557364,Biotechnology,Healthcare,IMUX
2014Q3,2014,Q3,2014-11-13,2014-09-30,-12798000.0,0.0,-12810000.0,-23.6,0.0,0.0,85831000.0,77050000.0,82583000.0,8498000.0,8781000.0,0.0,-136878000.0,444102006.4,365011006.4,141.64227833580892,9.717933631442692,0.0,0.0,-0.16625567813108372,141.64227833580892,-0.16609993510707333,0.0,-8.67522281606501,5.7638157871512,0.0,0.0,0.0,0.0,9.307013414921158,-0.1491069660146101,-38.58401445699391,0.0,-0.03806574210681627,0.8968196828126503,0.0,0.0,0.0,-0.2587784007081735,-0.10070458841725383,0.8968196828126503,0.0,0.0,Biotechnology,Healthcare,IMUX
2014Q2,2014,Q2,2014-08-07,2014-06-30,-10167000.0,0.0,-11638000.0,-22.734590924947003,0.0,0.0,97016000.0,89163000.0,93489000.0,7561000.0,7853000.0,0.0,-124080000.0,487273478.4,396433478.4,199.37880698741515,12.364634307631265,0.0,0.0,-0.13052499355113667,199.37880698741515,-0.11402711887217792,0.0,-11.981741870758336,5.464974018370849,0.0,0.0,0.0,0.0,12.014283824890887,-0.10479714686237322,-48.17811730274866,0.0,0.9767919651644068,0.9530951050513301,0.0,1.1045775544077658,0.0,0.054056568663937474,0.02004041764904008,0.9530951050513301,0.0,1.1045775544077658,Biotechnology,Healthcare,IMUX
2014Q1,2014,Q1,2014-03-31,2014-03-31,-10748000.0,0.0,-11876000.0,-979.6,0.0,0.0,55608000.0,-58016000.0,52264000.0,8633000.0,113624000.0,0.0,-113914000.0,6769920.0,-39271080.0,-4113.442994895066,6.053978918104946,0.0,0.0,0.20470215113072257,-4113.442994895066,0.1852592388306674,0.0,-0.1574692966133234,-0.11669056811913954,0.0,0.0,0.0,0.0,5.33314027568632,-0.1932815422241404,-0.6654792096726629,0.0,-0.3245026272096885,0.04893986927264714,0.0,0.0,0.0,-0.04971188592635999,-0.15886026541764248,0.04893986927264714,0.0,0.0,Biotechnology,Healthcare,IMUX
2013Q4,2013,Q4,2013-12-31,2013-12-31,-10239000.0,0.0,-10248000.0,-739.5983819705287,0.0,0.0,46585000.0,41418000.0,43855000.0,4846000.0,5167000.0,0.0,-103166000.0,6645120.0,-31540880.0,2991.7653857266687,9.049731737515478,0.0,0.0,-0.24742865420831522,2991.7653857266687,-0.2472113573808489,0.0,-0.16225021974802226,0.1604403882369984,0.0,0.0,0.0,0.0,7.879900949236483,-0.21979177846946443,-0.6363838345144608,0.0,-0.13365785096647576,-20.923272850339607,0.0,5.578200725878114,0.0,-0.4675361903396875,-0.1181669394435352,-20.923272850339607,0.0,5.578200725878114,Biotechnology,Healthcare,IMUX
2013Q3,2013,Q3,2013-09-30,2013-09-30,-6977000.0,0.0,-9165000.0,-652.4,0.0,0.0,37979000.0,-32883000.0,35378000.0,7621000.0,70862000.0,0.0,-92927000.0,6645120.0,-24387880.0,-2375.252817104883,4.64217294318331,0.0032912925564127543,-0.0038013563239363804,0.279778985286037,-2375.252817104883,0.212176504576833,0.0,-0.23810806937078974,-0.20208375148252897,0.0,0.0,0.0,0.0,4.088439837291694,-0.1837067853287343,-0.7617929611372234,0.0,-0.1381716678297277,-1.2102511456720197,0.0,0.0,0.0,-0.13557942708333334,-0.29760724904431546,-1.2102511456720197,0.0,0.0,Biotechnology,Healthcare,IMUX
2013Q2,2013,Q2,2013-06-30,2013-06-30,-6144000.0,0.0,-7063000.0,-573.2,0.0,0.0,45760000.0,-24167000.0,43794000.0,9102000.0,69927000.0,0.0,-85950000.0,6084480.0,-30346520.0,-1906.5162511833387,4.811470006591958,0.00017482517482517483,-0.0003310299168287334,0.2923548160105965,-1906.5162511833387,0.25423097612446727,0.0,-0.247578125,-0.25176811354326145,0.0,0.0,0.0,0.0,4.55273566249176,-0.13426573426573427,-0.9670184361093452,0.0,0.35187697874265034,0.0,0.0,0.0,0.0,0.34344945501175467,-0.4338205440519691,0.0,0.0,0.0,Biotechnology,Healthcare,IMUX
2013Q1,2013,Q1,2013-03-31,2013-03-31,-9358000.0,0.0,-4926000.0,-884.4,0.0,0.0,,,,,,,,5605920.0,,,0.0,0.0,0.0,0.0,,0.0,0.0,-0.14976276982261166,0.0,0.0,0.0,0.0,0.0,0.0,0.0,-1.1991272727272728,0.0,-25.21550152284264,0.0,0.0,0.0,0.0,-22.751269035532996,-0.41024906956770685,0.0,0.0,0.0,Biotechnology,Healthcare,IMUX
2012Q4,2012,Q4,2012-12-31,2012-12-31,-394000.0,0.0,-3493000.0,-33.73576504837743,0.0,0.0,20332000.0,-7632000.0,19148000.0,1745000.0,27964000.0,0.0,-70448000.0,5605920.0,1128920.0,-653.4806062162857,10.973065902578796,0.0,0.0,0.4576781970649895,-653.4806062162857,0.05162473794549266,0.0,-3.5570558375634516,-0.7345283018867924,0.0,0.0,0.0,0.0,10.586246418338108,-0.01937831988982884,-1.4921266968325793,0.0,0.8520465640255351,0.0,0.0,0.0,0.0,0.8520465640255351,-0.46703065938681226,0.0,0.0,0.0,Biotechnology,Healthcare,IMUX
2012Q3,2012,Q3,2012-09-30,2012-09-30,-2663000.0,0.0,-2381000.0,-228.01609726860175,0.0,0.0,,,,,,,,5605920.0,,,0.0,0.0,0.0,0.0,,0.0,0.0,-0.5262786331205408,0.0,0.0,0.0,0.0,0.0,0.0,0.0,-2.783475670307845,0.0,0.0,0.0,0.0,0.0,0.0,0.0,0.0,0.0,0.0,0.0,Biotechnology,Healthcare,IMUX
