Quarters,Year,Quarter,FillingDate,Date,NetIncome,Revenue,OperatingIncome,EPSDiluted,GrossProfit,GrossProfitRatio,TotalAssets,CommonStockEquity,CurrentAssets,CurrentLiability,TotalLiability,Inventory,RetainedEarnings,MarketCap,EnterpriseValue,bookValuePerShare,currentRatio,debtToAssets,debtToEquity,roic,shareholdersEquityPerShare,roe,priceToSalesRatio,peRatio,pbRatio,payoutRatio,inventoryTurnover,dividendYield,assetTurnover,quickRatio,returnOnAssets,priceToFreeCashFlowsRatio,grossProfitMargin,epsdilutedGrowth,fiveYNetIncomeGrowthPerShare,fiveYRevenueGrowthPerShare,fiveYShareholdersEquityGrowthPerShare,grossProfitGrowth,netIncomeGrowth,operatingIncomeGrowth,threeYNetIncomeGrowthPerShare,threeYRevenueGrowthPerShare,threeYShareholdersEquityGrowthPerShare,Industry,Sector,Symbol
2023Q1,2023,Q1,2023-05-09,2023-04-01,-81112000.0,160292000.0,-81297000.0,-2.95,36551000.0,0.2280275996,664627000.0,395439000.0,364235000.0,214000000.0,269188000.0,229688000.0,118303000.0,1198659880.0,1209325880.0,14.396876251501801,1.7020327102803738,0.08814116790319984,0.1481416855697086,-0.16485036076206444,14.396876251501801,-0.2051188678911286,7.477976942080702,-3.694459142913502,3.0312131074577877,0.0,0.5387351537738149,0.0,0.24117587759750958,0.3624299065420561,-0.12204138561930225,-12.490854600210497,0.228027599630674,0.03908794788273605,-5.051298954416636,-0.2475516734663201,-0.18864870179081242,-0.5711234966265767,0.03554059999286572,0.041478512055650535,-3.607832858838582,-0.1423080662749541,-0.3392333537882495,"Furnishings, Fixtures & Appliances",Consumer Cyclical,IRBT
2022Q4,2022,Q4,2023-02-14,2022-12-31,-84101000.0,357872000.0,-84815000.0,-3.07,85225000.0,0.2381438056,835443000.0,475716000.0,528300000.0,296183000.0,359727000.0,285250000.0,199415000.0,1317751270.0,1238464270.0,17.375214580517916,1.783694540199809,0.04627724452775354,0.08127117860235938,-0.15109252893094582,17.375214580517916,-0.17678825181410757,3.6821860050520856,-3.917168850548745,2.7700377325967596,0.0,0.955817703768624,0.0,0.4283619588649375,0.6211497621402984,-0.10066635306059181,11.060156365406566,0.23814380560647383,0.34819532908704887,-19.536095500574746,0.11498712488373312,0.03015106208604243,0.11540827411101078,0.34483430191795333,-0.24058390744072433,-5.337611238937606,-0.13324860302062871,-0.2459102140591609,"Furnishings, Fixtures & Appliances",Consumer Cyclical,IRBT
2022Q3,2022,Q3,2022-11-10,2022-10-01,-128366000.0,278191000.0,-68367000.0,-4.71,76407000.0,0.2746566208,1038282000.0,561779000.0,725798000.0,420403000.0,476503000.0,419088000.0,283517000.0,1535781120.0,1569439120.0,20.605156983568076,1.726433921737,0.11870185556525106,0.21938520307807874,-0.17619224286260138,20.605156983568076,-0.22849910730020168,5.5205995880528125,-2.9910200520387016,2.7337816472313845,0.0,0.4814836024892147,0.0,0.26793395243296136,0.5295942226863272,-0.12363307848927363,-51.04976465895493,0.2746566208108817,-1.9437499999999999,-6.914429104648573,0.3779897217812315,0.2520842633982521,-0.056062758663289886,-1.9563114621957118,-0.06967174640923741,-4.730618917570303,-0.007349003904189552,-0.06866020258093286,"Furnishings, Fixtures & Appliances",Consumer Cyclical,IRBT
2022Q2,2022,Q2,2022-08-10,2022-07-02,-43421000.0,255351000.0,-63914000.0,-1.6,80945000.0,0.3169950382,1069961000.0,676776000.0,659841000.0,332117000.0,393185000.0,397012000.0,411883000.0,1016093009.9999999,1022750009.9999999,24.9171974522293,1.9867727337052905,0.06548462981361003,0.1035290849557313,-0.053698850027442256,24.9171974522293,-0.06415859900469284,3.97920121714816,-5.850239573017664,1.5013726993865029,0.0,0.43929654519258865,0.0,0.23865449301423136,0.45958502575899457,-0.0405818529834265,-11.818058224196886,0.3169950382023176,-0.4285714285714285,-6.566053603730066,0.41245599973754704,0.6102076930921105,-0.24712830767799843,-0.4280405183187529,-1.7446214626186285,-7.228467181396747,0.014642124525831765,0.20717556845201746,"Furnishings, Fixtures & Appliances",Consumer Cyclical,IRBT
2022Q1,2022,Q1,2022-05-05,2022-04-02,-30406000.0,291969000.0,-23287000.0,-1.12,107515000.0,0.3682411489,1036465000.0,695202000.0,646906000.0,275588000.0,341263000.0,331085000.0,455304000.0,1716926970.0,1647838970.0,25.699678385272264,2.347366358477147,0.041438929438041804,0.06178060477386429,-0.022643676827690355,25.699678385272264,-0.04373692825970006,5.880511184406564,-14.11667902716569,2.4696807115054327,0.0,0.5571197728679946,0.0,0.281696921748443,0.7949257587413094,-0.029336253515555275,-16.28530342982889,0.36824114888909437,0.04273504273504258,-2.8760546685266832,0.7493022353243382,0.7179805914389722,-0.14415920398009952,0.03506711941861572,0.481877850706419,-2.3907064072711024,0.26538701276734417,0.27273527539549763,"Furnishings, Fixtures & Appliances",Consumer Cyclical,IRBT
2021Q4,2021,Q4,2022-02-15,2022-01-01,-31511000.0,455448000.0,-44945000.0,-1.17,125625000.0,0.2758273173,1184429000.0,716723000.0,789533000.0,395683000.0,467706000.0,333296000.0,485710000.0,1777310639.9999998,1625535639.9999998,26.5669434353918,1.9953675037845953,0.041945950327119653,0.06931827219162773,-0.041617027336557984,26.5669434353918,-0.04396538132583997,3.9023349317594977,-14.100715940465234,2.4797734131596165,0.0,0.9895798329412894,0.0,0.3845295918961795,0.9986352711640378,-0.02660438067625835,32.80441942450026,0.2758273172788112,-1.5679611650485437,-3.318720317928706,1.1577252922734622,0.8550468864390983,-0.22812956978015902,-1.5507375559284116,-2.1098078917477405,-2.285009209158671,0.21631367405187502,0.3753895232559999,"Furnishings, Fixtures & Appliances",Consumer Cyclical,IRBT
2021Q3,2021,Q3,2021-11-04,2021-10-02,57216000.0,440682000.0,40498000.0,2.06,162754000.0,0.3693230039,1209634000.0,740536000.0,888734000.0,401430000.0,469098000.0,353724000.0,517221000.0,2186735010.0,2020220010.0,27.01404443147412,2.2139202351593057,0.042572381398009645,0.06954017090323765,0.04094850585552827,27.01404443147412,0.07726295548089492,4.962160945988264,9.554735607172818,2.9529084473948597,0.0,0.7857199398401014,0.0,0.3643101963073128,1.2172558104775428,0.04730025776391867,-22.789884629814907,0.36932300388942596,21.998980632008156,1.9135227273186173,1.5968369863820926,1.0185108737865738,0.1710942896615243,21.745467730239305,14.312952005259698,0.797205512010443,0.6707419560539655,0.47484028999383987,"Furnishings, Fixtures & Appliances",Consumer Cyclical,IRBT
2021Q2,2021,Q2,2021-08-05,2021-07-03,-2758000.0,365596000.0,-3042000.0,-0.0981,138976000.0,0.3801354501,1133819000.0,781232000.0,815933000.0,282762000.0,352587000.0,276517000.0,557452000.0,2565249000.0,2202697000.0,27.80185053380783,2.8855822210905284,0.046999565186330444,0.0682114915927663,-0.0028395539304580937,27.80185053380783,-0.0035303213386036415,7.016622173109115,-232.52800942712113,3.2835943740143776,0.0,0.8195517816264462,0.0,0.32244652806135726,1.7350280447867819,-0.0024324870195331,-68.32101099954724,0.3801354500596287,-1.3773076923076923,-1.5578249678059397,1.3939326207981815,1.240255611560849,0.1304008328995315,-1.3705495096063416,-1.4761308498982626,-1.2588480096358319,0.587533818065823,0.6761558517493047,"Furnishings, Fixtures & Appliances",Consumer Cyclical,IRBT
2021Q1,2021,Q1,2021-05-06,2021-04-03,7443000.0,303261000.0,6389000.0,0.26,122944000.0,0.405406564,1157891000.0,823984000.0,843154000.0,263873000.0,333907000.0,233113000.0,606832000.0,3438594330.0,2992800330.0,29.160349647874863,3.1953022855691944,0.04746560772991586,0.06670032427814132,0.008174483860728273,29.160349647874863,0.00903294238723082,11.338729114525112,115.4975927045546,4.17313240305637,0.0,0.7735175644429955,0.0,0.2619080725215068,2.155097338492381,0.00642806619966819,197.3708144874297,0.40540656398283986,-0.43478260869565216,0.9429711616214363,1.3797283399088462,1.0469494975288554,-0.42928498150133926,-0.4418447694038245,-0.5815979043876883,-0.6386380869074576,0.3837784774452973,0.6433625690551512,"Furnishings, Fixtures & Appliances",Consumer Cyclical,IRBT
2020Q4,2020,Q4,2021-02-16,2021-01-02,13335000.0,544827000.0,15270000.0,0.46,215421000.0,0.3953934001,1189728000.0,804434000.0,881221000.0,307567000.0,385294000.0,181756000.0,599389000.0,2260002920.0,1884167920.0,28.578726730140684,2.865135076259807,0.047742004895236556,0.07060865154879083,0.014761480144363997,28.578726730140684,0.01657687268315362,4.148111088473956,42.36975853018373,2.8094323710832714,0.0,1.8123528246660359,0.0,0.45794248769466633,2.1271527829708647,0.011208444283063019,17.555602404959064,0.3953934001068229,-0.8593272171253823,-0.2858643656750006,1.7324287934398321,0.9951177542429394,0.08338320567689762,-0.8570003860507013,-0.8114675161123046,1.8587762009303348,0.6510901756383772,0.6943909128541906,"Furnishings, Fixtures & Appliances",Consumer Cyclical,IRBT
2020Q3,2020,Q3,2020-10-29,2020-09-26,93252000.0,413145000.0,80994000.0,3.27,198841000.0,0.4812862312,1116820000.0,781914000.0,807704000.0,264973000.0,334906000.0,218134000.0,586054000.0,2147174599.9999998,1908208599.9999998,27.894616674396204,3.048250199076887,0.05214806325101628,0.07448389464826055,0.06822029839135889,27.894616674396204,0.11926119752300125,5.197145312178533,5.756376806931754,2.746049565553245,0.0,0.9824419852017567,0.0,0.36992980068408515,2.026791408936005,0.0834977883633889,34.34050794869334,0.4812862312263249,0.5797101449275364,6.7113505640898525,2.043445540796112,1.0520333680534277,0.11700896568770644,0.5908966834993858,0.1523981617176273,3.1789960305408114,0.9904734332698925,0.6950324911084451,"Furnishings, Fixtures & Appliances",Consumer Cyclical,IRBT
2020Q2,2020,Q2,2020-07-30,2020-06-27,58616000.0,279883000.0,70283000.0,2.07,178012000.0,0.6360229096,920768000.0,682062000.0,596238000.0,172779000.0,238706000.0,133055000.0,492802000.0,2296108290.0,2124867290.0,24.426530100633887,3.450870765544424,0.06461236706749149,0.08722520826552425,0.07357613432725109,24.426530100633887,0.08593940140339149,8.203814772601408,9.793009971680089,3.366421659614522,0.0,0.7656307541993912,0.0,0.30396690588725933,2.145098652035259,0.06365990129978452,-94.74348215390964,0.6360229095729287,4.234375,7.621719933899857,1.0065230008245178,0.7943850850582561,1.2835225450580463,4.232202922525503,4.4750556242274415,6.3088226041110165,0.5059049621294398,0.5784996189476254,"Furnishings, Fixtures & Appliances",Consumer Cyclical,IRBT
2020Q1,2020,Q1,2020-05-01,2020-03-28,-18135000.0,192535000.0,-20225000.0,-0.64,77955000.0,0.4048874231,820033000.0,616539000.0,489532000.0,138338000.0,203494000.0,147249000.0,434186000.0,1226391980.0,1037617980.0,21.788140085521434,3.538666165478755,0.07316047037131433,0.09730771289407483,-0.024599206005080726,21.788140085521434,-0.029414197641998315,6.369709299607863,-16.90642376619796,1.9891555603132973,0.0,0.7781377123104402,0.0,0.23478933164884827,2.1725050239269037,-0.022114963666096363,36.69195727620871,0.40488742306593606,-1.9142857142857141,-4.997482998156061,0.7104070836941582,0.6386127819480913,-0.5397354903465785,-1.9048949653210918,-2.2220543806646527,-2.069662296343543,0.10275929633913458,0.4565007868709458,"Furnishings, Fixtures & Appliances",Consumer Cyclical,IRBT
2019Q4,2019,Q4,2020-02-13,2019-12-28,20041000.0,426778000.0,16550000.0,0.7,169370000.0,0.3968573825,920753000.0,652069000.0,594217000.0,202502000.0,268684000.0,157347000.0,452321000.0,1477260000.0,1299639000.0,23.0413074204947,2.934375956780674,0.06708748165903342,0.09473077235691314,0.017069901825091598,23.0413074204947,0.03073447748627829,3.4614249094376937,18.427972656055086,2.2654964428611084,0.0,1.6359256928953205,0.0,0.4635097577743434,1.988054438968504,0.021765880751949764,9.631749840259758,0.3968573825267469,-0.435483870967742,1.2352464877017797,1.8038730276495303,0.7483576658903788,0.2377138430733479,-0.435973207249803,-0.611091528610034,0.40581730407883004,0.9274480952295273,0.6088680165191322,"Furnishings, Fixtures & Appliances",Consumer Cyclical,IRBT
2019Q3,2019,Q3,2019-10-31,2019-09-28,35532000.0,289399000.0,42555000.0,1.24,136841000.0,0.4728454487,873664000.0,622885000.0,548049000.0,183819000.0,250779000.0,248303000.0,432280000.0,1698249280.0,1690355280.0,22.12420970377211,2.981460023174971,0.07170720093766024,0.10057715308604318,0.046507588257696034,22.12420970377211,0.05704423770037808,5.868193324786886,11.948731284475965,2.7264250704383635,0.0,0.6144025646085629,0.0,0.3312474818694601,1.4178838966592138,0.0406700974287598,-26.024017040317514,0.4728454486712117,3.96,1.557036116516277,1.1199833130402461,0.7332397654211176,0.158001184733858,3.930206743443874,7.105714285714286,0.7617205920940363,0.6604769919290058,0.6531385359301238,"Furnishings, Fixtures & Appliances",Consumer Cyclical,IRBT
2019Q2,2019,Q2,2019-08-01,2019-06-29,7207000.0,260172000.0,5250000.0,0.25,118170000.0,0.4541995295,801015000.0,579576000.0,481150000.0,152578000.0,221439000.0,192010000.0,396748000.0,2573159560.0,2503954560.0,20.64090601517148,3.153469045340744,0.0793867780253803,0.10971813877731307,0.00789264381853568,20.64090601517148,0.012434952447996467,9.890224774380025,89.259038434855,4.439727593965244,0.0,0.7395552314983594,0.0,0.3248029063126159,1.620023856650369,0.008997334631686048,-64.16696740729658,0.4541995295419953,-0.6794871794871795,-0.11134862043688731,0.9573567735690816,0.696678878060079,-0.011510213641610761,-0.6799733570159858,-0.7641827247001752,0.4587567959371796,0.7048874966985569,0.6632312108849644,"Furnishings, Fixtures & Appliances",Consumer Cyclical,IRBT
2019Q1,2019,Q1,2019-05-02,2019-03-30,22520000.0,237661000.0,22263000.0,0.78,119546000.0,0.5030105907,779102000.0,562623000.0,466607000.0,144826000.0,216479000.0,181128000.0,389541000.0,3279196470.0,3171428470.0,20.19247747909414,3.2218455249747975,0.08384781453519564,0.11610972178528073,0.030717419609795987,20.19247747909414,0.040026803027960106,13.79778958264082,36.40315797069272,5.828408134754533,0.0,0.6521079015944525,0.0,0.30504478232631926,1.7604090425752281,0.028905072763258214,70.21984346559884,0.5030105907153466,-0.1136363636363636,3.468130049734687,1.1800574895797291,0.699450214774013,-0.3590404855477693,-0.10602993132467944,-0.2525934132339611,4.961902900213436,0.8913282814418145,0.417437792372518,"Furnishings, Fixtures & Appliances",Consumer Cyclical,IRBT
2018Q4,2018,Q4,2019-02-14,2018-12-29,25191000.0,384665000.0,29787000.0,0.88,186511000.0,0.4848660523,766961000.0,535322000.0,514437000.0,213757000.0,231639000.0,164633000.0,367021000.0,2253702480.0,2123329480.0,19.315941401457746,2.40664399294526,0.0,0.0,0.04637726579316869,19.315941401457746,0.0470576587549176,5.858870653685675,22.36614743360724,4.209994134371462,0.0,1.2036104547690925,0.0,0.5015444070819768,1.5164134975696701,0.03284521637997238,92.92085759050053,0.484866052279256,-0.21428571428571436,7.240542038598414,2.175120204131916,0.688200509799031,0.37945801221839265,-0.21103072441980644,-0.20088531187122735,0.37019198220752625,0.9593915621741214,0.34847076966941154,"Furnishings, Fixtures & Appliances",Consumer Cyclical,IRBT
2018Q3,2018,Q3,2018-11-02,2018-09-29,31929000.0,264534000.0,37275000.0,1.12,135206000.0,0.511110103,691603000.0,503578000.0,441783000.0,170713000.0,188025000.0,160752000.0,341829000.0,3022030560.0,2921908560.0,18.316589677372423,2.587869699437067,0.0,0.0,0.06283618257379037,18.316589677372423,0.06340427897962182,11.423977862959015,23.662114065583012,6.001117125847435,0.0,0.8045187618194486,0.0,0.38249400306245057,1.4333940590347543,0.0461666591960995,1016.1501546738399,0.5111101030491355,2.027027027027027,3.2758936700032852,1.2205855017765892,0.6313927725182791,0.14653257127351052,2.049278960939738,1.7910894795956571,1.6919938794479892,0.9868312948195637,0.3474375233630902,"Furnishings, Fixtures & Appliances",Consumer Cyclical,IRBT
2018Q2,2018,Q2,2018-08-03,2018-06-30,10471000.0,226317000.0,13355000.0,0.37,117926000.0,0.521065585,596781000.0,458041000.0,348446000.0,120723000.0,138740000.0,115377000.0,309901000.0,2092388550.0,2003605550.0,16.58667390910737,2.8863265492076904,0.0,0.0,0.02054236496499197,16.58667390910737,0.022860398959918437,9.24538832699267,49.956750787890364,4.568125015009573,0.0,0.9394506704109138,0.0,0.37922956662494284,1.67707064933774,0.01754579988303917,-231.5101294534189,0.5210655849980337,-0.4788732394366197,0.29909833185039686,0.7864220037062047,0.5292395632886506,0.0184911689769832,-0.486740846036959,-0.47431607951190713,0.5573381443832285,0.6405966802384304,0.21846533873654095,"Furnishings, Fixtures & Appliances",Consumer Cyclical,IRBT
2018Q1,2018,Q1,2018-05-04,2018-03-31,20401000.0,217068000.0,25405000.0,0.71,115785000.0,0.5334042788,649437000.0,496628000.0,390688000.0,131497000.0,152809000.0,112111000.0,299430000.0,1796549720.0,1652048720.0,17.74431899385451,2.97107918811836,0.0,0.0,0.040256632295862606,17.74431899385451,0.04107903702570133,8.276437429745517,22.01546149698544,3.6174958318902677,0.0,0.9034171490754699,0.0,0.3342402727285326,1.9315497691962553,0.031413362651034664,85.25362881412234,0.5334042788434961,3.4374999999999996,1.4367112707189975,1.039815117067754,0.7219593048853465,-0.245906657461802,3.4148452715862367,0.10111823855755894,3.5466241121187285,0.9496386759589601,0.3344905896587201,"Furnishings, Fixtures & Appliances",Consumer Cyclical,IRBT
2017Q4,2017,Q4,2018-02-16,2017-12-30,4621000.0,326897000.0,23072000.0,0.16,153542000.0,0.4696953475,691522000.0,470327000.0,434726000.0,197724000.0,221195000.0,106932000.0,277989000.0,2138779500.0,2010144500.0,16.866666666666667,2.198650644332504,0.0,0.0,0.010093696058464836,16.866666666666667,0.009825079147061513,6.542670933046189,115.70977602250596,4.547430830039525,0.0,1.6211704634721131,0.0,0.47272104141299914,1.5612115878699602,0.006682361515613386,115.75987767915133,0.46969534746418595,-0.7894736842105263,1.775891806028863,2.236776645995742,0.7001383767739722,0.4996825644882451,-0.7907345349153156,-0.034321111669177964,-0.4769324377644462,1.179631324371955,0.2798304118131183,"Furnishings, Fixtures & Appliances",Consumer Cyclical,IRBT
2017Q3,2017,Q3,2017-11-03,2017-09-30,22082000.0,205399000.0,23892000.0,0.76,102383000.0,0.4984590967,610661000.0,456492000.0,468060000.0,146127000.0,154169000.0,92813000.0,273368000.0,2137567340.0,1895781340.0,16.456685533004073,3.2031041491305507,0.0,0.0,0.043624112151042956,16.456685533004073,0.04837324640957563,10.406902370508133,24.20033669957431,4.682595401452819,0.0,1.1099307209119411,0.0,0.33635519543576553,2.442067516612262,0.03616081590276766,142.98109297658863,0.4984590966849887,1.8148148148148147,0.4474354156579741,0.6210864907942614,0.6332112565910026,0.13896830605956104,1.7941288118436036,4.844422700587084,0.6128906341422683,0.5271547487855573,0.2892384475984211,"Furnishings, Fixtures & Appliances",Consumer Cyclical,IRBT
2017Q2,2017,Q2,2017-08-04,2017-07-01,7903000.0,183148000.0,4088000.0,0.27,89891000.0,0.4908107105,544791000.0,425797000.0,399242000.0,112712000.0,118994000.0,83247000.0,251286000.0,2315196240.0,2095023240.0,15.4745239133595,3.542142806444744,0.0,0.0,0.013140851038816273,15.4745239133595,0.018560487744159776,12.64112215257606,73.2378919397697,5.437323983024775,0.0,1.1202445733780195,0.0,0.3361802966642254,2.6774788842359287,0.014506480466821221,-546.9398157335223,0.49081071046366875,-0.5344827586206896,0.07182688654490091,0.6437519523348256,0.6467529971830925,0.02917234351922879,-0.5169020111253744,-0.8110731121175709,-0.0055906127812749605,0.4060732763060856,0.27200316946041453,"Furnishings, Fixtures & Appliances",Consumer Cyclical,IRBT
2017Q1,2017,Q1,2017-05-05,2017-04-01,16359000.0,168467000.0,21638000.0,0.58,87343000.0,0.5184576208,514281000.0,408447000.0,388004000.0,100070000.0,105834000.0,57125000.0,243384000.0,1805886560.0,1570158560.0,14.959236741869324,3.8773258718896773,0.0,0.0,0.040046155856810574,14.959236741869324,0.04005170805514546,10.719527029032392,27.597752918882573,4.421348571540493,0.0,1.4201137855579868,0.0,0.3275777250180349,3.2333566503447586,0.031809458253367326,76.03412740516188,0.5184576207803309,0.18367346938775503,24.096108519403113,0.7254712067698539,0.6492937636842606,-0.1809699743065584,0.19574592500548205,0.15593781719108926,2.3121940383360413,0.576981026316984,0.2590073763928057,"Furnishings, Fixtures & Appliances",Consumer Cyclical,IRBT
2016Q4,2016,Q4,2017-02-17,2016-12-31,13681000.0,212494000.0,18719000.0,0.49,106642000.0,0.501858876,507912000.0,388956000.0,383670000.0,112636000.0,118956000.0,50578000.0,226950000.0,1587443550.0,1372920550.0,14.321440406495084,3.406282183316169,0.0,0.0,0.032305355380983634,14.321440406495084,0.03517364431966598,7.470533520946474,29.008178312988818,4.081293385370068,0.0,2.092846692237732,0.0,0.4183677487438769,2.907605028587663,0.02693576840082534,33.82937773042089,0.5018588760153228,-0.3,0.26488338492211916,0.5982246371136143,0.5745697451341246,0.315593387614113,-0.29884173841738415,-0.31809405850424394,3.566817449340916,0.7898210374013552,0.2516844244245225,"Furnishings, Fixtures & Appliances",Consumer Cyclical,IRBT
2016Q3,2016,Q3,2016-11-07,2016-10-01,19512000.0,168610000.0,27451000.0,0.7,81060000.0,0.4807544037,458626000.0,364517000.0,341908000.0,89878000.0,94109000.0,61069000.0,213269000.0,1197883260.0,1033331260.0,13.383155266732754,3.80413449342442,0.0,0.0,0.052527604956831064,13.383155266732754,0.05352836767558166,7.104461538461538,15.34803274907749,3.2862205603579526,0.0,1.4336242610817271,0.0,0.3676416077588274,3.0094350119050266,0.04254446978583857,42.87495114356276,0.48075440365340133,3.1176470588235285,0.3714783103696755,0.383501204391271,0.5998864319451669,0.16378567736748406,3.0531782301620276,3.6860703311710483,1.637583568662544,0.42867087317332697,0.1919895111593611,"Furnishings, Fixtures & Appliances",Consumer Cyclical,IRBT
2016Q2,2016,Q2,2016-08-05,2016-07-02,4814000.0,148696000.0,5858000.0,0.17,69652000.0,0.4684187873,416813000.0,339541000.0,295732000.0,69880000.0,77272000.0,46899000.0,193757000.0,951307200.0000001,812841200.0000001,12.410124269005848,4.231997710360618,0.0,0.0,0.011413290068195624,12.410124269005848,0.014177963780515461,6.397665034701674,49.40315745741587,2.801744708297378,0.0,1.6854090705558753,0.0,0.3567451111169757,3.3288923869490556,0.011549543800217364,-61.41428018076179,0.4684187873244741,0.30769230769230776,-0.4152459562103164,0.34092343629934013,0.592960760337224,0.1241264666483756,0.22431332655137334,0.0595044311810454,-0.39717826033615505,0.184663811997738,0.1441747225205873,"Furnishings, Fixtures & Appliances",Consumer Cyclical,IRBT
2016Q1,2016,Q1,2016-05-06,2016-04-02,3932000.0,130804000.0,5529000.0,0.13,61961000.0,0.473693465,490803000.0,413184000.0,359872000.0,70388000.0,77619000.0,52764000.0,188943000.0,1026741600.0,810751600.0,14.24575920562681,5.11268966301074,0.0,0.0,0.009184124896745898,14.24575920562681,0.009516341387856259,7.84946637717501,65.28112919633773,2.4849500464684016,0.0,1.3047342885300584,0.0,0.26651018840553137,3.912200943342615,0.008011360973751179,22.207981312049835,0.4736934650316504,-0.8,-0.526973289503247,0.10708578557590571,0.950866425815042,-0.3500162598214567,-0.7965961409135586,-0.7595668811967299,-0.546810233814094,0.1861237308599843,0.382449088510018,"Furnishings, Fixtures & Appliances",Consumer Cyclical,IRBT
2015Q4,2015,Q4,2016-02-19,2016-01-02,19331000.0,206420000.0,22996000.0,0.65,95327000.0,0.461810871,521743000.0,417411000.0,389349000.0,96626000.0,104332000.0,61678000.0,185011000.0,1031556000.0,851641000.0,14.32433081674674,4.029443421025397,0.0,0.0,0.04049827495626543,14.32433081674674,0.046311668834793526,4.997364596453832,13.340696290931662,2.471319634604742,0.0,1.801177080968903,0.0,0.39563539903745715,3.292799039595968,0.037050808539836666,209.66585365853658,0.4618108710396279,0.5476190476190478,1.4065663986665362,0.5780019611571905,1.0796883873170695,0.3645824386612843,0.511060736340186,0.2326329331046312,4.105994047851593,0.955846071366978,0.44387418240062376,"Furnishings, Fixtures & Appliances",Consumer Cyclical,IRBT
2015Q3,2015,Q3,2015-10-30,2015-09-26,12793000.0,143609000.0,18656000.0,0.42,69858000.0,0.4864458356,489813000.0,403106000.0,376526000.0,83674000.0,86707000.0,58665000.0,165680000.0,864710640.0,688280640.0,13.59364672556822,4.499916341993929,0.0,0.0,0.03189506605167134,13.59364672556822,0.03173606942094635,6.021284459887611,16.898120847338387,2.1451197451786874,0.0,1.2571550328134322,0.0,0.29319148328035394,3.4552549178956427,0.026118130796855127,139.44696661828738,0.4864458355674087,0.75,0.5599923094824472,0.3069339804478557,1.1556413676107333,-0.0024988219839218655,0.7640650854936569,0.6857323574591127,-0.21559436233297638,0.0602225502989087,0.34907462415773116,"Furnishings, Fixtures & Appliances",Consumer Cyclical,IRBT
2015Q2,2015,Q2,2015-07-31,2015-06-27,7252000.0,148788000.0,11067000.0,0.24,70033000.0,0.4706898406,484131000.0,405456000.0,368073000.0,75305000.0,78675000.0,45977000.0,152887000.0,991989425.0,805373425.0,13.612758099714622,4.887763096739924,0.0,0.0,0.017985166608757656,13.612758099714622,0.01788603448956237,6.667133270156196,34.19709821428571,2.446601912414664,0.0,1.7129216782304195,0.0,0.3073300408360547,3.855268574463847,0.014979416728116977,337.06742269792727,0.4706898405785413,0.4999999999999999,0.15892719804945107,0.2919068437018268,1.2831601785979725,0.303958441945334,0.5254522507362221,0.40106342575009496,-0.09138865143699335,0.2336435817151397,0.44862939410242586,"Furnishings, Fixtures & Appliances",Consumer Cyclical,IRBT
2015Q1,2015,Q1,2015-05-01,2015-03-28,4754000.0,117961000.0,7899000.0,0.16,53708000.0,0.4553030239,457668000.0,394287000.0,340484000.0,59562000.0,63381000.0,49698000.0,145635000.0,948302940.0,764641940.0,13.29669847907463,5.716463517007488,0.0,0.0,0.013404627525068737,13.29669847907463,0.012057207059832051,8.039122591364942,49.868686369373165,2.405108309429426,0.0,1.2928689283270958,0.0,0.25774360453429124,4.352691313253416,0.01038744242551369,289.4697619047619,0.45530302388077415,-0.48387096774193544,-0.346941261315546,0.05286429382074652,1.3655836380722257,-0.29641710879675115,-0.49350095887492007,-0.381343984962406,5.715315882652687,0.11247166360029054,0.46599470665154813,"Furnishings, Fixtures & Appliances",Consumer Cyclical,IRBT
2014Q4,2014,Q4,2015-02-13,2014-12-27,9386000.0,159342000.0,12768000.0,0.31,76335000.0,0.4790639003,493213000.0,390436000.0,374859000.0,99041000.0,102777000.0,47857000.0,140881000.0,1031281060.0000001,845324060.0000001,13.17882940660231,3.784887066972264,0.0,0.0,0.024498368326048476,13.17882940660231,0.02403979141267711,6.47212323179074,27.468598444491796,2.6413575080166787,0.0,1.7344798044173266,0.0,0.3230693432654857,2.9865712179804325,0.019030317530154314,28.54678237280629,0.4790639002899424,-0.35416666666666663,0.5432139745380696,0.3217448251565081,1.473417552639342,0.1244089616874604,-0.3574313685219415,-0.43738433066008636,-0.20447478166329172,0.09865710828421452,0.4489454601583849,"Furnishings, Fixtures & Appliances",Consumer Cyclical,IRBT
2014Q3,2014,Q3,2014-10-31,2014-09-27,14607000.0,143497000.0,22694000.0,0.48,67889000.0,0.4731039673,460732000.0,377770000.0,343651000.0,78696000.0,82962000.0,54148000.0,131495000.0,932242500.0,783818500.0,12.764656191924312,4.366816610755311,0.0,0.0,0.03931428877615412,12.764656191924312,0.03866638430791222,6.496599232039694,15.955406654343808,2.4677515419435108,0.0,1.396321193765236,0.0,0.31145438128890546,3.2566585341059264,0.03170389727650782,231.49801340948596,0.47310396733032745,0.7142857142857141,3.7615330086468015,0.5433735317998242,1.5821108971951232,0.09285104875967869,0.7124267291910903,1.3456330749354004,-0.055092900181485153,0.08362735879429185,0.525948092425458,"Furnishings, Fixtures & Appliances",Consumer Cyclical,IRBT
2014Q2,2014,Q2,2014-08-01,2014-06-28,8530000.0,139803000.0,9675000.0,0.28,62121000.0,0.4443466878,443140000.0,359283000.0,325997000.0,79508000.0,83857000.0,50796000.0,116888000.0,1190475230.0,1042757230.0,12.165475908305963,4.100178598380038,0.0,0.0,0.023518095454040485,12.165475908305963,0.023741730056807585,8.515376851712768,34.89083323563893,3.313474976550519,0.0,1.529293645168911,0.0,0.31548269170013993,2.986441615938019,0.019248995802680868,-352.00332052040216,0.44434668783931675,0.5555555555555558,3.763972692220772,0.9267772736054238,1.545638782750637,0.20133436472635854,0.615530303030303,0.212406015037594,-0.04010284016065452,0.1679646916940173,0.56155775177517,"Furnishings, Fixtures & Appliances",Consumer Cyclical,IRBT
2014Q1,2014,Q1,2014-05-02,2014-03-29,5280000.0,114204000.0,7980000.0,0.18,51710000.0,0.4527862422,411179000.0,346817000.0,294611000.0,59948000.0,64362000.0,41390000.0,108358000.0,1194997660.0,1040173660.0,11.881770529994176,4.914442516847935,0.0,0.0,0.015589484710969286,11.881770529994176,0.015224167212103214,10.46371107842107,56.581328598484845,3.445614430665163,0.0,1.5098816139164049,0.0,0.2777476476181906,3.717138186428238,0.012841122722707142,-120.23318844954221,0.45278624216314667,0.6363636363636362,3.520718694517062,0.7112338986154169,1.4696168013648083,-0.12297959668255287,0.6562107904642409,0.6931890515595163,-0.36883231110149284,-0.039537871707413914,0.6271331609373734,"Furnishings, Fixtures & Appliances",Consumer Cyclical,IRBT
2013Q4,2013,Q4,2014-02-18,2013-12-28,3188000.0,126343000.0,4713000.0,0.11,58961000.0,0.466674054,416337000.0,330689000.0,300661000.0,80915000.0,85648000.0,46107000.0,103078000.0,1023419819.9999999,858015819.9999999,11.441734136045948,3.715763455477971,0.0,0.0,0.009966126869009872,11.441734136045948,0.009640477911270106,8.100328629207791,80.25563205771643,3.094810592429745,0.0,1.4614266814149695,0.0,0.30346330016308903,2.812358647963913,0.00765725842286417,34.5843410381184,0.4666740539642085,-0.576923076923077,-0.49844531161039984,0.18821167811056227,1.3570683628302818,0.09063835297164315,-0.5914915427985649,-0.5729817885294917,-0.5998493826428225,-0.026202622577260047,0.6611764917970738,"Furnishings, Fixtures & Appliances",Consumer Cyclical,IRBT
2013Q3,2013,Q3,2013-11-01,2013-09-28,7804000.0,124501000.0,11037000.0,0.26,54061000.0,0.4342214119,404105000.0,322602000.0,286763000.0,76947000.0,81503000.0,48853000.0,99890000.0,1075763520.0,936032520.0,11.227578046149027,3.7267599776469518,0.0,0.0,0.023862172116144425,11.227578046149027,0.024190798569134725,8.640601440952281,34.461927216811894,3.334646158424312,0.0,1.441876650359241,0.0,0.30809071899630047,2.75854809154353,0.01931181252397273,10546.701176470588,0.43422141187620983,-0.07142857142857148,0.7424402903966439,0.1586634151529864,1.4877690685427403,-0.122457592727863,-0.05907885218230046,0.3963815789473684,-0.017868526859449518,0.16935705945095664,0.780437007299471,"Furnishings, Fixtures & Appliances",Consumer Cyclical,IRBT
2013Q2,2013,Q2,2013-08-02,2013-06-29,8294000.0,130362000.0,7904000.0,0.28,61605000.0,0.4725686933,396685000.0,308210000.0,279429000.0,84337000.0,88475000.0,41560000.0,92086000.0,1130104320.0,996247320.0,10.846354166666666,3.3132432977222335,0.0,0.0,0.027272523006839296,10.846354166666666,0.026910223548879012,8.668970405486261,34.06391126115264,3.666669867947179,0.0,1.654403272377286,0.0,0.32862850876640154,2.4310326428495204,0.02090827734852591,179.66682352941177,0.47256869333087864,-0.034482758620689495,2.5916492432771796,0.6800317374623666,1.600149777824318,0.32406989489973564,-0.007301017354877319,-0.11825078090138331,0.38930324813428413,0.18644870839997713,0.8191731414681261,"Furnishings, Fixtures & Appliances",Consumer Cyclical,IRBT
2013Q1,2013,Q1,2013-05-03,2013-03-30,8355000.0,106195000.0,8964000.0,0.29,46527000.0,0.4381279721,347251000.0,287811000.0,228288000.0,54407000.0,59440000.0,32160000.0,83792000.0,716683800.0,593107800.0,10.304726100966702,4.195930670685757,0.0,0.0,0.029343724004263452,10.304726100966702,0.029029467254552466,6.748752766137765,21.444757630161583,2.490119557626359,0.0,1.8553482587064676,0.0,0.30581625394887274,3.069035234436745,0.0240604058735612,-778.158306188925,0.438127972126748,2.380952380952381,2.8303975562233568,0.6260570639090934,1.3841578737553226,0.1250906804662185,2.4070394072078143,2.0100281690140847,0.21853280017720778,0.006319117156029804,0.8332890301772943,"Furnishings, Fixtures & Appliances",Consumer Cyclical,IRBT
2012Q4,2012,Q4,2013-02-15,2012-12-29,-5938000.0,100694000.0,-8875000.0,-0.21,41354000.0,0.4106898127,356796000.0,275817000.0,237558000.0,77163000.0,80979000.0,36965000.0,75437000.0,516839180.0,390069180.0,9.920761096324005,3.0786516853932584,0.0,0.0,-0.021427364523199446,9.920761096324005,-0.021528767262351485,5.132770373607166,-21.759817278544965,1.8738481674443561,0.0,1.6053023129987827,0.0,0.2822172894314959,2.200653162785273,-0.01664256325743562,21.660415741167597,0.41068981269986293,-1.3888888888888888,-1.249812811164942,-0.11126983460416441,1.1806827782923814,-0.24676696659502387,-1.3904780693101861,-1.3903844462039237,-2.040357902219475,-0.10994277986351754,0.8619396210483017,"Furnishings, Fixtures & Appliances",Consumer Cyclical,IRBT
2012Q3,2012,Q3,2012-11-02,2012-09-29,15207000.0,126298000.0,22734000.0,0.54,54902000.0,0.4347020539,350734000.0,278609000.0,296873000.0,68185000.0,72125000.0,32592000.0,81375000.0,629314000.0,459656000.0,10.07627486437613,4.353934149739679,0.0,0.0,0.054112956902178724,10.07627486437613,0.054581869214562345,4.982770906902722,10.345794699809298,2.258771252902814,0.0,2.1905989199803635,0.0,0.3600962552817805,3.590100461978441,0.04335764425462031,58.863904218501546,0.43470205387258704,1.076923076923077,10.713287307390486,0.7413076237157089,1.8347567407761436,0.11032014075676988,1.0619661016949153,1.137457690861226,4.305820149712579,0.45394476582383136,1.0382890646831133,"Furnishings, Fixtures & Appliances",Consumer Cyclical,IRBT
2012Q2,2012,Q2,2012-08-03,2012-06-30,7375000.0,111445000.0,10636000.0,0.26,49447000.0,0.4436897124,333403000.0,258624000.0,276685000.0,70710000.0,74779000.0,34597000.0,66168000.0,609612300.0,453069300.0,9.396991497710923,3.9129543204638666,0.0,0.0,0.028356337362990452,9.396991497710923,0.028516301658005443,5.470073130243618,20.66482372881356,2.357137388641425,0.0,1.7920050871462843,0.0,0.3342651385860355,3.087597228114835,0.022120376841240182,-107.89598230088495,0.44368971241419536,12.0,2.359250272996161,1.0865803248373815,1.6467105672810483,0.45376767706465176,10.294027565084226,22.27352297592998,3.5643323802228646,0.6481744888346964,0.9663304730576673,"Furnishings, Fixtures & Appliances",Consumer Cyclical,IRBT
2012Q1,2012,Q1,2012-05-04,2012-03-31,653000.0,97807000.0,457000.0,0.02,34013000.0,0.3477562956,325836000.0,248085000.0,266203000.0,73562000.0,77751000.0,31681000.0,58793000.0,745615520.0,578817520.0,9.070086282538753,3.6187569669122643,0.0,0.0,0.0013410236345748454,9.070086282538753,0.002632162363705988,7.6233349351273425,285.45770290964776,3.005484088114961,0.0,2.013635933209179,0.0,0.3001724794068181,2.898534569478807,0.0020040756699689416,340.61924166285974,0.3477562955616674,-0.9473684210526315,1.1037329408958003,1.1645167587411802,1.439496807908823,-0.3935455112775252,-0.9386162812558752,-0.9696808863530817,1.3326854211618704,0.5639689489567327,0.8852104083849159,"Furnishings, Fixtures & Appliances",Consumer Cyclical,IRBT
2011Q4,2011,Q4,2012-02-21,2011-12-31,10638000.0,130768000.0,15073000.0,0.38,56085000.0,0.4288893307,332213000.0,242958000.0,284180000.0,85000000.0,89255000.0,31089000.0,58140000.0,797353200.0,635300200.0,9.095462713387242,3.343294117647059,0.012808047848819884,0.017513315058569793,0.04314621693600142,9.095462713387242,0.04378534561529153,6.097464211427872,18.73832487309645,3.281856123280567,0.0,2.4022323008137927,0.0,0.3936269802807235,2.7037529411764707,0.032021624680551336,23.451564705882355,0.4288893307231127,-0.24,6.252495491259922,0.8829869035521946,1.2533834234243342,0.12073616689646903,-0.24295473953885569,-0.03254172015404365,0.8108457507151158,0.33065540912261027,0.8737218634968503,"Furnishings, Fixtures & Appliances",Consumer Cyclical,IRBT
2011Q3,2011,Q3,2011-11-04,2011-10-01,14052000.0,120373000.0,15580000.0,0.5,50043000.0,0.415732764,301926000.0,225037000.0,253280000.0,73162000.0,76889000.0,31989000.0,47502000.0,676854320.0,545192320.0,8.365065794364732,3.461906454170198,0.0,0.0,0.06281398188441151,8.365065794364732,0.06244306491821345,5.6229745873244,12.041957016794761,3.007746814968205,0.0,2.198568257838632,0.0,0.39868378344362526,2.6601651130368222,0.04654120546094076,31.012798167239403,0.4157327639919251,0.7241379310344829,0.2254868116101061,0.9150765868398154,1.0645612264452078,0.17648580026330637,0.751246261216351,0.3517265313204928,2.3510058778013008,0.19649239753928927,0.8535032091523316,"Furnishings, Fixtures & Appliances",Consumer Cyclical,IRBT
2011Q2,2011,Q2,2011-08-05,2011-07-02,8024000.0,108082000.0,11526000.0,0.29,42536000.0,0.3935530431,273863000.0,207752000.0,223439000.0,62261000.0,66111000.0,34202000.0,33450000.0,958945320.0,850220320.0,7.7906026174672816,3.5887473699426606,0.0,0.0,0.03825127969445452,7.7906026174672816,0.03862297354538103,8.872386891434282,29.877409022931207,4.615817513188802,0.0,1.9164376352260102,0.0,0.3946571826059015,2.651804500409566,0.029299321193443438,-110.93768162887552,0.39355304305989897,0.07407407407407393,4.967529415448992,1.7477912457635612,1.1689314646737943,-0.021125788189809914,0.0731576835629263,0.03427853553481694,2.6408279274971282,0.48425536350686393,0.8676076176065403,"Furnishings, Fixtures & Appliances",Consumer Cyclical,IRBT
2011Q1,2011,Q1,2011-05-06,2011-04-02,7477000.0,106277000.0,11144000.0,0.27,43454000.0,0.4088749212,265302000.0,190509000.0,215884000.0,70820000.0,74793000.0,35071000.0,25426000.0,873459719.9999999,765460719.9999999,7.302272988615892,3.048347924315165,0.0,0.0,0.038426816405228444,7.302272988615892,0.03924748961991297,8.218708845752138,29.20488564932459,4.584873785490449,0.0,1.7913090587665021,0.0,0.400588762994625,2.25710251341429,0.02818297638163301,-195.9748081669284,0.40887492119649593,0.03846153846153849,1.3188573114097641,1.492113408290489,1.0027294830268625,-0.04471508969398523,0.06814285714285714,0.47544022242817424,2.753637632134963,0.7421458177532052,0.6894938760658715,"Furnishings, Fixtures & Appliances",Consumer Cyclical,IRBT
2010Q4,2010,Q4,2011-02-18,2011-01-01,7000000.0,113995000.0,7553000.0,0.26,45488000.0,0.3990350454,254331000.0,174907000.0,206593000.0,75840000.0,79424000.0,27160000.0,17949000.0,631802720.0,523419720.0,6.88772938489407,2.724063818565401,0.0,0.0,0.039313388030821704,6.88772938489407,0.04002126844551676,5.542372209307426,22.564382857142856,3.612220894532523,0.0,2.5223490427098674,0.0,0.4482151212396444,2.114702004219409,0.027523188286131064,68.52524078091106,0.3990350453967279,-0.03703703703703707,222.18257518421345,0.1593452350045297,-0.055450606190060134,0.3677721983341853,-0.004550625711035267,0.0160075329566855,-0.6775833382426866,0.10153183917470379,0.5139919916771609,"Furnishings, Fixtures & Appliances",Consumer Cyclical,IRBT
2010Q3,2010,Q3,2010-11-05,2010-10-02,7032000.0,94223000.0,7434000.0,0.27,33257000.0,0.3529605298,228921000.0,160351000.0,184460000.0,64878000.0,68570000.0,33969000.0,10949000.0,473215080.0,382612080.0,6.3060799119081326,2.8431825888590896,0.0,0.0,0.04215816856310458,6.3060799119081326,0.043853795735605015,5.0222884009212185,16.823630546075083,2.9511202299954475,0.0,1.7947540404486444,0.0,0.41159614015315327,2.0804124664755386,0.03071802062720327,60.35906632653061,0.35296052980694737,0.35000000000000003,2.22234886400072,0.1736037917710169,4.0516711482935905,-0.020989108036502797,0.3232969514490026,-0.11341681574239713,5.884099285543542,0.41259898150185126,0.7740884184644967,"Furnishings, Fixtures & Appliances",Consumer Cyclical,IRBT
2010Q2,2010,Q2,2010-08-06,2010-07-03,5314000.0,97804000.0,8385000.0,0.2,33970000.0,0.3473273077,212861000.0,150809000.0,170856000.0,58253000.0,62052000.0,30684000.0,3917000.0,447703800.0,371893800.0,5.962244010437258,2.932999158841605,0.0,0.0,0.03506932826561741,5.962244010437258,0.035236623808923874,4.577561244938857,21.062467068121943,2.968680914269042,0.0,2.0803676183026987,0.0,0.45947355316380173,2.161262080922871,0.02496464829160814,40.65230182511577,0.34732730767657766,-0.1666666666666666,3.7701764447619905,1.6214623627197369,0.6599099285729355,0.03829813246935844,-0.13845654993514916,-0.16963755199049316,2.0656667870598877,0.992478357102682,0.6792964249224305,"Furnishings, Fixtures & Appliances",Consumer Cyclical,IRBT
2010Q1,2010,Q1,2010-05-07,2010-04-03,6168000.0,94930000.0,10098000.0,0.24,32717000.0,0.3446434215,197244000.0,141225000.0,156606000.0,52113000.0,56019000.0,29868000.0,-1397000.0,364815000.0,301958000.0,5.62089552238806,3.0051234816648438,0.0,0.0,0.04354991763918469,5.62089552238806,0.04367498672331386,3.8429895712630358,14.786600194552529,2.5832182687201275,0.0,2.0829315655551093,0.0,0.48128206688162883,2.1381996814614395,0.031270913183670986,42.98515376458112,0.34464342146845045,0.1999999999999999,0.9862887018696757,1.3114439058600063,0.5415930356547759,-0.048537195370208806,0.20187061574434917,0.17486910994764399,2.0666719917952503,1.287059760331727,0.5118000267376266,"Furnishings, Fixtures & Appliances",Consumer Cyclical,IRBT
2009Q4,2009,Q4,2010-02-19,2010-01-02,5132000.0,101722000.0,8595000.0,0.2,34386000.0,0.338038969,199584000.0,133194000.0,159011000.0,62376000.0,66390000.0,32406000.0,-7565000.0,439964800.00000006,368108800.00000006,5.328186254900392,2.5492336796203667,0.0,0.0,0.03846313823032177,5.328186254900392,0.03853026412601168,4.325168596763729,21.432424006235387,3.3031878312836915,0.0,2.077886811084367,0.0,0.5096701138367805,1.7953379504937796,0.02571348404681738,30.472697049452837,0.3380389689546018,1.0,165.21673361650454,0.0509153134655617,-0.26931869474862935,0.42120272783632984,0.9784117193523516,1.0953193564115067,3.70765602919574,0.5651712093132192,0.3200479142241027,"Furnishings, Fixtures & Appliances",Consumer Cyclical,IRBT
2009Q3,2009,Q3,2009-10-30,2009-09-26,2594000.0,78619000.0,4102000.0,0.1,24195000.0,0.307750035,182382000.0,123711000.0,145596000.0,54549000.0,58671000.0,24653000.0,-12697000.0,320820500.0,258073500.0,4.943496503496504,2.6690865093768905,0.0,0.0,0.020410929330498626,4.943496503496504,0.020968224329283573,4.080699322046834,30.919477640709328,2.593306173258643,0.0,2.2076015089441445,0.0,0.431067758879714,1.955691213404462,0.01422289480321523,27.31317044100119,0.3077500349788219,2.0,0.20781879471168155,-0.004983670133975603,3.3922826640561445,0.47449570357730514,1.9942506707550787,0.0,-0.7568070646740235,0.3446060470312472,0.2200921612669065,"Furnishings, Fixtures & Appliances",Consumer Cyclical,IRBT
2009Q2,2009,Q2,2009-07-31,2009-06-27,-2609000.0,61340000.0,,-0.1,16409000.0,0.2675089664,165620000.0,119316000.0,127440000.0,42075000.0,46304000.0,28638000.0,-15291000.0,336055820.0,285066820.0,4.778948211639364,3.0288770053475935,0.0,0.0,,4.778948211639364,-0.021866304602903217,5.478575480925986,-32.201592564200844,2.816519326829596,0.0,1.5689293945107898,0.0,0.37036589783842533,1.9555555555555555,-0.015752928390291028,-81.19251510026577,0.26750896641669386,-0.39275766016713093,-0.37787910430062555,0.6656430398893008,0.33047617151353254,0.012526224854991979,-0.4599888080581981,0.0,-0.37787910430062555,0.6656430398893008,0.33047617151353254,"Furnishings, Fixtures & Appliances",Consumer Cyclical,IRBT
2009Q1,2009,Q1,2009-04-30,2009-03-28,-1787000.0,56936000.0,,-0.0718,16206000.0,0.2846353801,162092000.0,119808000.0,123562000.0,37947000.0,42284000.0,30742000.0,-12682000.0,201706200.0,146969200.0,4.811179824913662,3.256173083511213,0.0,0.0,,4.811179824913662,-0.014915531517094018,3.542683012505269,-28.218550643536656,1.6835787259615382,0.0,1.3248975343178713,0.0,0.35125731066308025,2.053627427728147,-0.011024603311699528,14.877282785071545,0.2846353800758747,-1.341904761904762,-1.5806232219848362,0.3987454023730204,0.3195195110508963,-0.5046006174915172,-1.3295831796385098,0.0,-1.5806232219848362,0.3987454023730204,0.3195195110508963,"Furnishings, Fixtures & Appliances",Consumer Cyclical,IRBT
2008Q4,2008,Q4,2009-02-13,2008-12-27,5422000.0,90702000.0,10219000.0,0.21,32713000.0,0.3606645939,163678000.0,119676000.0,123995000.0,39558000.0,44002000.0,34560000.0,-10895000.0,229035659.99999997,188183659.99999997,4.854222438549526,3.134511350422165,0.0,0.0,0.045265792466932256,4.854222438549526,0.045305658611584615,2.525144539260435,10.56047860568056,1.913797753935626,0.0,1.6779224537037036,0.0,0.5541489998655897,1.9409980282117398,0.033126015713779496,12.578156955351748,0.3606645939450067,0.4,177.0596359891977,-0.049860079501834756,-0.33431576568522825,0.13076391289319045,0.4075804776739356,0.7349745331069609,177.0596359891977,-0.049860079501834756,-0.33431576568522825,"Furnishings, Fixtures & Appliances",Consumer Cyclical,IRBT
2008Q3,2008,Q3,2008-10-31,2008-09-27,3852000.0,92415000.0,5890000.0,0.15,28930000.0,0.3130444192,173837000.0,111528000.0,133034000.0,52257000.0,62309000.0,42596000.0,-16317000.0,380070560.0,369555560.0,4.513111039171253,2.5457642038387203,0.0,0.0,0.033514208560978385,4.513111039171253,0.034538411878631374,4.112650110912731,24.667092419522326,3.4078487913349114,0.0,1.4903981594515916,0.0,0.531618700276696,1.441050959680043,0.022158688886715718,-211.38518353726363,0.31304441919601794,1.8333333333333333,0.8162861902449395,0.18443532518427416,3.184008280846039,0.7567403449113432,1.8535342344338577,0.0,0.8162861902449395,0.18443532518427416,3.184008280846039,"Furnishings, Fixtures & Appliances",Consumer Cyclical,IRBT
2008Q2,2008,Q2,2008-08-01,2008-06-28,-4513000.0,67202000.0,,-0.18,16468000.0,0.2450522306,147024000.0,102659000.0,101980000.0,39706000.0,44365000.0,43288000.0,-20169000.0,345770500.0,331010500.0,4.171434376269809,2.568377575177555,0.0,0.0,,4.171434376269809,-0.043961075015342056,5.145241213059135,-19.15413804564591,3.368145997915429,0.0,1.1720107189059323,0.0,0.4570818369789966,1.0679242431874276,-0.030695668734356297,-41.36010765550239,0.24505223058837536,-0.12499999999999993,-1.4180045627946785,0.8512927851386228,0.16134216000544055,0.07213541666666666,-0.12684144818976278,0.0,-1.4180045627946785,0.8512927851386228,0.16134216000544055,"Furnishings, Fixtures & Appliances",Consumer Cyclical,IRBT
2008Q1,2008,Q1,2008-05-05,2008-03-29,-4005000.0,57302000.0,,-0.16,15360000.0,0.2680534711,146065000.0,105919000.0,105851000.0,40146000.0,40146000.0,46216000.0,-15656000.0,419787780.0,396926780.0,4.322166000163225,2.6366512230359187,0.0,0.0,,4.322166000163225,-0.037811912876820966,7.325883564273498,-26.20398127340824,3.963290627743842,0.0,0.9075212047775663,0.0,0.39230479581008454,1.115528321626065,-0.027419299626878446,-111.70510377860565,0.26805347108303373,-1.1975308641975309,-2.322312699566487,0.4304849702561036,0.18540203749680723,-0.5749155919632479,-1.1933381607530775,0.0,-2.322312699566487,0.4304849702561036,0.18540203749680723,"Furnishings, Fixtures & Appliances",Consumer Cyclical,IRBT
2007Q4,2007,Q4,2008-02-25,2007-12-29,20715000.0,98740000.0,11618000.0,0.81,36134000.0,0.3659509824,169092000.0,110227000.0,146605000.0,58865000.0,58865000.0,45222000.0,-11651000.0,437091160.0,410356160.0,4.5493829708200915,2.490529176930264,0.0,0.0,0.180354778162304,4.5493829708200915,0.1879303618895552,4.426687867125785,5.275056239440019,3.965372912262876,0.0,1.3844146654283314,0.0,0.5839424691883708,1.583453665166058,0.12250727414661841,-81.00280948851001,0.3659509823779623,15.31095406360424,691.2178710236923,0.05248454359080642,-0.3761199537366161,0.7966388225934765,16.03265602322206,0.0,691.2178710236923,0.05248454359080642,-0.3761199537366161,"Furnishings, Fixtures & Appliances",Consumer Cyclical,IRBT
2007Q3,2007,Q3,2007-10-31,2007-09-29,-1378000.0,63840000.0,,-0.0566,20112000.0,0.315037594,146284000.0,86507000.0,133164000.0,59777000.0,59777000.0,43711000.0,-32366000.0,483819560.0,460619560.0,3.554546575173604,2.2276795422988775,0.0,0.0,,3.554546575173604,-0.015929346758065822,7.578627192982456,-87.77568214804063,5.592837111447628,0.0,1.0003889181212966,0.0,0.43641136419567417,1.4623350117938338,-0.009420032266003117,-22.63483321637427,0.3150375939849624,0.7170000000000001,-1.659763177529695,-0.16918827838650907,2.720134755704489,0.3210719915922228,0.7114740368509213,0.0,-1.659763177529695,-0.16918827838650907,2.720134755704489,"Furnishings, Fixtures & Appliances",Consumer Cyclical,IRBT
2007Q2,2007,Q2,2007-08-01,2007-06-30,-4776000.0,47014000.0,,-0.2,15224000.0,0.3238184371,125545000.0,86013000.0,113417000.0,39532000.0,39532000.0,22008000.0,-30988000.0,480159320.0,469898320.0,3.550441674234294,2.8689922088434687,0.0,0.0,,3.550441674234294,-0.055526490181716716,10.213113540647466,-25.133967755443887,5.582404055200958,0.0,1.4444747364594692,0.0,0.37447927038113826,2.2621926540524133,-0.03804213628579394,4899.584897959184,0.32381843706130087,0.13043478260869565,-1.5994771333774467,0.31567921597486165,-0.011544415900480737,0.3694341998740667,0.13179421923286674,0.0,-1.5994771333774467,0.31567921597486165,-0.011544415900480737,"Furnishings, Fixtures & Appliances",Consumer Cyclical,IRBT
2007Q1,2007,Q1,2007-05-07,2007-03-31,-5501000.0,39487000.0,,-0.23,11117000.0,0.2815356953,116867000.0,88868000.0,105609000.0,27999000.0,27999000.0,16199000.0,-26212000.0,312399140.0,303002140.0,3.7180152288511423,3.7718847101682202,0.0,0.0,,3.7180152288511423,-0.061900796687221496,7.911442753311216,-14.19737956735139,3.5153164243597246,0.0,1.7513426754737946,0.0,0.33787981209408985,3.1278617093467624,-0.047070601624068384,481.35460708782745,0.28153569529212147,-2.304597701149426,-2.862136361644478,0.0106617876590782,0.019706977371498516,-0.5120270388903521,-2.085249579360628,0.0,-2.862136361644478,0.0106617876590782,0.019706977371498516,"Furnishings, Fixtures & Appliances",Consumer Cyclical,IRBT
