Quarters,Year,Quarter,FillingDate,Date,NetIncome,Revenue,OperatingIncome,EPSDiluted,GrossProfit,GrossProfitRatio,TotalAssets,CommonStockEquity,CurrentAssets,CurrentLiability,TotalLiability,Inventory,RetainedEarnings,MarketCap,EnterpriseValue,bookValuePerShare,currentRatio,debtToAssets,debtToEquity,roic,shareholdersEquityPerShare,roe,priceToSalesRatio,peRatio,pbRatio,payoutRatio,inventoryTurnover,dividendYield,assetTurnover,quickRatio,returnOnAssets,priceToFreeCashFlowsRatio,grossProfitMargin,epsdilutedGrowth,fiveYNetIncomeGrowthPerShare,fiveYRevenueGrowthPerShare,fiveYShareholdersEquityGrowthPerShare,grossProfitGrowth,netIncomeGrowth,operatingIncomeGrowth,threeYNetIncomeGrowthPerShare,threeYRevenueGrowthPerShare,threeYShareholdersEquityGrowthPerShare,Industry,Sector,Symbol
2023Q3,2023,Q3,2023-05-15,2023-03-31,-11922767.0,759905.0,4952726.0,-0.56,-128135.0,-0.1686197617,23988267.0,15458064.0,22780619.0,10359940.0,10716161.0,133680.0,-81319207.0,14446146.440000001,-1465411.5599999987,0.7276323525902179,2.198914182900673,0.23753875175726533,0.36861944678195147,0.22436867844329406,0.7276323525902179,-0.7712975570550102,19.01046372901876,-0.3029109442464153,0.9345378852099461,0.0,6.643028126870138,0.0,0.0316781950109193,2.143240501392865,-0.497024941401561,-1.119819767122329,-0.16861976168073642,-2.1111111111111116,-6.155750513897478,-0.9850933856730746,-0.9350429194395501,-1.712676730035485,-2.1943147427351564,2.3484305284354074,0.47853425922140597,-0.9062777482195363,-0.8420955990734598,Integrated Freight & Logistics,Industrials,SGLY
2023Q2,2023,Q2,2023-03-07,2022-12-31,-3732496.0,1490931.0,-3672956.0,-0.18,179794.0,0.1205917645,38815556.0,29589431.0,37509123.0,10688550.0,11284968.0,91780.0,-69396440.0,8920338.42,-21103865.58,1.3931714734203997,3.509280772415342,0.15572802821631615,0.2042847664086545,-0.09975439153898087,1.3931714734203997,-0.1261428785163189,5.983065896409693,-0.5974780964266271,0.3014704277348219,0.0,14.285650468511658,0.0,0.03841065679955737,3.458887594669062,-0.09615979737608293,-0.5454501685664469,0.12059176447468059,-0.28571428571428553,-2.2240177622504316,-0.9721183413693362,-0.8626777850950658,-0.6219455524552281,-0.26511307563977676,-0.3173919702329692,-0.451269736873536,-0.8831676883982715,-0.7613645645211233,Integrated Freight & Logistics,Industrials,SGLY
2023Q1,2023,Q1,2023-03-06,2022-09-30,-2950326.0,1221204.0,-2788051.0,-0.14,475577.0,0.3894328875,57316539.0,33245780.0,55701113.0,20360422.0,26078853.0,2054266.0,-65663944.0,53041847.5,6792643.5,1.5669599366801845,2.7357543473313077,0.10836312011093342,0.18682067318017503,-0.07104737944202281,1.5669599366801845,-0.08874287202766787,43.43405974759336,-4.494575133392038,1.5954460235253918,0.0,0.3629651661469352,0.0,0.021306310906176663,2.612646044369807,-0.051474252484086665,-16.013290658876862,0.38943288754376826,0.5,-1.4553679931796786,-0.9783770110264897,-0.8438695995144282,102.03611642234969,0.42218629945538755,0.491708232006518,0.7253125353537873,-0.896413677590895,-0.73068035662454,Integrated Freight & Logistics,Industrials,SGLY
2022Q4,2022,Q4,2023-03-06,2022-06-30,-5106016.0,1158733.0,-5485139.0,-0.28,-4707.0,-0.0040621955,64847740.0,35928800.0,63165462.0,25212959.0,31059830.0,6202015.0,-62579592.0,54310016.94,4795581.939999998,2.0044969626923486,2.5052776233047456,0.09744128322744941,0.1758713622497829,-0.1174625344012248,2.0044969626923486,-0.14211484936875154,46.870173663820744,-2.6591190147073567,1.511601192914876,0.0,0.18759064594329425,0.0,0.01786851785428451,2.2452526496394176,-0.07873853429587523,-6.885527343623713,-0.004062195518726057,0.4042553191489361,-1.7276768487637915,-0.9717499804870836,-0.7922228085695944,-1.066792484958565,0.4585382763776982,0.4154646341620666,0.6926565621385404,-0.9006011306112718,-0.7023389087967664,Integrated Freight & Logistics,Industrials,SGLY
2022Q3,2022,Q3,2023-03-06,2022-03-31,-9430059.0,971747.0,-9383759.0,-0.47,70472.0,0.0725209339,89425058.0,39596209.0,86478672.0,45502319.0,51458814.0,22241756.0,-57473576.0,283570286.52,229692734.51999998,1.9576763736169744,1.900533289303343,0.07233827010769174,0.163370538831129,-0.1975698107764223,1.9576763736169744,-0.23815560221939427,291.8149338459496,-7.5177230206088845,7.161551413166851,0.0,0.040521755566422006,0.0,0.01086660743345562,1.4038581857773007,-0.1054520870425379,15.087536916463216,0.07252093394679891,0.14545454545454556,-1.6475953242709565,-0.9685460541895603,-0.8099797385030574,3.1371374897264297,-0.06517003870507761,-2.466804421249722,-0.023628775942693074,-0.9935672752540663,-0.7326997183289676,Integrated Freight & Logistics,Industrials,SGLY
2022Q2,2022,Q2,2022-02-14,2021-12-31,-8853102.0,1041925.0,-2706746.0,-0.55,17034.0,0.0163485856,65256118.0,49962693.0,57543237.0,5411259.0,16446015.0,1434912.0,-41953051.0,77278894.02,37438182.019999996,3.0839215368211863,10.633983145142379,0.17715883742885227,0.23138660680279985,-0.042592943055308134,3.0839215368211863,-0.1771942517189776,74.16934426182307,-2.1822547063164976,1.5467319589838762,0.0,0.7142535570125554,0.0,0.015966702156570207,9.612619909710476,-0.13566700366699716,-14.004917017685628,0.016348585550783407,-2.055555555555556,-2.013533323941533,-0.9499621219578168,-0.6011194821203432,-0.8994106600843264,-2.1008983499894223,0.05665547232991369,-0.05767598589203933,-0.9831564331679752,-0.6354862541366629,Integrated Freight & Logistics,Industrials,SGLY
2022Q1,2022,Q1,2021-11-12,2021-09-30,-2855012.0,1796210.0,-2869308.0,-0.18,169342.0,0.0942773952,53689153.0,54155388.0,45831667.0,5216069.0,6560791.0,0.0,-33099949.0,35884609.15,-5205850.8500000015,3.45596180249883,8.786629739752293,0.03461432889432992,0.03431632693685068,-0.04857797919064979,3.45596180249883,-0.05271889105475525,19.977958674097128,-3.142246788279699,0.6626230643938882,0.0,0.0,0.0,0.033455733600416454,8.321582977525797,-0.05317670032902177,-103.74092715940168,0.09427739518207782,-0.28571428571428553,-1.4672823256946055,-0.9023692320011129,-0.5255784827683476,0.9965572939387151,-0.8965491586132863,-4.9604149615491675,0.6279633140394615,-0.9536328416869476,-0.6101876757298333,Integrated Freight & Logistics,Industrials,SGLY
2021Q4,2021,Q4,2021-09-29,2021-06-30,-1505372.0,1176599.0,-481394.0,-0.14,84817.0,0.0720865817,52803116.0,54020276.0,46867349.0,5343648.0,5733974.0,0.0,-30244937.0,35445448.29,-8806463.71,4.922648743286637,8.770665470480091,0.011086561633976299,0.01083676432900861,-0.009324815445617352,4.922648743286637,-0.02786679579349058,30.12534286532625,-5.8864932206125795,0.6561508180743097,0.0,0.0,0.0,0.022282756949419426,8.541984239979879,-0.028509150861475676,25.014007024581094,0.07208658174960203,0.5625,-7.665702867880132,-0.9028668750160905,-0.281489305929727,1.5820226723759332,0.5675785297339097,0.8395033409993059,0.5702093563726995,-0.9620472818538613,-0.4801524361368764,Integrated Freight & Logistics,Industrials,SGLY
2021Q3,2021,Q3,2021-05-13,2021-03-31,-3481261.0,953194.0,-2999402.0,-0.32,-145728.0,-0.152883883,54388575.0,55417850.0,49495281.0,5581045.0,5940651.0,0.0,-28739565.0,71110373.04,23888161.040000007,5.050003995872724,8.868461193199481,0.010334247587843586,0.010142309743160372,-0.05262430650736838,5.050003995872724,-0.06281840598290984,74.60220379062395,-5.106653382208344,1.2831673015102534,0.0,0.0,0.0,0.017525629233713147,8.614035005989022,-0.06400721107328147,-17.303772703934516,-0.1528838830290581,-0.3913043478260869,0.2834342850253384,-0.8766050346281848,-0.25747022828516686,-1.7436012572968118,-2.1834202055671383,-1.5508806545163842,-3.9143155318368406,-0.9638018677521596,-0.549176840168296,Integrated Freight & Logistics,Industrials,SGLY
2021Q2,2021,Q2,2021-02-12,2020-12-31,-1093560.0,1884440.0,-1175830.0,-0.23,195976.0,0.1039969434,10662480.0,11635866.0,6808881.0,5751270.0,5977932.0,0.0,-25258304.0,9947303.28,6000005.279999999,2.4096866542908906,1.1838917317392506,0.04930391428635739,0.04517944775232028,-0.09507296710018863,2.4096866542908906,-0.09398183169177095,5.278652161915476,-2.274064358608581,0.8548829352280268,0.0,0.0,0.0,0.17673561873035165,1.158866128698531,-0.10256150539086592,-3.869781101634385,0.10399694338901742,-1.23,0.7451974508979868,-0.5878244841698301,-0.7083153800534828,3.7140211194765835,-1.2831820091017239,-1.2698751256902492,-2.577338439596058,-0.8449980090112655,-0.7624818517266374,Integrated Freight & Logistics,Industrials,SGLY
2021Q1,2021,Q1,2020-11-13,2020-09-30,3861686.0,1136799.0,4356941.0,1.0,41573.0,0.0365702292,11648401.0,11437256.0,2594464.0,6187994.0,6446521.0,0.0,-19559908.0,5436262.68,5012573.68,2.987512649039248,0.4192738389856228,0.05151780059769577,0.05246887889892471,0.31246100800602433,2.987512649039248,0.3376409516408481,4.782079048275024,0.3519358306190612,0.4753117950669286,0.0,0.0,0.0,0.09759270821806358,0.3982460228629827,0.3315206954156197,-13.676923897483375,0.03657022921378362,1.3058103975535167,8.116498645242196,-0.8169003874327346,-0.6756793354889705,0.7380016722408027,1.3325119740306148,1.3749426649223608,2.3032085766598605,-0.8884479036475318,-0.7023270758674095,Integrated Freight & Logistics,Industrials,SGLY
2020Q4,2020,Q4,2020-10-13,2020-06-30,-11613675.0,1374627.0,-11620286.0,-3.27,23920.0,0.0174010841,5738102.0,6184461.0,1913319.0,5808865.0,6096002.0,0.0,-23421594.0,10820274.549999999,11306652.549999999,1.7432650126239173,0.32937914721722744,0.10762443748821475,0.09985672154776301,-1.6251418734300722,1.7432650126239173,-1.8778798993153971,7.871425884985526,-0.23292098646638554,1.749590554455756,0.0,0.0,0.0,0.2395612695626533,0.3054059614055414,-2.0239575734275896,-42.3626753973847,0.017401084075898406,-1.771186440677966,-58.36867590761065,-0.8447557071630892,-0.8519871445660712,-0.9485449758213014,-2.041746745889441,-1.8800560531364698,-9.362284204403528,-0.8306757677770643,-0.81930094433499,Integrated Freight & Logistics,Industrials,SGLY
2020Q3,2020,Q3,2020-07-06,2020-03-31,-3818094.0,1353979.0,-4034743.0,-1.18,464872.0,0.3433376736,16638084.0,16347683.0,9162689.0,5637221.0,5814716.0,0.0,-12821480.0,6563117.350000001,6753690.350000001,4.608056192991887,1.6253911280043838,0.02005549437062585,0.02041176110400477,-0.24832463712470124,4.608056192991887,-0.23355566657366675,4.847281494026126,-0.4297378056957215,0.40147079864467644,0.0,0.0,0.0,0.0813783005302774,1.5629726065378668,-0.22947918762761385,-11.607200385543875,0.34333767362713896,-9.727272727272727,-4.802792375326137,-0.8126776180579777,-0.5152534923760294,-0.6326513517806301,-8.373397195906053,-11.116527275184312,-2.4948932400518906,-0.7501334493937066,-0.5527227816683847,Integrated Freight & Logistics,Industrials,SGLY
2020Q2,2020,Q2,2020-02-19,2019-12-31,-407333.0,2021124.0,-332995.0,-0.11,1265479.0,0.6261263535,19755837.0,19638127.0,15490706.0,5089628.0,5319890.0,0.0,-9003386.0,7568554.5,7834969.5,5.83807459535371,3.043583145958801,0.019542679968456916,0.019659817863485658,-0.01700522205274046,5.83807459535371,-0.020741947539090668,3.7447254596947044,-4.645188641725566,0.3854010364634061,0.0,0.0,0.0,0.10230515669875187,0.960014366472363,-0.020618362056743028,-18.560978450929085,0.6261263534548103,0.7843137254901961,-2.1008173864406636,-0.7590526729288746,-0.3646302532204997,0.14749161696085133,0.7496959786844034,0.7659000539914289,-1.224597157136099,-0.5325152164291974,-0.24489187217937333,Integrated Freight & Logistics,Industrials,SGLY
2020Q1,2020,Q1,2019-11-19,2019-09-30,-1627353.0,1786226.0,-1422448.0,-0.51,1102822.0,0.6174033969,18690248.0,18703337.0,14323278.0,4875787.0,5139260.0,0.0,-8596053.0,12215544.6,12496034.6,5.818216291396456,2.9376340681001856,0.022574767333210347,0.022558969022479787,-0.06772317835372904,5.818216291396456,-0.08700869796657142,6.838745265156817,-1.8765972410411262,0.6531211302025942,0.0,0.0,0.0,0.09556994642339685,2.90726379146587,-0.08706963117878372,-4.566736276849642,0.6174033968825893,0.4516129032258065,-4.622207278199426,-0.7474969394366785,-0.3885325879409873,0.5932083409178246,0.42418432012228563,0.20211580261109788,-2.298364661677161,-0.5267294253861307,-0.20129701707050074,Integrated Freight & Logistics,Industrials,SGLY
2019Q4,2019,Q4,2019-09-30,2019-06-30,-2826170.0,1983088.0,-1782775.0,-0.93,692202.0,0.3490525887,20599003.0,20533392.0,15945162.0,5239233.0,5239233.0,0.0,-6968700.0,10976904.0,7834254.0,6.734158484031563,3.0434153243423228,0.0,0.0,-0.10519316387870137,6.734158484031563,-0.13763775609991763,5.53525814285599,-0.9710052827678449,0.5345879531253287,0.0,0.0,0.0,0.0962710670997038,2.1909119140148947,-0.13719935862915308,-11.549444618050623,0.3490525886899623,-0.9375000000000002,-4.689348526006387,-0.8373604033146171,-0.3096709549758253,-0.592329311214033,-1.0349872910951259,-0.45031495249476705,-46.038195779961086,-0.4108017360370353,-0.017081019047026778,Integrated Freight & Logistics,Industrials,SGLY
2019Q3,2019,Q3,2019-05-15,2019-03-31,-1388790.0,22773139.0,-1229233.0,-0.48,1697944.0,0.0745590672,26774053.0,22331549.0,20550324.0,9217887.0,9217887.0,0.0,-4614380.0,13263758.999999998,9739851.999999998,7.323884439546888,2.2293963898667886,0.0,0.0,-0.06620946336113193,7.323884439546888,-0.062189595535894086,0.5824299847289387,-2.387646620439375,0.5939471104310766,0.0,0.0,0.0,0.8505674878584875,2.093921524531598,-0.05187074216966703,10.518653422946528,0.07455906715363218,0.07692307692307698,-2.313902039095644,2.357820010446228,-0.11562229962313009,-0.13312264830064993,0.02394335907026562,-0.042906314877645055,-0.02881338684785501,9.610103568650871,0.076870878796752,Integrated Freight & Logistics,Industrials,SGLY
2019Q2,2019,Q2,2019-02-13,2018-12-31,-1422858.0,10515287.0,-1178661.0,-0.52,1958690.0,0.1862707123,23126203.0,23299718.0,17033768.0,4505658.0,4505658.0,0.0,-3225590.0,10557352.520755,8103126.520755,8.460371033517637,3.780528393411129,0.0,0.0,-0.061108149155858105,8.460371033517637,-0.06106760605428787,1.004000415847423,-1.854955399757917,0.45311074240276206,0.0,0.0,0.0,0.45469145972644104,3.494267651916768,-0.06152579392302316,9.492613524751274,0.18627071234479858,-0.06122448979591842,-1.9738142573639164,0.4529837004570984,0.06306599586464498,0.383547797169035,-0.10510581881135289,0.12995263189363915,0.4187009731224966,3.032718339860197,0.02410000284635066,Integrated Freight & Logistics,Industrials,SGLY
2019Q1,2019,Q1,2018-11-14,2018-09-30,-1287531.0,6499533.0,-1354709.0,-0.49,1415701.0,0.2178158031,22332559.0,23308892.0,15542498.0,3729770.0,3729770.0,0.0,-1751618.0,14722999.2,13735968.2,8.865706873094172,4.167146499650112,0.0,0.0,-0.05526680756943058,8.865706873094172,-0.05523776076529077,2.265239548749118,-2.858765963693301,0.631647321545786,0.0,0.0,0.0,0.2910339562967235,3.6454121835930904,-0.05765264070275153,-2.5213753835451773,0.21781580307385162,-0.5312499999999999,-16.90151499305105,-0.2989896652767494,0.196872463434337,-0.3339253678887044,-0.568868309623176,-17.231243355269356,-5.426012501343446,0.5243676491349861,-0.03754986765777245,Integrated Freight & Logistics,Industrials,SGLY
2018Q4,2018,Q4,2018-09-28,2018-06-30,-820675.0,7263901.0,-74307.0,-0.32,2125439.0,0.2926029691,26157827.0,24348102.0,23832388.0,6622553.0,6622553.0,0.0,-434856.0,15298866.1,8200607.1,9.469408121690796,3.598670784514673,0.0,0.0,0.013352019947163587,9.469408121690796,-0.03370591268263949,2.106150138885428,-4.660452097358881,0.6283391658208103,0.0,0.0,0.0,0.27769512352841846,2.6703214002213347,-0.03137397460423605,-6.271780104111067,0.2926029691208622,-3.909090909090909,0.8634846749439504,1.409766977265789,-0.1798027456562184,0.18426341493312384,-4.478954798068648,-1.263632751243534,-6.59335681532189,0.13187079276866576,-0.19599479986634458,Integrated Freight & Logistics,Industrials,SGLY
2018Q3,2018,Q3,2018-05-14,2018-03-31,235897.0,5200170.0,281858.0,0.11,1794735.0,0.3451300631,23678098.0,24275370.0,21164977.0,3671068.0,4111287.0,0.0,105939.0,12135799.2,2585857.1999999993,11.201740384761804,5.765345942924512,0.0,0.0,0.0060597705144181235,11.201740384761804,0.009717544984896213,2.3337312434016577,12.861332700288683,0.499922316323088,0.0,0.0,0.0,0.21961941368770413,4.555636397909273,0.009962666764872752,-38.993526247807054,0.3451300630556309,-0.21428571428571436,1.379668372833062,-0.40420630368087035,0.4054483400586892,-0.027034543476292732,-0.2076095974847415,1.8872610743156464,-0.6153758918936578,0.17775069908228322,0.17837203007242883,Integrated Freight & Logistics,Industrials,SGLY
2018Q2,2018,Q2,2018-02-13,2017-12-31,297703.0,5220481.0,-317672.0,0.14,1844603.0,0.3533396635,20223299.0,21036205.0,17879083.0,3486218.0,3926437.0,0.0,20985.0,26540774.400000002,19320926.400000002,10.145273831949682,5.128504012084155,0.0,0.0,0.03284715011775332,10.145273831949682,0.01415193472396756,5.083971074695991,22.287963507253874,1.2616712187393115,0.0,0.0,0.0,0.2581419084987074,4.0617178845384885,0.014720793081287084,-38.778150450158236,0.3533396635290886,-0.5333333333333333,1.147359411702861,-0.7725872826839755,0.23057848449117896,0.07613939267005933,-0.5176469444529957,-1.342219397373609,0.30519589505654016,0.009639834160288659,0.10413115836934903,Integrated Freight & Logistics,Industrials,SGLY
2018Q1,2018,Q1,2017-11-14,2017-09-30,617189.0,5380011.0,928270.0,0.3,1714093.0,0.3186039954,19373149.0,20284286.0,18418596.0,3816895.0,3816895.0,0.0,-276718.0,31023992.45,23096606.45,10.036225692157812,4.825544323330875,0.0,0.0,0.032372487869323535,10.036225692157812,0.03042695217371713,5.766529557281574,12.566649944344439,1.5294594273616533,0.0,0.0,0.0,0.2777045177322489,3.8329511291245897,0.031857959694626826,-37.579057822148684,0.3186039954193402,-0.14285714285714282,1.4011022008295047,-0.8038644312828189,0.14496829484662946,0.19548210396224322,-0.2199497735766547,0.9665195736774872,1.1849909272807908,0.20963218696734173,0.05476053887831389,Integrated Freight & Logistics,Industrials,SGLY
2017Q4,2017,Q4,2017-09-27,2017-06-30,791217.0,4625052.0,472037.0,0.35,1433809.0,0.3100092712,17816021.0,19498304.0,16754888.0,3086496.0,3086496.0,0.0,-893907.0,29103940.8,20370198.8,9.647338809870037,5.428449607580895,0.0,0.0,0.0377779539102522,9.647338809870037,0.040578760080876776,6.292673206701243,9.195941442107538,1.4926396059882951,0.0,0.0,0.0,0.25960072678405577,4.229982478512851,0.04441042138421368,-202.19494789495624,0.3100092712471125,-0.513888888888889,1.5852349529154746,-0.8370493376036311,0.05978873815168303,-0.1124113066872684,-0.3890470976499822,-0.5091701049794533,0.5582425926813859,-0.42774581019406777,-0.011036315311787668,Integrated Freight & Logistics,Industrials,SGLY
2017Q3,2017,Q3,2017-05-15,2017-03-31,1295054.0,2747611.0,961712.0,0.72,1615398.0,0.5879282038,17608458.0,18532366.0,16913533.0,3878737.0,3878737.0,0.0,-1685124.0,24733898.75,15893709.75,10.302461212266424,4.360577425074193,0.0,0.0,0.06769269692525022,10.302461212266424,0.06988066175684206,9.001965252723183,4.774684829744551,1.3346325423316159,0.0,0.0,0.0,0.15603927385350835,3.9272626630782135,0.07354726915894623,21.436159909519517,0.5879282038105103,0.3333333333333332,1.8758488782156983,-0.9026245714814224,0.12779955548891225,-0.09132544921901367,0.45038923688068444,0.0074576285390737206,1.0768339201679464,-0.3132838721169404,0.2440484322674229,Integrated Freight & Logistics,Industrials,SGLY
2017Q2,2017,Q2,2017-02-13,2016-12-31,892901.0,2128548.0,954593.0,0.54,1777752.0,0.8351946961,10982144.0,12804095.0,10702884.0,2961275.0,2961275.0,0.0,-2980178.0,25669658.5,22376205.5,7.73144186939612,3.614282361482807,0.0,0.0,0.06823641090178721,7.73144186939612,0.06973558068727231,12.059703845062456,7.1871513471258295,2.004800690716525,0.0,0.0,0.0,0.19381898470826825,2.327025689947742,0.08130479804307793,64.48301991539473,0.8351946961026954,0.38461538461538464,1.3784512572513599,-0.9069572145719421,-0.22165503500242065,0.08527693989791602,0.38279904602614134,0.33914062061612704,0.0162270252028936,-0.5109019602338017,-0.028525709121068582,Integrated Freight & Logistics,Industrials,SGLY
2017Q1,2017,Q1,2016-11-14,2016-09-30,645720.0,1944402.0,712840.0,0.39,1638063.0,0.8424507895,9494341.0,12064045.0,9161601.0,2235034.0,2235034.0,0.0,-3873079.0,10681890.15,7785625.15,7.2845806460572895,4.099087978079975,0.0,0.0,0.05312250629108728,7.2845806460572895,0.05352433615756572,5.493663424538753,4.135650959394165,0.8854318887238899,0.0,0.0,0.0,0.204795888413951,2.2297356550280667,0.06801103941811233,7.007394609196956,0.8424507894972336,17.932038834951456,1.2738322055943356,-0.9206457224631008,-0.3178032498124006,1.4413793411808191,17.816878424058746,469.21108179419525,11.660326775622416,-0.6670736302149208,-0.016579940242281987,Integrated Freight & Logistics,Industrials,SGLY
2016Q4,2016,Q4,2016-09-19,2016-06-30,34316.0,1840602.0,1516.0,0.0206,670958.0,0.3645318217,9054144.0,11424109.0,8651985.0,2437382.0,2437382.0,0.0,-4518799.0,5669381.0,4283387.0,6.851183683015836,3.549704149780379,0.0,0.0,0.0005813603327422568,6.851183683015836,0.0030038228801913566,3.080177572337746,41.30275236041497,0.49626461022036816,0.0,0.0,0.0,0.20328835061602732,2.3108581256446468,0.0037900877211584,-2.176308278743745,0.36453182165400233,1.040392156862745,1.022372658346996,-0.9029377298866154,-0.417741873637406,0.21280776245555622,1.0464854803991823,1.0022943971910283,1.0088022239490386,-0.058434422848111935,-0.40658149130326465,Integrated Freight & Logistics,Industrials,SGLY
2016Q3,2016,Q3,2016-05-10,2016-03-31,-738209.0,1173769.0,-660740.0,-0.51,553227.0,0.4713252778,8648303.0,11340562.0,8239065.0,2160080.0,2160080.0,0.0,-4606020.0,5385911.95,1309804.9500000002,6.801079482927678,3.814240676271249,0.0,0.0,-0.0845414278937201,6.801079482927678,-0.06509456938730197,4.588562102083118,-1.8239793710182348,0.4749246069110155,0.0,0.0,0.0,0.1357224648581346,3.3071631606236807,-0.08535882704387207,1.7112170586919557,0.4713252778016799,0.4742268041237113,-0.6852071574883375,-0.9549042137940373,-0.442402918766308,-0.3782736810874959,0.5075648773029666,0.40100446023860464,-0.5441339332481722,-0.8252228610235051,-0.14668921599978962,Integrated Freight & Logistics,Industrials,SGLY
2016Q2,2016,Q2,2016-02-12,2015-12-31,-1499099.0,1596951.0,-1103080.0,-0.97,889824.0,0.5572018177,11047726.0,13934027.0,10789325.0,1824506.0,1824506.0,0.0,-3867811.0,7590006.0,6495430.0,8.261274299387905,5.913559615589096,0.0,0.0,-0.09936031147311665,8.261274299387905,-0.10758548121085168,4.752810825128636,-1.2657613006212398,0.5447101545016384,0.0,0.0,0.0,0.14455019974246283,3.772676001065494,-0.1356929923859444,-17.640182397947324,0.557201817713881,-9.818181818181818,-3.5620531899711545,-0.9393489779927919,-0.336694033335746,-0.38992226483707704,-9.140287144734414,-3.149930712154316,0.08778124342027063,-0.9144795782225308,0.002057369342883585,Integrated Freight & Logistics,Industrials,SGLY
2016Q1,2016,Q1,2015-11-12,2015-09-30,184158.0,2699218.0,513077.0,0.11,1458542.0,0.5403572442,12292943.0,15331651.0,8901065.0,1729762.0,1729762.0,0.0,-2368713.0,6882231.975,5863768.975,9.21160128215527,5.145832201192997,0.0,0.0,0.013107117703935387,9.21160128215527,0.012011622231682681,2.549713278067944,9.34283600902486,0.44889046685187395,0.0,0.0,0.0,0.2195745965795172,4.364862333662088,0.014980790198083568,-25.989320550583436,0.5403572442092488,0.926444833625219,1.318864547649125,-0.8851297041005682,-0.27202081886997537,-0.0035028411478278216,1.6022778657020122,0.04759406003262776,1.1453325757459119,-0.8805058429512115,0.050892211509117345,Integrated Freight & Logistics,Industrials,SGLY
2015Q4,2015,Q4,2015-09-18,2015-06-30,70768.0,3095361.0,489767.0,0.0571,1463669.0,0.4728589008,11810550.0,14606444.0,8105688.0,1914044.0,1914044.0,0.0,-2552870.0,9425276.799999999,8694954.799999999,11.777794621373879,4.2348493556052,0.0,0.0,0.004066557727578306,11.777794621373879,0.004844984857368432,3.0449685190192675,33.29639385032783,0.6452820960392549,0.0,0.0,0.0,0.26208440758474416,3.5469947399328334,0.005991930943097485,-21.211905324538243,0.4728589007873395,-0.7960714285714287,1.0526127644114571,-0.8172468846426765,-0.08739284300686694,0.12056791342727102,-0.7983720009231217,1.0717198379059754,1.0853061522722138,-0.822270466139005,0.29382561823426323,Integrated Freight & Logistics,Industrials,SGLY
2015Q3,2015,Q3,2015-05-13,2015-03-31,350983.0,2526762.0,236406.0,0.28,1306185.0,0.5169402579,8101731.0,11789180.0,7157057.0,1194378.0,1194378.0,0.0,-2450396.0,8929209.6,7822012.6,9.506115300507673,5.99228803611587,0.0,0.0,0.022346390658612506,9.506115300507673,0.029771621096632676,3.5338546329254594,6.360143938595317,0.7574071818396191,0.0,0.0,0.0,0.31187927616950006,4.895989376897431,0.04332197650107119,-9.32659725587847,0.5169402579269436,3.58265139116203,8.079864311070546,-0.8032000467056184,-0.298057826396142,-0.07867144335372525,1.5727741859817332,1.6268500822258767,1.3442997771445226,-0.8701123582483737,0.0406244090076419,Integrated Freight & Logistics,Industrials,SGLY
2015Q2,2015,Q2,2015-02-10,2014-12-31,136422.0,3092580.0,89996.0,0.0611,1417719.0,0.4584259744,7522924.0,11395244.0,6516981.0,986407.0,986407.0,0.0,-2801379.0,9797327.200000001,7765580.200000001,9.188468014011004,6.6067870564584394,0.0,0.0,0.011607745584353265,9.188468014011004,0.011971836671509624,3.168010916451636,17.954082186157656,0.8597733580781597,0.0,0.0,0.0,0.4110874973613983,5.330775227669714,0.01813417229789906,-6.506777993917824,0.4584259744291174,-0.5635714285714286,2.796025654317351,-0.7881229432852374,-0.34522417918722503,0.18461912544745365,-0.17570286584371092,-0.5514285144645812,1.0772145112715472,-0.8194788589797446,-0.07497230975037021,Integrated Freight & Logistics,Industrials,SGLY
2015Q1,2015,Q1,2014-11-12,2014-09-30,165501.0,2605925.0,200628.0,0.14,1196772.0,0.4592503622,7591374.0,11267769.0,6353818.0,1152860.0,1152860.0,0.0,-2937801.0,12789252.0,9236065.0,9.51516986294429,5.511352636052947,0.0,0.0,0.021315800984963742,9.51516986294429,0.014688000792348511,4.907759049090054,19.318995051389418,1.1350296584887392,0.0,0.0,0.0,0.34327448496148394,5.086258522283712,0.021801191721024415,25.125590112629737,0.4592503621554726,-0.43999999999999995,6.5843320202948785,-0.7937651225281833,-0.3032068540977261,-0.023556595553031714,-0.299760100529302,-0.5612367634901959,1.0981539795120543,-0.8512649928116867,-0.1089098640843669,Integrated Freight & Logistics,Industrials,SGLY
2014Q4,2014,Q4,2014-09-15,2014-06-30,236349.0,3762018.0,457258.0,0.25,1225644.0,0.3257942944,5713954.0,9177190.0,5238598.0,1230795.0,1230795.0,0.0,-3270260.0,9454718.4,8552187.4,9.754998044151161,4.25627175931004,0.0,0.0,0.03656173264790989,9.754998044151161,0.025753961724667356,2.5132039240641593,10.000802203521065,1.0302411086618017,0.0,0.0,0.0,0.6583913696190064,3.8451464297466273,0.041363476149790496,-15.391845904393522,0.32579429444516217,1.7233115468409586,1.2880117657193508,-0.5660933054960234,-0.26866594768952856,0.07135683135913903,-0.2752720615967693,5.503456122884369,1.273117099034531,-0.648370248004615,-0.17095685261820823,Integrated Freight & Logistics,Industrials,SGLY
2014Q3,2014,Q3,2014-05-13,2014-03-31,326121.0,2092525.0,70310.0,0.0918,1144011.0,0.5467131814,4518347.0,7790875.0,4012356.0,1169160.0,1169160.0,0.0,-3755977.0,12183415.984,9892780.984,8.28139881458553,3.4318279790618904,0.0,0.0,0.009150266059979777,8.28139881458553,0.04185935469379242,5.8223514576886775,9.339643862247447,1.5638058605740688,0.0,0.0,0.0,0.4631173745619803,3.375295938964727,0.07217705944231374,-41.22271954417342,0.5467131814434714,0.043181818181818314,3.0796090461307033,-0.5977711588027442,-0.39180384109721,0.5640937298765006,-0.34661064829841204,0.2947004014289397,2.3195532327730986,-0.8575054765691816,-0.3210366355610855,Integrated Freight & Logistics,Industrials,SGLY
2014Q2,2014,Q2,2014-02-11,2013-12-31,499122.0,2472189.0,54306.0,0.088,731421.0,0.2958596612,4514338.0,7487067.0,3983395.0,1311694.0,1311694.0,0.0,-4082097.0,11759600.0,9294258.0,7.958462660294568,3.036832523439156,0.0,0.0,0.005971444770594545,7.958462660294568,0.06666455636098889,4.756756057081397,5.890143091268267,1.5706551043285708,0.0,0.0,0.0,0.5476304609889645,3.000584740038454,0.11056371942021177,23.607539412481504,0.2958596612152226,1.857142857142857,1.3535473729407388,-0.647249329728057,-0.41872287121399804,-0.21340570280623494,16.227142511993925,4.122111072783719,3.7232267959110557,-0.8316646713223372,-0.3610070823529993,Integrated Freight & Logistics,Industrials,SGLY
2014Q1,2014,Q1,2013-11-13,2013-09-30,28973.0,3317661.0,-17394.0,0.0308,929858.0,0.2802751698,7126340.0,6968640.0,6726830.0,3991704.0,3991704.0,0.0,-4581219.0,11900715.200000001,9914178.200000001,7.407394809347257,1.6852026102135829,0.0,0.0,-0.011172215281606664,7.407394809347257,0.004157626165220187,3.587079933724392,102.68797846270667,1.7077529044404647,0.0,0.0,0.0,0.46554907568260845,1.6441735158719184,0.0040656213427930745,-11.509028435262705,0.28027516976568734,1.0131623931623932,1.0238494130157345,-0.6890529826071932,-0.6412804444413761,1.346567809762708,1.0213374869738445,0.982238369777658,1.0887524537597195,-0.7502111534706747,-0.4146045793295858,Integrated Freight & Logistics,Industrials,SGLY
2013Q4,2013,Q4,2013-09-27,2013-06-30,-1357845.0,680856.0,-979302.0,-2.34,396263.0,0.5820070617,7536205.0,6705130.0,7145165.0,4404905.0,4404905.0,0.0,-4856613.0,5575372.8,2526541.8,11.545281420463937,1.6220928714694187,0.0,0.0,-0.19591571648631478,11.545281420463937,-0.20250837791362733,8.188769431421623,-1.0265112733780366,0.8315085315273529,0.0,0.0,0.0,0.09034467613341197,1.5606731586719804,-0.18017622928251023,-16.630393852982234,0.5820070616988027,-5.5,-2.5218896286627173,-0.8920962553176889,-0.5716230853922294,0.14808923656381284,-7.154735451324245,-3.375712677163947,-1.1556698068361484,-0.9141606157309283,-0.10540922196975999,Integrated Freight & Logistics,Industrials,SGLY
2013Q3,2013,Q3,2013-05-15,2013-03-31,-166510.0,2339074.0,-223804.0,-0.36,345150.0,0.1475583928,7878407.0,4628852.0,7187226.0,6585433.0,6585433.0,0.0,-3705186.0,5255950.4,4924930.4,7.97022563226624,1.091382449718948,0.0,0.0,-0.045221320121154415,7.97022563226624,-0.03597220217885558,2.24702185565741,-7.891343462855085,1.1354760100344536,0.0,0.0,0.0,0.2968968219082868,0.9473525886604571,-0.021134983252324994,-9.546778749134951,0.1475583927656842,0.6288659793814433,0.6523762287133912,-0.5217585156302986,3.3028805443320417,-0.18538676132528356,0.7057368155036459,0.671628826893676,-6.1722763627634505,-0.6109705691688492,-0.4114696353275489,Integrated Freight & Logistics,Industrials,SGLY
2013Q2,2013,Q2,2013-02-13,2012-12-31,-565854.0,6429761.0,-681558.0,-0.97,423698.0,0.065896384,8894510.0,4788033.0,8149067.0,7389817.0,7389817.0,0.0,-3538678.0,5197873.6,4312067.6,8.244312703179238,1.1027427336833917,0.0,0.0,-0.1250821189760187,8.244312703179238,-0.11818088973070988,0.8084085240493386,-2.2964729417835694,1.0855968620099319,0.0,0.0,0.0,0.7228909743201143,0.9562631929856991,-0.06361834434949198,-2.355888073105918,0.06589638401800627,-0.2763157894736842,-1.9536031813647667,-0.041055182912879726,2.079613188119357,-0.44535249802004173,-0.2797580949753142,-1.1373762841982464,-14.907808563718172,-0.059333537153996335,-0.41250526104787194,Integrated Freight & Logistics,Industrials,SGLY
2013Q1,2013,Q1,2012-11-14,2012-09-30,-442157.0,7882068.0,-318876.0,-0.76,763905.0,0.0969168244,9043329.0,5090725.0,8332125.0,6944522.0,6944522.0,0.0,-3247090.0,6388448.0,3270892.0,8.765505330872225,1.1998126004928777,0.0,0.0,-0.09719398111351539,8.765505330872225,-0.0868554086107578,0.8105040453850436,-3.6120925372661747,1.25491909305649,0.0,0.0,0.0,0.8715892123354132,1.0550975286707998,-0.048893167549250945,-4.779636644403661,0.09691682436639724,-0.13432835820895517,-2.437092235601075,0.22515444209976257,0.0,-0.05979418747623039,-0.13814548159664752,0.40536387607365165,-29.420463348328695,0.27191792644656787,-0.35810457165799,Integrated Freight & Logistics,Industrials,SGLY
2012Q4,2012,Q4,2012-09-28,2012-06-30,-388489.0,8155937.0,-536254.0,-0.67,812487.0,0.0996190873,10576530.0,5286776.0,9786401.0,8032427.0,8032427.0,0.0,-3056858.0,7753252.8,3319919.8,9.103077304534684,1.2183616483536046,0.0,0.0,-0.08252679706513358,9.103077304534684,-0.07348315873416994,0.9506268623703199,-4.9893644350290485,1.4665370350474467,0.0,0.0,0.0,0.7711354291057653,1.070676895040565,-0.03673123415713849,-3.876961757191997,0.09961908729800144,0.49624060150375937,-1.440796972482478,0.597024112723368,0.9798827271533985,0.7075583521430463,0.18621959496258808,0.2918411464626656,0.23314183764740978,0.5238043237329991,-0.3175405691021712,Integrated Freight & Logistics,Industrials,SGLY
2012Q3,2012,Q3,2012-05-14,2012-03-31,-477388.0,9110006.0,-757251.0,-1.33,475818.0,0.052230262,11120454.0,5305322.0,10360389.0,8392509.0,8392509.0,0.0,-2826958.0,6795275.984,377820.9840000002,9.135010882142266,1.2344805349627865,0.0,0.0,-0.14142838303010977,9.135010882142266,-0.08998285118226566,0.7459134476969609,-3.5585707977577985,1.2808413860647856,0.0,0.0,0.0,0.8192116976519124,1.1143912982398947,-0.04292882287000153,6.806977177768585,0.05223026197787356,0.06338028169014075,-4.117739907167283,2.0029263802220196,0.0,-0.16541167432290926,0.42301588740429186,0.22949868895394093,-3.931218975231361,1.8366194280436137,-0.32911351639424996,Integrated Freight & Logistics,Industrials,SGLY
2012Q2,2012,Q2,2012-02-14,2011-12-31,-827385.0,8022598.0,-982803.0,-1.42,570123.0,0.0710646352,10051103.0,5768874.0,9240256.0,6565271.0,6565271.0,0.0,-2349570.0,6388448.0,979474.0,9.933181580252356,1.4074447193421262,0.0,0.0,-0.17015739839461996,9.933181580252356,-0.14342226923312937,0.7963066328388884,-1.9303129740084726,1.1073994682497832,0.0,0.0,0.0,0.7981808563696939,1.2577103062463073,-0.08231783118728363,6.486096177959175,0.07106463517179847,0.0,-2.3943472489608406,0.19650306934791145,2.710479950952483,-0.3200590586161536,-0.0005381285220209447,-0.5668541529160808,0.050645523861384684,0.8543045606649706,-0.27449163046454766,Integrated Freight & Logistics,Industrials,SGLY
2012Q1,2012,Q1,2011-11-14,2011-09-30,-826940.0,8592707.0,-627246.0,-1.42,838489.0,0.0975814723,8779276.0,6201512.0,7928289.0,4413250.0,4413250.0,0.0,-1954570.0,6127102.4,1637904.4000000004,10.67812276158466,1.7964740270775506,0.0,0.0,-0.09839300403076122,10.67812276158466,-0.13334490040493352,0.7130584575966573,-1.852341886956732,0.9880013777285283,0.0,0.0,0.0,0.9787489310052446,1.5315203081629185,-0.09419227735863413,-16.042054773000995,0.0975814722880694,-0.5434782608695651,-3.687708332804757,0.3356130841184984,0.0,0.15515196268197154,-0.5479216661113462,0.13727372632731405,-0.10265102503423894,0.3045605720239576,-0.48288817461133593,Integrated Freight & Logistics,Industrials,SGLY
2011Q4,2011,Q4,2011-09-26,2011-06-30,-534226.0,6604735.0,-727051.0,-0.92,725869.0,0.1099013057,9053930.0,6833650.0,7985470.0,3878839.0,3878839.0,0.0,-1288783.0,4210858.384,-667969.6160000004,11.766574604661415,2.0587268509984558,0.0,0.0,-0.09375676339007911,11.766574604661415,-0.07817579185354825,0.6375514511937269,-1.97054167337419,0.6161946227857733,0.0,0.0,0.0,0.7294881891068299,1.8451959465190486,-0.0590048741264843,-9.823649836111466,0.10990130565420111,-1.090909090909091,-1.6061566824837366,0.2932813302932543,1.5591826849504922,-0.18908191080525516,-2.5014911090574223,-1.348909788160645,-0.3856404882456899,0.046734756151555985,-0.5634122078901689,Integrated Freight & Logistics,Industrials,SGLY
2011Q3,2011,Q3,2011-05-13,2011-03-31,-152571.0,9065518.0,-309527.0,-0.44,895120.0,0.0987389799,10142717.0,7083698.0,9096955.0,4617761.0,4617761.0,0.0,-834445.0,6533640.0,1204528.0,12.197121742244752,1.969992600309977,0.0,0.0,-0.038464058630192796,12.197121742244752,-0.021538326450393566,0.7207133668478735,-10.705900859272077,0.9223487506102038,0.0,0.0,0.0,0.8937958142773775,1.8096516905054203,-0.015042419107227383,-8.882949073180281,0.09873897994576813,0.02222222222222224,-0.6356060382255511,1.9882618246988597,0.0,0.005297601198558406,-0.34843168621350984,-0.0831901454042799,0.6814767496908942,0.8535141619718946,5.584852206578174,Integrated Freight & Logistics,Industrials,SGLY
2011Q2,2011,Q2,2011-02-14,2010-12-31,-113147.0,9066226.0,-285755.0,-0.45,890403.0,0.0982109866,10774332.0,7233289.0,9644340.0,4996451.0,4996451.0,0.0,-681874.0,6911139.2,838318.2000000002,12.454696195382665,1.9302380829913073,0.0,0.0,-0.03965598280681832,12.454696195382665,-0.01564253826993502,0.7622950497814637,-15.270266113993301,0.9554628883209285,0.0,0.0,0.0,0.8414652527878295,1.7644648171271968,-0.010501532716831076,-96.1643457449769,0.09821098657809765,-0.2857142857142858,-1.19068052741852,0.35215141484115714,3.6523764973797546,0.10654979830140704,0.4385516580904792,-0.15292593967367624,-1.19068052741852,0.35215141484115714,3.6523764973797546,Integrated Freight & Logistics,Industrials,SGLY
2011Q1,2011,Q1,2010-11-12,2010-09-30,-201527.0,8199344.0,-247852.0,-0.35,804666.0,0.098137851,10725100.0,7348841.0,9509156.0,4680016.0,4680016.0,0.0,-568727.0,6998254.4,829702.4000000004,12.653660325637777,2.0318639936273724,0.0,0.0,-0.039211235784471554,12.653660325637777,-0.027422963702711762,0.8535139396517576,-8.681534484213035,0.952293620177658,0.0,0.0,0.0,0.7645004708580806,1.878004263233288,-0.01879022107019981,26.111915227043767,0.09813785102808224,0.6759259259259259,-1.6550001175238158,0.2744704465762076,0.0,0.040760419684615704,0.6805195340490428,0.727818812361769,-1.6550001175238158,0.2744704465762076,0.0,Integrated Freight & Logistics,Industrials,SGLY
2010Q4,2010,Q4,2010-09-28,2010-06-30,-630796.0,7943093.0,-910614.0,-1.08,773152.0,0.0973363902,10280963.0,7505917.0,9067177.0,4018621.0,4018621.0,0.0,-425446.0,6834079.049500001,907926.0495000007,12.905656646589833,2.2562906529379108,0.0,0.0,-0.07985650586358288,12.905656646589833,-0.08403983150892823,0.8603800873916496,-2.708513944880754,0.9104922222694443,0.0,0.0,0.0,0.772602041267924,2.059196674680195,-0.06135573097578505,7.9002858236941105,0.09733639024495873,-1.347826086956522,-1.7147066700705935,0.553124555847518,1.8069284509346226,-0.05670722556857903,-26.132177728074325,-5.697267004000941,-1.7147066700705935,0.553124555847518,1.8069284509346226,Integrated Freight & Logistics,Industrials,SGLY
2010Q3,2010,Q3,2010-05-14,2010-03-31,-23249.0,6021192.0,-135968.0,-0.46,819631.0,0.1361243754,11457850.0,7876357.0,10228514.0,4767417.0,4767417.0,0.0,149137.0,11893699.549999999,6829876.549999999,13.542590341455195,2.145504368508146,0.0,0.0,-0.03145291847872505,13.542590341455195,-0.0029517453309950274,1.9753064758605936,-127.89474332229342,1.5100508458415483,0.0,0.0,0.0,0.5255080141562335,1.7917073333421432,-0.002029089227036486,-6.407725426285591,0.13612437537284977,0.33333333333333326,0.7511199887311275,0.9819264148774609,0.0,0.051970187604522426,0.32638929130208033,0.4363763736377617,0.7511199887311275,0.9819264148774609,0.0,Integrated Freight & Logistics,Industrials,SGLY
2010Q2,2010,Q2,2010-02-12,2009-12-31,-34514.0,6632243.0,-241239.0,-0.69,779139.0,0.1174774507,11281585.0,7907777.0,10221335.0,4379778.0,4379778.0,0.0,172386.0,9326140.15,2207766.1500000004,14.032998351413365,2.3337564141378855,0.0,0.0,-0.043938248370896826,14.032998351413365,-0.004364564149950106,1.4061819131174778,-67.55331278611578,1.1793630687865884,0.0,0.0,0.0,0.5878821991768001,2.0820760778286025,-0.003059321894928771,15.37956944119209,0.117477450690513,-29.131004366812224,-1.059945603289425,0.019431280866349918,4.24194172974594,-0.02770969770785081,-1.3563869734416605,-3.8091023264158843,-1.059945603289425,0.019431280866349918,4.24194172974594,Integrated Freight & Logistics,Industrials,SGLY
2010Q1,2010,Q1,2009-11-13,2009-09-30,-14647.0,6244808.0,-50163.0,-0.0229,801344.0,0.1283216394,11591940.0,7991961.0,10539915.0,4251180.0,4253180.0,0.0,206900.0,10856368.950000001,4302352.950000001,13.655659386004931,2.4792916319704177,0.0,0.0,0.0005769239698742886,13.655659386004931,-0.0018327166511448191,1.7384632081562799,-185.3002142076876,1.3584111521565234,0.0,0.0,0.0,0.5387198346437266,2.113424978476564,-0.0012635503634421848,-16.048915227176977,0.1283216393522427,0.9736781609195402,-1.0472409712878363,-0.03676611782448195,0.0,0.0525441983870544,0.9717384509113081,0.9538726368726488,-1.0472409712878363,-0.03676611782448195,0.0,Integrated Freight & Logistics,Industrials,SGLY
2009Q4,2009,Q4,2009-09-22,2009-06-30,-518266.0,5475625.0,-1087489.0,-0.87,761340.0,0.1390416619,11858940.0,7925070.0,10733854.0,4476350.0,4476350.0,0.0,111326.0,9328060.799999999,2068406.7999999989,13.33863507836484,2.3979032023858724,0.0,0.0,-0.07265751224017195,13.33863507836484,-0.0653957630658152,1.703560926834836,-4.499649214881933,1.177031975742801,0.0,0.0,0.0,0.46172971614663705,2.300581500552906,-0.043702556889570233,-155.48582001233476,0.13904166191074077,-1.0232558139534884,-1.5748089987465062,0.048050650500187475,1.9010995196428129,-0.04227697912316277,-4.232948636395763,-3.421675577873102,-1.5748089987465062,0.048050650500187475,1.9010995196428129,Integrated Freight & Logistics,Industrials,SGLY
2009Q3,2009,Q3,2009-05-15,2009-03-31,-99039.0,3285539.0,-245945.0,-0.43,794948.0,0.2419536034,11654108.0,8090060.0,10521007.0,3819346.0,3832830.0,0.0,356399.0,8020944.0,726094.0,13.61632870145958,2.7546619237953305,0.0037609055965501605,0.00541775957162246,-0.03041156622248488,13.61632870145958,-0.012242060009443688,2.441287106925226,-20.246933026383548,0.9914566764646986,0.0,0.0,0.0,0.2819211045581524,2.7209757900960008,-0.008498205096434664,-24.602009643343518,0.24195360335092658,0.770053475935829,-0.037824508072503545,0.05862857404636266,0.0,0.8992041933349101,0.890120996820311,0.7195801883565549,-0.037824508072503545,0.05862857404636266,0.0,Integrated Freight & Logistics,Industrials,SGLY
2009Q2,2009,Q2,2009-02-13,2008-12-31,-901346.0,4474518.0,-877060.0,-1.87,418569.0,0.0935450478,11573410.0,8223580.0,10351041.0,3437668.0,3461619.0,0.0,455438.0,9910576.5,2255728.5,13.69133975203158,3.0110647683255043,0.00463916857693627,0.006528908334326413,-0.12279168292276513,13.69133975203158,-0.1096050625153522,2.214892531441375,-2.748826893335079,1.2051413739514907,0.0,0.0,0.0,0.38662053793998485,2.961834883415152,-0.07788076288665138,-6.946605718595423,0.0935450477570992,-0.4496124031007752,-2.468731947872811,-0.3547429614696981,4.114317224663207,-0.29309150971437836,-0.5526153506943607,-0.6748557755655832,-2.468731947872811,-0.3547429614696981,4.114317224663207,Integrated Freight & Logistics,Industrials,SGLY
2009Q1,2009,Q1,2008-11-04,2008-09-30,-580534.0,5098677.0,-523663.0,-1.29,592112.0,0.1161305178,13667859.0,9283353.0,12417057.0,4245474.0,4277164.0,0.0,1356784.0,9778082.25,538690.25,20.64954278227717,2.9247751841137175,0.0044557088275493624,0.006560129728989084,-0.06405504309017697,20.64954278227717,-0.06253494831016336,1.917768521128128,-4.210813772319967,1.0532920863830126,0.0,0.0,0.0,0.37304138124339736,2.8485045486087066,-0.042474391929269974,-32.037122679064645,0.11613051777941612,-0.9545454545454545,-3.437496788905901,0.023803043538533783,0.0,-0.19071355448734156,-1.429144681509873,-2.4714613385659736,-3.437496788905901,0.023803043538533783,0.0,Integrated Freight & Logistics,Industrials,SGLY
2008Q4,2008,Q4,2008-09-29,2008-06-30,-238987.0,3911277.0,-150848.0,-0.66,731647.0,0.1870609011,12387814.0,9702440.0,11227099.0,2386389.0,2425373.0,0.0,1787017.0,15930000.0,6394184.0,26.95122222222222,4.704639101169172,0.005443575436311847,0.006950210462522829,-0.08587956569749887,26.95122222222222,-0.024631639051620004,4.072838615112149,-16.664086331055664,1.6418550385263915,0.0,0.0,0.0,0.31573585137781374,4.643867366133518,-0.019292104321230526,-66.83616957003323,0.1870609010816672,-0.06451612903225812,-1.4374559545753243,0.23553872907416962,4.861782512477322,0.9568928164501099,0.1950968967445119,0.46466037334090426,-1.4374559545753243,0.23553872907416962,4.861782512477322,Integrated Freight & Logistics,Industrials,SGLY
2008Q3,2008,Q3,2008-05-12,2008-03-31,-296914.0,3031772.0,-281780.0,-0.62,373882.0,0.1233212788,4140403.0,666828.0,2246664.0,1837878.0,3087878.0,0.0,665203.0,25164000.000000004,24538743.000000004,1.8523,1.2224228158778765,0.0,0.0,-0.46422928768363025,1.8523,-0.44526324629439673,8.300096445247203,-21.187953414119917,37.73686767802192,0.0,0.0,0.0,0.7322407987821475,1.1118409382994954,-0.07171137688770876,-71.30732937559331,0.1233212787769001,-1.607843137254902,-4.134965929922867,0.612214185361143,0.0,-0.5699064999125737,-1.8072241661025337,-2.0805442218609076,-4.134965929922867,0.612214185361143,0.0,Integrated Freight & Logistics,Industrials,SGLY
2008Q2,2008,Q2,2007-12-31,2007-12-31,367821.0,4156244.0,260776.0,1.02,869304.0,0.2091561516,4378809.0,963742.0,2537371.0,1851384.0,3101384.0,0.0,962117.0,25164000.000000004,24182758.000000004,2.677061111111111,1.3705265898376566,0.0,0.0,0.3438451655546993,2.677061111111111,0.3816591992462713,6.054504980939522,17.103428026132278,26.110722579279518,0.0,0.0,0.0,0.9491722520895522,0.9750246302225795,0.0840002384209953,56.95673922441599,0.20915615156376768,0.9245283018867924,0.0,0.0,0.0,0.17360276705989086,0.9286118772218669,-0.24624024834738573,0.0,0.0,0.0,Integrated Freight & Logistics,Industrials,SGLY
2008Q1,2008,Q1,2007-09-30,2007-09-30,190718.0,3987945.0,345967.0,0.53,740714.0,0.1857382687,,,,,,,,25164000.000000004,,,0.0,0.0,0.0,0.0,,0.0,6.310016813170694,32.98587443240806,0.0,0.0,0.0,0.0,0.0,0.0,0.0,220.01311475409838,0.1857382687073167,-0.6513157894736842,0.0,0.0,0.0,-0.14038489881986488,-0.6508984809019038,-0.24929316162350415,0.0,0.0,0.0,Integrated Freight & Logistics,Industrials,SGLY
2007Q4,2007,Q4,2007-06-30,2007-06-30,546311.0,3165645.0,460855.0,1.52,861681.0,0.272197609,3752561.0,1655203.0,3285343.0,1788748.0,1788748.0,0.0,1653323.0,25164000.000000004,24637909.000000004,4.597786111111111,1.8366717950208749,0.0,0.0,0.2952908420152091,4.597786111111111,0.3300567966587784,7.94909094355179,11.515418873132703,15.202969061800882,0.0,0.0,0.0,0.8435958802535122,1.4064339974104794,0.14558350950191082,138.231077272952,0.2721976090180674,10.5,0.0,0.0,0.0,1.18320086549595,10.448151222717996,2.3458327283287352,0.0,0.0,0.0,Integrated Freight & Logistics,Industrials,SGLY
2007Q3,2007,Q3,2007-03-31,2007-03-31,-57822.0,1880502.0,137740.0,-0.16,394687.0,0.2098838502,,,,,,,,25164000.000000004,,,0.0,0.0,0.0,0.0,,0.0,13.381533228893138,-108.79941890629865,0.0,0.0,0.0,0.0,0.0,0.0,0.0,-87.61838440111421,0.20988385016341382,0.0,0.0,0.0,0.0,0.0,0.0,0.0,0.0,0.0,0.0,Integrated Freight & Logistics,Industrials,SGLY
