Quarters,Year,Quarter,FillingDate,Date,NetIncome,Revenue,OperatingIncome,EPSDiluted,GrossProfit,GrossProfitRatio,TotalAssets,CommonStockEquity,CurrentAssets,CurrentLiability,TotalLiability,Inventory,RetainedEarnings,MarketCap,EnterpriseValue,bookValuePerShare,currentRatio,debtToAssets,debtToEquity,roic,shareholdersEquityPerShare,roe,priceToSalesRatio,peRatio,pbRatio,payoutRatio,inventoryTurnover,dividendYield,assetTurnover,quickRatio,returnOnAssets,priceToFreeCashFlowsRatio,grossProfitMargin,epsdilutedGrowth,fiveYNetIncomeGrowthPerShare,fiveYRevenueGrowthPerShare,fiveYShareholdersEquityGrowthPerShare,grossProfitGrowth,netIncomeGrowth,operatingIncomeGrowth,threeYNetIncomeGrowthPerShare,threeYRevenueGrowthPerShare,threeYShareholdersEquityGrowthPerShare,Industry,Sector,Symbol
2023Q1,2023,Q1,2023-05-15,2023-03-31,-12296000.0,0.0,-10342000.0,-0.21,0.0,0.0,20225000.0,-42646000.0,19552000.0,11533000.0,62871000.0,0.0,-321094000.0,124908000.0,157147000.0,-0.7169804976462677,1.6953091129801439,2.4740667490729296,-1.1733339586362144,-1.473086549900439,-0.7169804976462677,0.28832715846738266,0.0,-2.5396063760572543,-2.9289499601369413,-0.0050422901756668834,0.0,0.0004963653248791109,0.0,1.543310500303477,-0.6079604449938195,-11.573056610766237,0.0,0.5882352941176472,-0.8101298777600644,0.0,-11.095128728943898,0.0,0.5925778661365142,0.02736762907928148,-2.3110872405239866,0.0,-1.9551690226169116,Biotechnology,Healthcare,GALT
2022Q4,2022,Q4,2023-03-30,2022-12-31,-30180000.0,0.0,-10633000.0,-0.51,0.0,0.0,21285000.0,-32194000.0,20552000.0,13012000.0,53479000.0,0.0,-309567000.0,67111830.0,88387830.0,-0.5420686636022293,1.5794651091300338,1.8730561428235848,-1.2383673976517364,-3.9119992135624972,-0.5420686636022293,0.9374417593340374,0.0,-0.5559296719681908,-2.0846067590234205,-0.003214049039098741,0.0,0.0014453487559495846,0.0,1.4288349216108207,-1.4178999295278365,-9.270870285951098,0.0,-2.4,-6.501834213403748,0.0,-16.978075905760598,0.0,-2.3267195767195767,-0.30916030534351147,-4.602002037637441,0.0,-1.673273176630285,Biotechnology,Healthcare,GALT
2022Q3,2022,Q3,2022-11-14,2022-09-30,-9072000.0,0.0,-8122000.0,-0.15,0.0,0.0,17914000.0,-22335000.0,17121000.0,9588000.0,40249000.0,0.0,-298868000.0,96815480.0,110834480.0,-0.3760354232608256,1.7856695869837296,1.6662945182538798,-1.3364674278038953,-1.1231497025008053,-0.3760354232608256,0.406178643384822,0.0,-2.667975088183421,-4.334698007611372,0.0,0.0,0.0,0.0,1.6511264080100125,-0.5064195601205761,-11.598835509763987,0.0,0.06250000000000006,-0.21847010663547206,0.0,-5.952541445305967,0.0,0.05144291091593475,0.15938729041606292,-2.106925521514278,0.0,-1.4303638101670066,Biotechnology,Healthcare,GALT
2022Q2,2022,Q2,2022-08-15,2022-06-30,-9564000.0,0.0,-9662000.0,-0.16,0.0,0.0,25886000.0,-15223000.0,25785000.0,10892000.0,41109000.0,0.0,-290287000.0,77799590.0,83240590.0,-0.25632692922931855,2.36733382298935,1.144209225063741,-1.9456743086119688,-0.6624457469545894,-0.25632692922931855,0.628259869933653,0.0,-2.0336572040987035,-5.1106608421467525,-0.005123379339188624,0.0,0.000629823370534472,0.0,2.2197943444730077,-0.36946612068299467,-10.473827409800753,0.0,0.058823529411764754,-0.23930723520019453,0.0,-2.5287078956203404,0.0,0.03676100312216739,0.027478610971313537,-1.7019576977297757,0.0,-1.249772396256639,Biotechnology,Healthcare,GALT
2022Q1,2022,Q1,2022-05-16,2022-03-31,-9929000.0,0.0,-9935000.0,-0.17,0.0,0.0,33615000.0,-6193000.0,33507000.0,9535000.0,39808000.0,0.0,-280610000.0,95559940.0,93242940.0,-0.10434006132695353,3.5141059255374936,0.8713074520303435,-4.729371871467786,-0.42977062284024664,-0.10434006132695353,1.6032617471338608,0.0,-2.4060816799274853,-15.43031487162926,0.0,0.0,0.0,0.0,3.314735186156266,-0.2953740889483861,-11.882608803780155,0.0,-0.30769230769230776,-0.14961031147664938,0.0,-1.367415630586495,0.0,-0.3254572153250567,-0.42970211541228953,-2.1678388190039066,0.0,-1.6858658664395987,Biotechnology,Healthcare,GALT
2021Q4,2021,Q4,2022-03-31,2021-12-31,-7491000.0,0.0,-6949000.0,-0.13,0.0,0.0,41827000.0,893000.0,41820000.0,9033000.0,39211000.0,0.0,-270694000.0,122730299.99999999,141178300.0,0.015061561814808567,4.629691132514115,1.38895928467258,65.05711086226204,-0.12222326393638629,0.015061561814808567,-8.388577827547593,0.0,-4.095925110132159,137.43594624860023,-0.022827392871445733,0.0,0.0013932989652921896,0.0,4.389239455330455,-0.1790948430439668,-17.656495468277942,0.0,0.07142857142857148,0.19415449037380153,0.0,-0.9632931624584915,0.0,0.12077464788732395,0.15708393983503155,-0.6951367742327927,0.0,-0.910650308636738,Biotechnology,Healthcare,GALT
2021Q3,2021,Q3,2021-11-15,2021-09-30,-8520000.0,0.0,-8244000.0,-0.14,0.0,0.0,38038000.0,9249000.0,37998000.0,8299000.0,28789000.0,0.0,-263407000.0,230045200.0,212763200.0,0.1559959520998482,4.5786239305940475,0.5078605604921395,2.0886582333225214,-0.2883929196109984,0.1559959520998482,-0.9211806681803438,0.0,-6.750152582159624,24.872440263812305,0.0,0.0,0.0,0.0,4.410169899987951,-0.22398653977601346,-46.02745098039216,0.0,0.06666666666666654,0.07029678862265185,0.0,-0.6202300075334425,0.0,-0.008403361344537815,-0.006224826071036251,-1.136761022879265,0.0,-0.28834890123992324,Biotechnology,Healthcare,GALT
2021Q2,2021,Q2,2021-08-16,2021-06-30,-8449000.0,0.0,-8193000.0,-0.15,0.0,0.0,33405000.0,17116000.0,33334000.0,6054000.0,16289000.0,0.0,-254850000.0,186598400.0,164674400.0,0.29352448895596106,5.506111661711265,0.28959736566382277,0.5652021500350549,-0.3054695947205548,0.29352448895596106,-0.4936316896471138,0.0,-5.521316132086637,10.901986445431175,0.0,0.0,0.0,0.0,5.219359101420548,-0.2529262086513995,-31.219407729630248,0.0,-0.3636363636363636,0.2380450747590154,0.0,-0.4169487890651662,0.0,-0.3330703692016409,-0.29697641285420295,-0.4424021633268739,0.0,0.1478834413626112,Biotechnology,Healthcare,GALT
2021Q1,2021,Q1,2021-05-17,2021-03-31,-6338000.0,0.0,-6317000.0,-0.11,0.0,0.0,22897000.0,18234000.0,22794000.0,4663000.0,4663000.0,0.0,-246336000.0,123976440.0,103258440.0,0.3191556395715186,4.888269354492816,0.0018343014368694588,0.002303389272787101,-0.3448520580849438,0.3191556395715186,-0.34759240978392014,0.0,-4.89020353423793,6.79919052319842,0.0,0.0,0.0,0.0,4.452069483165344,-0.2768048215923483,-19.42595424631777,0.0,-266.4268058810995,0.5297126005411616,0.0,-0.5291073998398932,0.0,-269.10441082463245,0.19343718079673136,0.028618899309985856,0.0,3.4937306894956563,Biotechnology,Healthcare,GALT
2020Q4,2020,Q4,2021-03-31,2020-12-31,-23465.0,0.0,-7832000.0,-0.0004113275018844111,0.0,0.0,29600000.0,24193000.0,29465000.0,5399000.0,5407000.0,0.0,0.0,127785280.00000001,100643280.00000001,0.4240889091450909,5.457492128171884,0.0014864864864864865,0.0018187078907121895,-0.32255673160084014,0.4240889091450909,-0.0009699086512627619,0.0,-1361.4455572128704,5.281911296656058,0.0,0.0,0.0,0.0,5.027227264308205,-0.0007927364864864865,-23.602748429996307,0.0,0.9958867249811559,0.9979047922816665,0.0,-0.5971595570389193,0.0,0.9960516574120815,-0.32163347958150523,0.9939276525592925,0.0,11.500491609461125,Biotechnology,Healthcare,GALT
2020Q3,2020,Q3,2020-11-09,2020-09-30,-5943000.0,0.0,-5926000.0,-0.1,0.0,0.0,34049000.0,31542000.0,33883000.0,2488000.0,2507000.0,0.0,-232080000.0,152315490.0,119821490.0,0.552912510736761,13.618569131832798,0.0012628858409938618,0.0013632616828355842,-0.18725313615824565,0.552912510736761,-0.18841544607190414,0.0,-6.40734856133266,4.828973749286665,0.0,0.0,0.0,0.0,13.085209003215434,-0.17454257100061676,-18.54791646371164,0.0,0.09090909090909087,0.5789554129251582,0.0,-0.3351133443869527,0.0,0.027968596663395486,0.028843002294329727,0.1689216754344979,0.0,6.282085558074232,Biotechnology,Healthcare,GALT
2020Q2,2020,Q2,2020-08-10,2020-06-30,-6114000.0,0.0,-6102000.0,-0.11,0.0,0.0,41317000.0,37011000.0,41120000.0,4275000.0,4306000.0,0.0,-226125000.0,174527100.0,133831100.0,0.6489173314631367,9.618713450292399,0.0009923276133310744,0.0011077787684742374,-0.16436806378622992,0.6489173314631367,-0.16519413147442652,0.0,-7.136371442590775,4.715546729350733,0.0,0.0,0.0,0.0,9.536374269005847,-0.14797782994893144,-67.02269585253457,0.0,-0.8333333333333334,0.4520999448272096,0.0,-0.37832718933625215,0.0,-0.7193475815523059,-0.7025669642857143,0.17504659610231696,0.0,2.870077370314447,Biotechnology,Healthcare,GALT
2020Q1,2020,Q1,2020-05-11,2020-03-31,-3556000.0,0.0,-3584000.0,-0.06,0.0,0.0,44111000.0,42753000.0,43884000.0,1316000.0,1358000.0,0.0,-219945000.0,111633760.0,68386760.0,0.7506320668586277,33.346504559270514,0.0009068032916959488,0.0009356068579982692,-0.08359378644399869,0.7506320668586277,-0.08317544967604612,0.0,-7.848267716535433,2.6111327860033215,0.0,0.0,0.0,0.0,32.92401215805471,-0.08061481263176985,-25.53963852665294,0.0,0.33855168386217643,0.7016459612406253,0.0,-0.39646910274749253,0.0,0.3077671792875219,0.3091750192752506,0.5709406177076902,0.0,1.6432220824472776,Biotechnology,Healthcare,GALT
2019Q4,2019,Q4,2020-03-16,2019-12-31,-5137000.0,0.0,-5188000.0,-0.09071003513976444,0.0,0.0,48467000.0,45595000.0,48209000.0,2820000.0,2872000.0,0.0,-216394000.0,161964660.0,114523660.0,0.8051244018293867,17.095390070921987,0.0008046712195927126,0.0008553569470336659,-0.1135900860464607,0.8051244018293867,-0.1126658624849216,0.0,-7.882259100642398,3.5522460796139925,0.0,0.0,0.0,0.0,16.836879432624112,-0.10598964243712217,-43.087166799680766,0.0,-0.8142007027952888,0.4638844854283179,0.0,-0.36534645797026505,0.0,-0.8451867816091954,-0.8120852252881593,0.4214395014239638,0.0,0.9621849966182356,Biotechnology,Healthcare,GALT
2019Q3,2019,Q3,2019-11-12,2019-09-30,-2784000.0,0.0,-2863000.0,-0.05,0.0,0.0,50760000.0,49482000.0,50473000.0,1216000.0,1278000.0,0.0,-211191000.0,207835770.0,157535770.0,0.8737617206123854,41.50740131578947,0.0007289204097714736,0.00074774665534942,-0.05777302445717976,0.8737617206123854,-0.05626288347277798,0.0,-18.663413254310342,4.200229780526252,0.0,0.0,0.0,0.0,41.395559210526315,-0.05484633569739953,-140.905606779661,0.0,0.1666666666666666,0.6918604425290764,0.0,-0.35644745311387444,0.0,0.0713809206137425,0.05198675496688742,0.6819457618172446,0.0,1.1271608499311498,Biotechnology,Healthcare,GALT
2019Q2,2019,Q2,2019-08-09,2019-06-30,-2998000.0,0.0,-3020000.0,-0.06,0.0,0.0,53012000.0,51621000.0,52695000.0,1319000.0,1391000.0,0.0,-208373000.0,203719050.0,151712050.0,1.026242023021411,39.950720242608035,0.0006790915264468422,0.0006973905968501191,-0.05842183661230728,1.026242023021411,-0.05807713914879603,0.0,-16.987912775183453,3.946437496367757,0.0,0.0,0.0,0.0,39.456406368460954,-0.056553233230212024,-87.4330686695279,0.0,-0.13621052631578945,0.6179022465568011,0.0,-0.30471604795267115,0.0,-0.2623157894736842,-0.2758766370933671,0.6865726309137383,0.0,1.0385067575217584,Biotechnology,Healthcare,GALT
2019Q1,2019,Q1,2019-05-10,2019-03-31,-2375000.0,0.0,-2367000.0,-0.0528071150639244,0.0,0.0,7830000.0,6842000.0,7483000.0,907000.0,988000.0,0.0,-205308000.0,224875000.0,217937000.0,0.1521289605336298,8.250275633958104,0.004342273307790549,0.004969307220111079,-0.34254703328509406,0.1521289605336298,-0.34712072493422974,0.0,-23.67105263157895,32.86685179771997,0.0,0.0,0.0,0.0,7.686879823594267,-0.3033205619412516,-68.47594397076736,0.0,0.2915016539243114,0.7905283322219672,0.0,-0.9117998389675455,0.0,0.22131147540983606,0.207035175879397,0.7761366608900369,0.0,-0.775543988877933,Biotechnology,Healthcare,GALT
2018Q4,2018,Q4,2019-03-06,2018-12-31,-3050000.0,0.0,-2985000.0,-0.07453385792136068,0.0,0.0,9006000.0,6898000.0,8832000.0,2108000.0,2108000.0,0.0,-196215000.0,140359030.0,132106030.0,0.1685687055546052,4.189753320683112,0.0,0.0,-0.43273412583357496,0.1685687055546052,-0.44215714699913017,0.0,-11.504838524590163,20.34778631487388,0.0,0.0,0.0,0.0,3.9150853889943074,-0.3386631134799023,-69.93474339810663,0.0,-0.06476939887658101,0.5476308758956502,0.0,-0.6519210927480693,0.0,-0.10828488372093023,-0.11380597014925373,0.6203416652701917,0.0,-0.8398772272732066,Biotechnology,Healthcare,GALT
2018Q3,2018,Q3,2018-11-13,2018-09-30,-2752000.0,0.0,-2680000.0,-0.07,0.0,0.0,10616000.0,8970000.0,10530000.0,1646000.0,1646000.0,0.0,-192866000.0,234886540.0,224750540.0,0.21920285428019842,6.397326852976914,0.0,0.0,-0.2987736900780379,0.21920285428019842,-0.30680044593088074,0.0,-21.337803415697675,26.185790412486067,0.0,0.0,0.0,0.0,6.157958687727825,-0.2592313489073097,-148.94517438173747,0.0,0.3636363636363636,0.6774508610612747,0.0,-0.5443756162349185,0.0,0.2833333333333333,0.2870444267092312,0.7281950509262635,0.0,-0.7364048563687071,Biotechnology,Healthcare,GALT
2018Q2,2018,Q2,2018-08-14,2018-06-30,-3840000.0,0.0,-3759000.0,-0.11,0.0,0.0,11210000.0,9775000.0,11038000.0,1435000.0,1435000.0,0.0,-189820000.0,243123720.0,232626720.0,0.25570931540534175,7.69198606271777,0.0,0.0,-0.3845524296675192,0.25570931540534175,-0.3928388746803069,0.0,-15.8283671875,24.87199181585678,0.0,0.0,0.0,0.0,7.314982578397212,-0.34255129348795715,-78.96190971094511,0.0,0.0833333333333333,0.35890418261122353,0.0,0.11395128653639089,0.0,0.09816815406294034,0.10028721876495932,0.48657340201232013,0.0,-0.75502653248217,Biotechnology,Healthcare,GALT
2018Q1,2018,Q1,2018-05-11,2018-03-31,-4258000.0,0.0,-4178000.0,-0.12,0.0,0.0,4931000.0,2648000.0,4673000.0,2283000.0,2283000.0,0.0,-185711000.0,176726160.0,172738160.0,0.07102242248685764,2.046868155935173,0.0,0.0,-1.5777945619335347,0.07102242248685764,-1.6080060422960725,0.0,-10.376124941286989,66.73948640483384,0.0,0.0,0.0,0.0,1.7468243539202803,-0.863516528087609,-50.26341296928327,0.0,-0.771536523929471,0.4266956271516588,0.0,-0.8004596311084774,0.0,-0.7875734676742233,-0.7606405394016014,0.4542511766518064,0.0,-0.942895823052264,Biotechnology,Healthcare,GALT
2017Q4,2017,Q4,2018-03-29,2017-12-31,-2382000.0,0.0,-2373000.0,-0.06773780747902744,0.0,0.0,4161000.0,1193000.0,3819000.0,2968000.0,2968000.0,0.0,-181168000.0,117451100.0,114398100.0,0.03392577847291341,1.2867250673854447,0.0,0.0,-1.9891031014249791,0.03392577847291341,-1.9966471081307628,0.0,-12.326941645675902,98.45020955574182,0.0,0.0,0.0,0.0,1.0286388140161724,-0.5724585436193222,-30.08481045081967,0.0,0.4789399424690197,0.5489277820146582,0.0,-0.9321998652269249,0.0,0.45961887477313973,0.4623923878568192,0.5996552150308136,0.0,-0.9732574054083716,Biotechnology,Healthcare,GALT
2017Q3,2017,Q3,2017-11-07,2017-09-30,-4408000.0,0.0,-4414000.0,-0.13,0.0,0.0,7011000.0,2670000.0,7011000.0,4341000.0,4341000.0,0.0,-178381000.0,75253100.0,68295100.0,0.0759277690885824,1.6150656530753282,0.0,0.0,-1.6531835205992509,0.0759277690885824,-1.650936329588015,0.0,-4.267984346642468,28.184681647940078,0.0,0.0,0.0,0.0,1.602856484680949,-0.6287262872628726,-24.096413704771052,0.0,0.07142857142857148,0.2624328902205016,0.0,-0.6070234993393684,0.0,0.022182786157941437,0.022153300841825433,0.2142879418370975,0.0,-0.9440768483859737,Biotechnology,Healthcare,GALT
2017Q2,2017,Q2,2017-08-14,2017-06-30,-4508000.0,0.0,-4514000.0,-0.14,0.0,0.0,9329000.0,5817000.0,9329000.0,3512000.0,3512000.0,0.0,-173719000.0,85342320.0,76215320.0,0.16767554479418886,2.656321184510251,0.0,0.0,-0.7760013752793536,0.16767554479418886,-0.7749699157641395,0.0,-4.732826086956522,14.671191335740073,0.0,0.0,0.0,0.0,2.5988041002277904,-0.4832243541644335,-17.061639344262296,0.0,0.06666666666666654,0.2325517182787478,0.0,-0.4630691380520369,0.0,0.08689487543042333,0.08734330772341285,0.16694429203882472,0.0,-0.8863990044931533,Biotechnology,Healthcare,GALT
2017Q1,2017,Q1,2017-05-15,2017-03-31,-4937000.0,0.0,-4946000.0,-0.15,0.0,0.0,13997000.0,9635000.0,13997000.0,4362000.0,4362000.0,0.0,-168910000.0,78034400.0,64390400.0,0.283983730252299,3.208849151765245,0.0,0.0,-0.5133367929423975,0.283983730252299,-0.51240269849507,0.0,-3.9515090135709943,8.09905552672548,0.0,0.0,0.0,0.0,3.1279229711141676,-0.35271843966564265,-20.200465959099144,0.0,0.04328033108255293,0.02916024280678843,0.0,-0.45858318719484026,0.0,-0.0753648442605097,-0.07545118504022613,0.4227848567081851,0.0,-0.8353540926659202,Biotechnology,Healthcare,GALT
2016Q4,2016,Q4,2017-03-28,2016-12-31,-4591000.0,0.0,-4599000.0,-0.156785738679052,0.0,0.0,15795000.0,12015000.0,15794000.0,3780000.0,3780000.0,0.0,-163701000.0,28690503.6,13328503.600000001,0.4103203333105662,4.178306878306878,0.0,0.0,-0.38277153558052435,0.4103203333105662,-0.3821057012068248,0.0,-1.5623232193421912,2.387890436953808,0.0,0.0,0.0,0.0,4.064021164021164,-0.2906616017727129,-5.897328591983556,0.0,0.17481190168920008,0.4249471517933321,0.0,3.3852691412110225,0.0,-0.014361467079098541,-0.013665417676878995,0.048418674998308285,0.0,-0.1527261672201411,Biotechnology,Healthcare,GALT
2016Q3,2016,Q3,2016-11-08,2016-09-30,-4526000.0,0.0,-4537000.0,-0.19,0.0,0.0,16115000.0,12028000.0,16112000.0,4087000.0,4087000.0,0.0,-158524000.0,33088659.999999996,17029659.999999996,0.4107642920565535,3.9422559334475165,0.0,0.0,-0.377203192550715,0.4107642920565535,-0.37628865979381443,0.0,-1.8276988510826335,2.7509694047223143,0.0,0.0,0.0,0.0,3.929287986298018,-0.28085634502016754,-9.607624854819976,0.0,0.050000000000000044,0.05850255052312504,0.0,5.165469207919338,0.0,0.1799238992571118,0.17971433737118062,0.25867694161615645,0.0,-0.14620533543903932,Biotechnology,Healthcare,GALT
2016Q2,2016,Q2,2016-08-09,2016-06-30,-5519000.0,0.0,-5531000.0,-0.2,0.0,0.0,18247000.0,14611000.0,18242000.0,3636000.0,3636000.0,0.0,-152887000.0,42663810.0,24660810.0,0.5034283154739345,5.017051705170517,0.0,0.0,-0.3785504072274314,0.5034283154739345,-0.3777291082061461,0.0,-1.9325878782388113,2.9199787831086166,0.0,0.0,0.0,0.0,4.951320132013201,-0.3024606784676933,-9.254622559652928,0.0,0.1666666666666666,0.29518602151612255,0.0,5.376771317152084,0.0,0.18838235294117647,0.18828881714117993,-0.21361246350487165,0.0,1.1930942125126913,Biotechnology,Healthcare,GALT
2016Q1,2016,Q1,2016-05-10,2016-03-31,-6800000.0,0.0,-6814000.0,-0.24,0.0,0.0,22788000.0,19538000.0,22781000.0,3250000.0,3250000.0,0.0,-147060000.0,41222610.0,18866610.0,0.6777673708675894,7.009538461538462,0.0,0.0,-0.34875626983314567,0.6777673708675894,-0.3480397174736411,0.0,-1.5155371323529412,2.1098684614597194,0.0,0.0,0.0,0.0,6.8787692307692305,-0.29840266807091453,-11.811636103151862,0.0,-0.2225048169556839,-0.10009878443344344,0.0,55.00525449603298,0.0,-0.4557910511667737,-0.4550501815075806,-0.18416320183922336,0.0,0.9042148446933376,Biotechnology,Healthcare,GALT
2015Q4,2015,Q4,2016-03-15,2015-12-31,-4671000.0,0.0,-4683000.0,-0.1963182448619342,0.0,0.0,26408000.0,25048000.0,26400000.0,1360000.0,1360000.0,0.0,-140049000.0,39020520.0,13174520.0,1.0527466061446644,19.41176470588235,0.0,0.0,-0.18696103481315873,1.0527466061446644,-0.18648195464707762,0.0,-2.08844572896596,1.5578297668476524,0.0,0.0,0.0,0.0,19.004411764705882,-0.1768782187215995,-8.480878069984787,0.0,0.24492982745409927,-1.6411327200885106,0.0,7.086552693486635,0.0,0.20655682011211143,0.20613663332768264,-0.30730103964878897,0.0,1.1038975372515953,Biotechnology,Healthcare,GALT
2015Q3,2015,Q3,2015-11-09,2015-09-30,-5887000.0,0.0,-5899000.0,-0.26,0.0,0.0,21512000.0,19786000.0,21502000.0,1726000.0,1726000.0,0.0,-135083000.0,55675620.0,34356620.0,0.8315891228512587,12.457705677867903,0.0,0.0,-0.2981400990599414,0.8315891228512587,-0.2975336096229657,0.0,-2.3643460166468486,2.8138896189224702,0.0,0.0,0.0,0.0,12.351680185399768,-0.27366121234659724,-10.951144767899292,0.0,-0.2380952380952382,-1.1851146425339656,0.0,3.879985738825517,0.0,-0.26793021753176827,-0.2666952974017608,-0.4558459048452441,0.0,3.304024567141844,Biotechnology,Healthcare,GALT
2015Q2,2015,Q2,2015-08-10,2015-06-30,-4643000.0,0.0,-4657000.0,-0.21,0.0,0.0,26679000.0,24771000.0,26667000.0,1908000.0,1908000.0,0.0,-128930000.0,64785630.0,38423630.0,1.0438245333108591,13.976415094339623,0.0,0.0,-0.18800209922893707,1.0438245333108591,-0.18743692220741998,0.0,-3.488349666164118,2.615382100036333,0.0,0.0,0.0,0.0,13.816561844863731,-0.1740320101952847,-21.68919651824573,0.0,0.0454545454545455,-0.06285523071292273,0.0,4.206480511286221,0.0,0.037919602154993785,0.037809917355371904,-0.15551927097673382,0.0,2.342536367369261,Biotechnology,Healthcare,GALT
2015Q1,2015,Q1,2015-05-11,2015-03-31,-4826000.0,0.0,-4840000.0,-0.22,0.0,0.0,29974000.0,28683000.0,29960000.0,1291000.0,1291000.0,0.0,-123999000.0,77257700.0,47908700.0,1.243734281502038,23.206816421378775,0.0,0.0,-0.16874106613673603,1.243734281502038,-0.16825297214377855,0.0,-4.00216017405719,2.6935013771223373,0.0,0.0,0.0,0.0,22.733539891556934,-0.16100620537799426,-17.921062398515424,0.0,-0.3002465826856071,0.18600002863716544,0.0,2.788921396448615,0.0,-0.29348700080407397,-0.29619710765934654,-0.39615306787277993,0.0,1.3711874270723203,Biotechnology,Healthcare,GALT
2014Q4,2014,Q4,2015-03-18,2014-12-31,-3731000.0,0.0,-3734000.0,-0.169198675797016,0.0,0.0,29677000.0,27974000.0,29661000.0,1703000.0,1703000.0,0.0,-118925000.0,76516970.0,47388970.0,1.2686045984309102,17.41691133294187,0.0,0.0,-0.1334810895831844,1.2686045984309102,-0.13337384714377637,0.0,-5.127108683998928,2.7352888396368056,0.0,0.0,0.0,0.0,17.103934233705225,-0.12572025474273005,-24.579816896884033,0.0,0.004713671782258886,-1.0857975800027764,0.0,3.2931202434976403,0.0,-0.06054576463899943,-0.07391429393155019,0.37941944688576074,0.0,8.374636729848186,Biotechnology,Healthcare,GALT
2014Q3,2014,Q3,2014-11-10,2014-09-30,-3518000.0,0.0,-3477000.0,-0.17,0.0,0.0,31319000.0,29939000.0,31291000.0,1380000.0,1380000.0,0.0,-114890000.0,110916530.0,79715530.0,1.3577162033467869,22.67463768115942,0.0,0.0,-0.1161361434917666,1.3577162033467869,-0.11750559470924213,0.0,-7.882072910744741,3.7047506596746724,0.0,0.0,0.0,0.0,22.609420289855073,-0.11232797982055621,-33.79540828762949,0.0,0.0,0.059019557259171275,0.0,3.6995570567305798,0.0,-0.025955088947214933,-0.030222222222222223,0.028208982637255495,0.0,19.37898037075545,Biotechnology,Healthcare,GALT
2014Q2,2014,Q2,2014-08-07,2014-06-30,-3429000.0,0.0,-3375000.0,-0.17,0.0,0.0,34594000.0,32447000.0,34510000.0,2147000.0,2147000.0,0.0,-111104000.0,303585230.0,269162230.0,1.4760041850520857,16.073591057289242,0.0,0.0,-0.10401577957900576,1.4760041850520857,-0.10568003205226986,0.0,-22.13365631379411,9.356342034702745,0.0,0.0,0.0,0.0,16.033069399161622,-0.09912123489622478,-125.8645232172471,0.0,0.37037037037037035,0.5395175034448084,0.0,4.71339380231247,0.0,0.3289628180039139,0.3032617671345995,0.4218547767403661,0.0,17.696090112404296,Biotechnology,Healthcare,GALT
2014Q1,2014,Q1,2014-05-13,2014-03-31,-5110000.0,0.0,-4844000.0,-0.27,0.0,0.0,36899000.0,34962000.0,36745000.0,1937000.0,1937000.0,0.0,-107373000.0,310333700.0,273739700.0,1.7248149975333005,18.970056788848733,0.0,0.0,-0.13855042617699218,1.7248149975333005,-0.1461586865739946,0.0,-15.182666340508806,8.876314284079859,0.0,0.0,0.0,0.0,18.892101187403203,-0.1384861378357137,-85.75122962144239,0.0,-0.6387138263665595,0.2201422267595552,0.0,7.583985461040574,0.0,-0.8256520185780636,-0.7275320970042796,-0.17568065336188882,0.0,138.4351686200578,Biotechnology,Healthcare,GALT
2013Q4,2013,Q4,2014-03-21,2013-12-31,-2799000.0,0.0,-2804000.0,-0.16476336237344008,0.0,0.0,10713000.0,8227000.0,10687000.0,2486000.0,2486000.0,0.0,-101965000.0,137263040.0,126774040.0,0.48428302331057216,4.2988736926790025,0.0,0.0,-0.3408289777561687,0.48428302331057216,-0.34022122280296585,0.0,-12.260007145409075,16.684458490336695,0.0,0.0,0.0,0.0,4.219227674979887,-0.2612713525623075,-83.39188335358445,0.0,0.25107562557527235,-0.6135671832366099,0.0,9.251691206084013,0.0,0.20976849237718803,0.2090267983074753,-1.2166146999853806,0.0,3.7999274685249036,Biotechnology,Healthcare,GALT
2013Q3,2013,Q3,2013-11-12,2013-09-30,-3542000.0,0.0,-3545000.0,-0.22,0.0,0.0,9777000.0,8173000.0,9742000.0,1603000.0,1604000.0,0.0,-98850000.0,169370360.0,159655360.0,0.4811043089239463,6.077354959451029,0.0,0.0,-0.43374525877890613,0.4811043089239463,-0.43337819650067294,0.0,-11.95442970073405,20.72315673559281,0.0,0.0,0.0,0.0,6.060511540860886,-0.36227881763322084,-114.20792987188132,0.0,-0.404056603773585,-8.78590492904282,0.0,11.038227588080911,0.0,-0.3922955974842767,-0.39183352964271695,-0.8413472628958054,0.0,2.6661756515498585,Biotechnology,Healthcare,GALT
2013Q2,2013,Q2,2013-08-14,2013-06-30,-2544000.0,0.0,-2547000.0,-0.15668883961566887,0.0,0.0,5225000.0,3727000.0,5187000.0,1493000.0,1498000.0,0.0,-95131000.0,71600760.0,66501760.0,0.22955161369795515,3.474212993971869,0.0,0.0,-0.683391467668366,0.22955161369795515,-0.6825865307217601,0.0,-7.0362382075471706,19.211365709686074,0.0,0.0,0.0,0.0,3.4152712659075686,-0.48688995215311004,-37.060434782608695,0.0,0.28777800174695967,-1.2232142505503851,0.0,3.5718312456138714,0.0,0.2057446144239775,0.20604738154613467,0.14880407817818972,0.0,1.7051499099395033,Biotechnology,Healthcare,GALT
2013Q1,2013,Q1,2013-05-10,2013-03-31,-3203000.0,0.0,-3208000.0,-0.22,0.0,0.0,7196000.0,5723000.0,7155000.0,1468000.0,1473000.0,0.0,-83490000.0,57080450.0,50062450.0,0.3559300951551713,4.873978201634878,0.0,0.0,-0.5605451686178577,0.3559300951551713,-0.5596715009610345,0.0,-4.455233374960974,9.973868600384414,0.0,0.0,0.0,0.0,4.7806539509536785,-0.4451083935519733,-23.557758976475444,0.0,-0.46499999999999986,0.27560533802542286,0.0,1.8124278787165675,0.0,-0.3480639730639731,-0.34676742233417296,0.2251244755562907,0.0,1.511950962784517,Biotechnology,Healthcare,GALT
2012Q4,2012,Q4,2013-03-29,2012-12-31,-2376000.0,0.0,-2382000.0,-0.15017064846416384,0.0,0.0,9561000.0,7917000.0,9517000.0,1638000.0,1644000.0,0.0,-80018000.0,32435099.999999996,23071099.999999996,0.500379218809253,5.81013431013431,0.0,0.0,,0.500379218809253,-0.3001136794240242,0.0,-3.4127840909090903,4.096892762410003,0.0,0.0,0.0,0.0,5.716727716727717,-0.24850957012864763,-18.49207525655644,0.0,0.2096281659780851,0.228212579229644,0.0,2.151262033582912,0.0,0.11640014875418371,0.17748618784530387,-0.8512294713805594,0.0,1.9044817569605585,Biotechnology,Healthcare,GALT
2012Q3,2012,Q3,2012-11-09,2012-09-30,-2689000.0,0.0,-2896000.0,-0.19,0.0,0.0,11193000.0,3057000.0,11148000.0,1442000.0,8136000.0,0.0,-77310000.0,33226200.0,22167200.0,0.1932119833143724,7.7309292649098476,0.0,0.0,,0.1932119833143724,-0.8796205430160288,0.0,-3.089085161770175,10.868891069676154,0.0,0.0,0.0,0.0,7.669209431345354,-0.2402394353613866,-15.966458433445458,0.0,0.0,0.5578667387074866,0.0,1.7419117392030865,0.0,-0.010902255639097745,-0.08545727136431784,-0.0024032668403113594,0.0,1.3841647994739308,Biotechnology,Healthcare,GALT
2012Q2,2012,Q2,2012-08-10,2012-06-30,-2660000.0,0.0,-2668000.0,-0.19,0.0,0.0,13322000.0,4906000.0,13215000.0,1780000.0,8416000.0,0.0,-74325000.0,32205499.999999996,19075499.999999996,0.31228516868236794,7.424157303370786,0.0,0.0,,0.31228516868236794,-0.5421932327761925,0.0,-3.0268327067669167,6.5645128414186695,0.0,0.0,0.0,0.0,7.376404494382022,-0.19966971926137217,-14.746108058608057,0.0,-0.11764705882352934,-32.6413669283542,0.0,2.1124320030176587,0.0,-0.3641025641025641,-0.36610343061955963,0.5001518912634089,0.0,1.7856602451965864,Biotechnology,Healthcare,GALT
2012Q1,2012,Q1,2012-05-11,2012-03-31,-1950000.0,0.0,-1953000.0,-0.17,0.0,0.0,15538000.0,6824000.0,15429000.0,2135000.0,8714000.0,0.0,-71341000.0,52560400.0,37246400.0,0.5245196003074558,7.2266978922716625,0.0,0.0,,0.5245196003074558,-0.2857561547479484,0.0,-6.73851282051282,7.702286049237983,0.0,0.0,0.0,0.0,7.172833723653396,-0.12549877719140173,-35.37039030955585,0.0,0.3764803800475059,0.843913204548294,0.0,5.163261385356017,0.0,0.42102137767220904,0.4208185053380783,0.5363336606345497,0.0,3.002202802847804,Biotechnology,Healthcare,GALT
2011Q4,2011,Q4,2012-03-30,2011-12-31,-3368000.0,0.0,-3372000.0,-0.2726457910225059,0.0,0.0,6612000.0,-2125000.0,6501000.0,2215000.0,8737000.0,0.0,-69137000.0,71153418.24,64756418.239999995,-0.1720226561528578,2.9349887133182846,0.0,0.0,,-0.1720226561528578,1.5849411764705883,0.0,-5.2815779572446555,-33.483961524705876,0.0,0.0,0.0,0.0,2.88803611738149,-0.5093768905021173,-46.14359159533073,0.0,-0.5146988390139218,-1.2837633696238138,0.0,-36.272281835237635,0.0,-0.6607495069033531,-0.6586325627151992,-1.6700857199332044,0.0,-1.9310914706862135,Biotechnology,Healthcare,GALT
2011Q3,2011,Q3,2011-11-10,2011-09-30,-2028000.0,0.0,-2033000.0,-0.18,0.0,0.0,8103000.0,823000.0,7995000.0,815000.0,7280000.0,0.0,-65419000.0,63741603.84,55797603.84,0.06662336283002446,9.809815950920246,0.0,0.0,,0.06662336283002446,-2.4641555285540706,0.0,-7.857692781065089,77.45030843256379,0.0,0.0,0.0,0.0,9.747239263803682,-0.2502776749352092,-50.74968458598726,0.0,0.3328416565398146,-2.086888971477753,0.0,20.171825408903924,0.0,0.35145506875599614,0.32029421598127716,-7.1305220290197235,0.0,2.390094551983731,Biotechnology,Healthcare,GALT
2011Q2,2011,Q2,2011-08-12,2011-06-30,-3127000.0,0.0,-2991000.0,-0.2698010176511298,0.0,0.0,8160000.0,915000.0,8055000.0,786000.0,7245000.0,0.0,-63080000.0,84838968.36,76854968.36,0.07894721175272905,10.248091603053435,0.0,0.0,,0.07894721175272905,-3.417486338797814,0.0,-6.782776491845219,92.720184,0.0,0.0,0.0,0.0,10.157760814249365,-0.3832107843137255,-55.96238018469657,0.0,-0.12417090687970751,-0.053369711674499005,0.0,1.1796866526686824,0.0,-0.3072742474916388,-0.4858420268256334,-2.8281314018679176,0.0,1.8845021939463362,Biotechnology,Healthcare,GALT
2011Q1,2011,Q1,2011-05-13,2011-03-31,-2392000.0,0.0,-2013000.0,-0.24,0.0,0.0,7124000.0,-140000.0,7021000.0,858000.0,7264000.0,0.0,-59146000.0,69609415.2,62661415.2,-0.012550026422287771,8.182983682983682,0.0,0.0,,-0.012550026422287771,17.085714285714285,0.0,-7.275231521739131,-497.2101085714286,0.0,0.0,0.0,0.0,8.097902097902098,-0.3357664233576642,-50.9212986100951,0.0,-2.228797472527472,0.8664397824192452,0.0,0.9841071038554938,0.0,-2.2857142857142856,-0.5616757176105508,0.22025047708708323,0.0,0.9713539498826278,Biotechnology,Healthcare,GALT
2010Q4,2010,Q4,2011-03-15,2010-12-31,-728000.0,0.0,-1289000.0,-0.0743310789983152,0.0,0.0,6300000.0,-1694000.0,6195000.0,1771000.0,7994000.0,0.0,-56424000.0,52887702.6,46996702.6,-0.1729627030537719,3.4980237154150196,0.0,0.0,,-0.1729627030537719,0.4297520661157025,0.0,-18.161985782967033,-31.22060365997639,0.0,0.0,0.0,0.0,3.458498023715415,-0.11555555555555555,-90.71647101200686,0.0,0.3435527502254282,0.806519176310513,0.0,-1.2197672407983342,0.0,0.3435527502254283,-0.06353135313531354,0.6179826595283212,0.0,0.6020510329634805,Biotechnology,Healthcare,GALT
2010Q3,2010,Q3,2010-11-12,2010-09-30,-1109000.0,0.0,-1212000.0,-0.11323237171584004,0.0,0.0,2985000.0,-2828000.0,2864000.0,771000.0,5813000.0,0.0,-54906000.0,46423650.06,43609650.06,-0.28874765303191674,3.714656290531777,0.0,0.0,,-0.28874765303191674,0.3921499292786422,0.0,-10.465205153291254,-16.415717842998585,0.0,0.0,0.0,0.0,3.649805447470817,-0.37152428810720267,-56.135006118500606,0.0,0.38487684726528504,0.6931553028994143,0.0,-1.246816733758371,0.0,0.3295042321644498,0.10222222222222223,0.7054260287679288,0.0,-0.10875769596110343,Biotechnology,Healthcare,GALT
2010Q2,2010,Q2,2010-08-13,2010-06-30,-1654000.0,0.0,-1350000.0,-0.18408081570727988,0.0,0.0,3054000.0,-2925000.0,2930000.0,1036000.0,5979000.0,0.0,-53007000.0,38438617.151999995,35575617.151999995,-0.3255359044400204,2.828185328185328,0.0,0.0,,-0.3255359044400204,0.5654700854700855,0.0,-5.809948178960097,-13.14140757333333,0.0,0.0,0.0,0.0,2.7635135135135136,-0.5415848068107401,-41.28745129108485,0.0,0.28395128456148805,0.5064534230093044,0.0,-1.2115670622737809,0.0,0.22637979420018708,-0.3081395348837209,-35.3999899414661,0.0,-4.24449723752643,Biotechnology,Healthcare,GALT
2010Q1,2010,Q1,2010-05-12,2010-03-31,-2138000.0,0.0,-1032000.0,-0.2570786201250956,0.0,0.0,305000.0,-5782000.0,177000.0,886000.0,6087000.0,0.0,-50532000.0,21955618.080000002,21835618.080000002,-0.695242554519786,0.19977426636568849,0.0,0.0,,-0.695242554519786,0.36976824628156346,0.0,-2.5673080074836294,-3.797235918367347,0.0,0.0,0.0,0.0,0.13544018058690746,-7.00983606557377,-28.851009303547965,0.0,-2.169138063294666,0.17405066113391157,0.0,-1.3636426083557014,0.0,-2.26412213740458,0.07609668755595345,0.7322837027138006,0.0,-9.16930689952553,Biotechnology,Healthcare,GALT
2009Q4,2009,Q4,2010-03-12,2009-12-31,-655000.0,0.0,-1117000.0,-0.08111941322551097,0.0,0.0,436000.0,-4467000.0,304000.0,1052000.0,4903000.0,0.0,-47715000.0,13565186.879999999,13314186.879999999,-0.5532220135547443,0.2889733840304182,0.0,0.0,,-0.5532220135547443,0.14663084844414595,0.0,-5.17755224427481,-3.036755513767629,0.0,0.0,0.0,0.0,0.23859315589353614,-1.5022935779816513,-16.5026604379562,0.0,0.5215485756026297,0.8347246461160046,0.0,-1.2407120717226352,0.0,0.5215485756026297,0.1064,-1.0844271901372482,0.0,-118.86704116664421,Biotechnology,Healthcare,GALT
2009Q3,2009,Q3,2009-11-13,2009-09-30,-1369000.0,0.0,-1250000.0,-0.16954576596293822,0.0,0.0,815000.0,-4061000.0,521000.0,1067000.0,4876000.0,0.0,-46407000.0,15987541.68,15519541.68,-0.502940361998168,0.48828491096532334,0.0,0.0,,-0.502940361998168,0.33710908643191334,0.0,-2.9195656829802776,-3.9368484806697857,0.0,0.0,0.0,0.0,0.4386129334582943,-1.679754601226994,-14.442223739837399,0.0,0.5963186437040606,0.5771665156718506,0.0,-1.1809441228071602,0.0,0.5184664087231797,0.37248995983935745,-2.122477037116941,0.0,-160.82629940915342,Biotechnology,Healthcare,GALT
2009Q2,2009,Q2,2009-08-14,2009-06-30,-2843000.0,0.0,-1992000.0,-0.419999,0.0,0.0,1364000.0,-3336000.0,1061000.0,1355000.0,4700000.0,0.0,-44492000.0,15107130.0,14125130.0,-0.39748118934569304,0.7830258302583026,0.0,0.0,,-0.39748118934569304,0.8522182254196643,0.0,-1.3284497010200493,-4.52851618705036,0.0,0.0,0.0,0.0,0.7247232472324723,-2.084310850439883,-12.578792672772689,0.0,-0.16666712963091562,-0.013725345143702423,0.0,-1.1972927514927671,0.0,-0.09556840077071291,-0.14878892733564014,-0.3225272875447875,0.0,0.09531872213554789,Biotechnology,Healthcare,GALT
2009Q1,2009,Q1,2009-05-15,2009-03-31,-2595000.0,0.0,-1734000.0,-0.359999,0.0,0.0,1239000.0,-2103000.0,926000.0,1318000.0,3342000.0,0.0,-41155000.0,10596429.360000001,9735429.360000001,-0.2619712646298432,0.7025796661608498,0.0,0.0,,-0.2619712646298432,1.2339514978601998,0.0,-1.0208506127167631,-5.0387205706134095,0.0,0.0,0.0,0.0,0.6532625189681336,-2.0944309927360774,-13.997925178335537,0.0,-2.525556677348039,0.30034509087636424,0.0,-1.17964064101732,0.0,-2.1801470588235294,-0.5749318801089919,0.7986502548842529,0.0,0.6682491365744818,Biotechnology,Healthcare,GALT
2008Q4,2008,Q4,2009-03-30,2008-12-31,-816000.0,0.0,-1101000.0,-0.10211125020710064,0.0,0.0,704000.0,-469000.0,380000.0,1079000.0,1173000.0,0.0,-38550000.0,4315293.36,3997293.3600000003,-0.058688941601875246,0.35217794253938833,0.0,0.0,,-0.058688941601875246,1.7398720682302773,0.0,-1.3220874264705882,-9.201051940298507,0.0,0.0,0.0,0.0,0.29471733086190915,-1.1590909090909092,-8.596201912350597,0.0,-4.813084112149533,0.7579871760652326,0.0,-1.0286657741692173,0.0,-4.813084112149533,-0.17252396166134185,0.7342085024962312,0.0,-1.07457045093247,Biotechnology,Healthcare,GALT
2008Q3,2008,Q3,2008-11-07,2008-09-30,214000.0,0.0,-939000.0,0.026779175912156294,0.0,0.0,1233000.0,-383000.0,895000.0,708000.0,1616000.0,0.0,-37682000.0,9589540.799999999,8773540.799999999,-0.04792721670259748,1.2641242937853108,0.0,0.0,,-0.04792721670259748,-0.5587467362924282,0.0,11.202734579439252,-25.03796553524804,0.0,0.0,0.0,0.0,1.152542372881356,0.1735604217356042,-10.147662222222221,0.0,1.4463195985359383,1.072134038856453,0.0,-1.0375631472419107,0.0,1.3801065719360568,0.4989327641408751,1.0725680121051409,0.0,-1.0409673947492042,Biotechnology,Healthcare,GALT
2008Q2,2008,Q2,2008-08-08,2008-06-30,-563000.0,0.0,-1874000.0,-0.06,0.0,0.0,2017000.0,-713000.0,1652000.0,674000.0,2730000.0,0.0,-37709000.0,16296030.0,14742030.0,-0.08925609488936877,2.451038575667656,0.0,0.0,,-0.08925609488936877,0.7896213183730715,0.0,-7.236247779751332,-22.855582047685832,0.0,0.0,0.0,0.0,2.3056379821958455,-0.27912741695587506,-9.46893085415456,0.0,0.7999993333311112,0.7548096008647689,0.0,-1.1690693695861245,0.0,0.716515609264854,-0.3271954674220963,0.8110371803079295,0.0,-1.0580078864672602,Biotechnology,Healthcare,GALT
2008Q1,2008,Q1,2008-05-15,2008-03-31,-1986000.0,0.0,-1412000.0,-0.299999,0.0,0.0,3837000.0,-3164000.0,3460000.0,984000.0,7001000.0,0.0,-37146000.0,18632721.3,15377721.3,-0.43810669781230505,3.516260162601626,0.0,0.0,,-0.43810669781230505,0.6276864728192162,0.0,-2.3455087235649548,-5.888976390644754,0.0,0.0,0.0,0.0,3.307926829268293,-0.5175918686473807,-12.430100933955972,0.0,-0.5418156398181819,0.030195886611144956,0.0,-1.647754668771458,0.0,-0.5171886936592819,-0.01509705248023005,0.11649276186927988,0.0,-1.2291491815264532,Biotechnology,Healthcare,GALT
2007Q4,2007,Q4,2008-03-28,2007-12-31,-1309000.0,0.0,-1391000.0,-0.194575143909798,0.0,0.0,1782000.0,-2924000.0,1389000.0,2600000.0,4706000.0,0.0,-35160000.0,28255407.6,26936407.6,-0.4346353863959124,0.5342307692307692,0.0,0.0,,-0.4346353863959124,0.4476744186046512,0.0,-5.396372727272728,-9.663272093023256,0.0,0.0,0.0,0.0,0.5073076923076923,-0.7345679012345679,-22.878872550607287,0.0,0.45951198778386054,0.5370513971534845,0.0,-1.7166232081249984,0.0,0.4938128383604022,-0.016812865497076022,0.6035662181465609,0.0,-1.1891139212466917,Biotechnology,Healthcare,GALT
2007Q3,2007,Q3,2007-11-14,2007-09-30,-2586000.0,0.0,-1368000.0,-0.359999,0.0,0.0,1683000.0,-1752000.0,1218000.0,1311000.0,3435000.0,0.0,-33851000.0,29062704.96,28199704.96,-0.26042448596636064,0.9290617848970252,0.16339869281045752,-0.1569634703196347,,-0.26042448596636064,1.476027397260274,0.0,-2.8096195823665893,-16.58830191780822,0.0,0.0,0.0,0.0,0.8680396643783371,-1.536541889483066,-27.060246703910614,0.0,-68.2745931256111,-0.5438449398371354,0.0,-1.5956848634975553,0.0,-72.83333333333333,0.22799097065462753,0.04135313235438408,0.0,-1.0936935742907434,Biotechnology,Healthcare,GALT
2007Q2,2007,Q2,2007-08-10,2007-06-30,36000.0,0.0,-1772000.0,0.005351188067801931,0.0,0.0,2980000.0,675000.0,2500000.0,1400000.0,2305000.0,0.0,-31265000.0,14127703.8,12181703.8,0.1003347762712862,1.7857142857142858,0.14563758389261744,0.642962962962963,,0.1003347762712862,0.05333333333333334,0.0,98.10905416666667,20.92993155555556,0.0,0.0,0.0,0.0,1.7,0.012080536912751677,-7.977246640316206,0.0,1.0055741658501391,1.0148255579323993,0.0,-0.22927670782282478,0.0,1.0064585575888052,0.079002079002079,1.0160141215673701,0.0,-0.950198085817447,Biotechnology,Healthcare,GALT
2007Q1,2007,Q1,2007-05-15,2007-03-31,-5574000.0,0.0,-1924000.0,-0.959998,0.0,0.0,4915000.0,494000.0,4474000.0,1716000.0,4421000.0,0.0,-31301000.0,25772632.680000003,22049632.680000003,0.08510422769894535,2.6072261072261074,0.0,0.0,,0.08510422769894535,-11.2834008097166,0.0,-1.155930780409042,52.1713212145749,0.0,0.0,0.0,0.0,2.519230769230769,-1.1340793489318413,-17.83573195847751,0.0,-1.9991434904991265,-1.6090664445472278,0.0,-0.5729354312192382,0.0,-2.2170305676855895,-0.4845679012345679,-1.0783720339290062,0.0,-0.9416417749529736,Biotechnology,Healthcare,GALT
