Quarters,Year,Quarter,FillingDate,Date,NetIncome,Revenue,OperatingIncome,EPSDiluted,GrossProfit,GrossProfitRatio,TotalAssets,CommonStockEquity,CurrentAssets,CurrentLiability,TotalLiability,Inventory,RetainedEarnings,MarketCap,EnterpriseValue,bookValuePerShare,currentRatio,debtToAssets,debtToEquity,roic,shareholdersEquityPerShare,roe,priceToSalesRatio,peRatio,pbRatio,payoutRatio,inventoryTurnover,dividendYield,assetTurnover,quickRatio,returnOnAssets,priceToFreeCashFlowsRatio,grossProfitMargin,epsdilutedGrowth,fiveYNetIncomeGrowthPerShare,fiveYRevenueGrowthPerShare,fiveYShareholdersEquityGrowthPerShare,grossProfitGrowth,netIncomeGrowth,operatingIncomeGrowth,threeYNetIncomeGrowthPerShare,threeYRevenueGrowthPerShare,threeYShareholdersEquityGrowthPerShare,Industry,Sector,Symbol
2023Q1,2023,Q1,2023-05-08,2023-03-31,1517000.0,39556000.0,1934000.0,0.04,24004000.0,0.6068358782,124634000.0,100041000.0,46705000.0,23421000.0,24593000.0,3447000.0,70858000.0,368594465.82,345609465.82,2.6218409379806893,1.9941505486529183,0.004485132467865911,0.00558770903929389,0.01437197195701032,2.6218409379806893,0.015163782849031898,9.318294716857114,60.743979205669085,3.6844340402435005,0.0,4.511749347258486,0.0,0.31737728067782467,1.702062251825285,0.012171638557696937,63.38683849011178,0.606835878248559,-0.3333333333333333,-0.3561836434767562,1.7850462728063763,2.7301288986721834,0.048392732354996505,-0.3777686628383921,-0.4527447651386531,-0.6436498524785828,0.6561143979429338,1.043422615041533,Medical Devices,Healthcare,VMD
2022Q4,2022,Q4,2023-03-02,2022-12-31,2438000.0,37508000.0,3534000.0,0.06,22896000.0,0.610429775,117043000.0,97094000.0,39742000.0,18861000.0,19949000.0,3574000.0,69846000.0,287399410.2,271179410.2,2.5540436547492957,2.1070993054450984,0.005929444733986654,0.0071477125260057265,0.024410427521925685,2.5540436547492957,0.025109687519311183,7.662349637410685,29.47081728876128,2.9600120522380373,0.0,4.088416340235031,0.0,0.3204634194270482,1.6074969513811568,0.020829951385388276,136.0792661931818,0.6104297749813373,1.0,94.50736072486956,1.7607950341718976,3.0777815383804845,0.057503117638908134,1.3109004739336494,1.4057181756296802,0.5298246852820421,1.7251079487760799,1.2181915021821417,Medical Devices,Healthcare,VMD
2022Q3,2022,Q3,2022-11-01,2022-09-30,1055000.0,35759000.0,1469000.0,0.03,21651000.0,0.6054699516,119419000.0,93909000.0,42864000.0,20556000.0,25510000.0,3178000.0,68118000.0,229396728.0,212695728.0,2.456242531933585,2.0852305896088734,0.040002009730444904,0.050868393870662026,0.010345515015190359,2.456242531933585,0.011234279994462724,6.415076707961632,54.359414218009476,2.442755518640386,0.0,4.439269981120201,0.0,0.2994414624138537,1.7781183109554388,0.008834440080724173,140.30380917431194,0.605469951620571,0.4999999999999999,-0.7396508996107028,1.8477029573702013,0.0,0.061844041196665034,0.09100310237849017,0.0987284966342558,-0.6474952225826041,0.5033496189323342,1.131004607581788,Medical Devices,Healthcare,VMD
2022Q2,2022,Q2,2022-08-02,2022-06-30,967000.0,33310000.0,1337000.0,0.02,20390000.0,0.6121284899,115904000.0,93227000.0,41859000.0,17859000.0,22677000.0,2853000.0,68944000.0,208601860.4,192007860.4,2.404394951407634,2.3438602385351923,0.045969077857537274,0.05715082540465745,0.00940450320735939,2.404394951407634,0.010372531562744699,6.262439519663765,53.93016039296794,2.2375691634397756,0.0,4.5285664213109005,0.0,0.28739301490889013,2.057226048490957,0.008343111540585311,-100.28935596153846,0.6121284899429601,-0.5423340961098398,-0.4667493916051216,1.9875963087234223,0.0,0.032771108747404146,-0.45119182746878544,-0.4052491103202847,-0.4835740929692417,0.43594829639853294,1.306341792667057,Medical Devices,Healthcare,VMD
2022Q1,2022,Q1,2022-05-03,2022-03-31,1762000.0,32255000.0,2248000.0,0.0437,19743000.0,0.6120911487,119007000.0,96044000.0,47804000.0,17734000.0,22963000.0,2503000.0,73091000.0,197316270.18,173976270.18,2.4240227101580416,2.6956129468816963,0.04964413858008353,0.06151347299154554,0.015407542969596875,2.4240227101580416,0.01834575819416101,6.1173855272050845,27.996065576049947,2.0544361977843493,0.0,4.9988014382740715,0.0,0.27103447696353994,2.4542122476598625,0.01480585175661936,61.99065981149859,0.6120911486591226,-0.563,-0.3007625799379864,2.0775044458187737,0.0,0.00411962160512664,-0.5688769268412038,-0.5689357622243528,-0.21903923503433673,0.5063345180896358,1.508786769828598,Medical Devices,Healthcare,VMD
2021Q4,2021,Q4,2022-03-07,2021-12-31,4087000.0,31962000.0,5215000.0,0.1,19662000.0,0.615168012,117962000.0,94820000.0,47310000.0,17811000.0,23142000.0,2457000.0,73335000.0,206903083.32,185013083.32,2.39223307868489,2.6562236819942733,0.05525508214509758,0.06874077198903185,0.04130852384328863,2.39223307868489,0.043102720944948325,6.47340852637507,12.656170988500122,2.182061625395486,0.0,5.006105006105006,0.0,0.2709516623997559,2.4212003817865364,0.03464675064851393,103.86700969879517,0.615168012014267,1.5,151.3433949182461,1.256377821679503,2.819435061583512,0.06969152929655623,1.2845164896590273,0.7865707434052758,0.28050371972371296,0.6497822639430133,1.5830257019647733,Medical Devices,Healthcare,VMD
2021Q3,2021,Q3,2021-11-02,2021-09-30,1789000.0,29285000.0,2919000.0,0.04,18381000.0,0.6276592112002731,115486000.0,89376000.0,47366000.0,20199000.0,26110000.0,2622000.0,69248000.0,219821847.0,200522847.0,2.256540042628247,2.3449675726521115,0.06553175276656911,0.08467597565341926,0.01673895593142757,2.256540042628247,0.02001655925528106,7.506294929144613,30.71853647288988,2.459517622180451,0.0,4.158657513348589,0.0,0.25358052058258146,2.028961829793554,0.015491055192837227,-73.15202895174708,0.6276592112002731,0.0,-0.5738406106456253,1.2511925795684458,0.0,0.042893617021276594,0.14240102171136654,0.09572072072072071,-0.29357556261027346,0.6332024216781063,1.6100747928130879,Medical Devices,Healthcare,VMD
2021Q2,2021,Q2,2021-08-03,2021-06-30,1566000.0,27399000.0,2664000.0,0.04,17625000.0,0.6432716522500821,111014000.0,86264000.0,47045000.0,18317000.0,24750000.0,2558000.0,67459000.0,283026057.6,260473057.60000002,2.179260825770694,2.5683791013812307,0.07744969102996019,0.09967077807660206,0.015336685626237115,2.179260825770694,0.01815357507187239,10.329795160407315,45.18295938697318,3.2809289808031163,0.0,3.8209538702111026,0.0,0.24680670906372168,2.363105312005241,0.014106328931486119,303.35054405144695,0.6432716522500821,0.0,-0.15411336182320676,1.4071187478755895,0.0,-0.0065945214744673655,-0.07007125890736342,1.0,-0.3661212977652348,0.692030014869216,1.7838045361707655,Medical Devices,Healthcare,VMD
2021Q1,2021,Q1,2021-05-03,2021-03-31,1684000.0,28416000.0,1332000.0,0.04,17742000.0,0.6243665540540541,113001000.0,83421000.0,48273000.0,21855000.0,29580000.0,2220000.0,65893000.0,395989598.84,374509598.84,2.1319259962206942,2.2087851750171588,0.08510544154476508,0.1152827225758502,0.01608092320005072,2.1319259962206942,0.02018676352477194,13.935444778997747,58.78705445961995,4.74688146677695,0.0,4.808108108108108,0.0,0.25146680117875064,2.0306108442004116,0.014902522986522244,139.8762270717061,0.6243665540540541,-0.6666666666666666,-0.3233078580409761,1.7453320191079755,0.0,-0.07487746376055897,-0.6679155985012818,-0.7471046136320486,-0.30307357784570416,0.9509736721433474,2.033120222181788,Medical Devices,Healthcare,VMD
2020Q4,2020,Q4,2021-03-03,2020-12-31,5071000.0,31202000.0,5267000.0,0.12,19178000.0,0.6146400871738991,112560000.0,81693000.0,47175000.0,23017000.0,30867000.0,2310000.0,65643000.0,303891028.4,284045028.4,2.086069086467312,2.0495720554372854,0.09892501776830136,0.1363029880161091,0.05309504494312249,2.086069086467312,0.0620738618975922,9.739472738926992,14.981809721948334,3.7199151506249004,0.0,5.205194805194806,0.0,0.2772032693674485,1.8835643220228526,0.04505152807391613,319.5489257623554,0.6146400871738991,0.7142857142857141,189.80505935822944,1.2294647481185288,2.330614178330342,-0.014136637022567212,0.8084878744650499,0.3037128712871287,189.80505935822944,1.2294647481185288,2.330614178330342,Medical Devices,Healthcare,VMD
2020Q3,2020,Q3,2020-11-04,2020-09-30,2804000.0,33447000.0,4040000.0,0.07,19453000.0,0.5816067210811134,113969000.0,75198000.0,49980000.0,30348000.0,38771000.0,2762000.0,60572000.0,337890009.6,317777009.6,1.9228467890161616,1.6468960063266114,0.10777492125051549,0.16334211016250433,0.030996582981452657,1.9228467890161616,0.037288225750684856,10.102251610009867,30.125714122681888,4.493337716428629,0.0,5.066618392469225,0.0,0.2934745413226404,1.4460590483722155,0.02460318156691732,69.58196243822076,0.5816067210811134,-0.8541666666666666,-0.32351839608950056,1.6039992281207613,0.0,-0.24970108381224207,-0.8555532660210179,-0.6858231588770511,-0.32351839608950056,1.6039992281207613,0.0,Medical Devices,Healthcare,VMD
2020Q2,2020,Q2,2020-08-04,2020-06-30,19412000.0,42854000.0,12859000.0,0.48,25927000.0,0.6050077005647081,112178000.0,71128000.0,49207000.0,31770000.0,41050000.0,6580000.0,57768000.0,371191344.0,355468344.0,1.8395601380187356,1.5488511174063582,0.1246590240510617,0.19660330671465526,0.21229253195897668,1.8395601380187356,0.2729164323473175,8.661766556214122,4.780436637131671,5.218638848273535,0.0,2.5724924012158055,0.0,0.3820178644654032,1.2822159269751339,0.17304640838667118,18.67911352657005,0.6050077005647081,3.3636363636363638,9.734565313065385,2.854321533381303,0.0,0.6670095801453095,3.5750648126325713,1.7863488624052004,9.734565313065385,2.854321533381303,0.0,Medical Devices,Healthcare,VMD
2020Q1,2020,Q1,2020-05-05,2020-03-31,4243000.0,23806000.0,4615000.0,0.11,15553000.0,0.6533226917583802,86801000.0,48796000.0,30151000.0,26146000.0,38005000.0,1785000.0,38356000.0,181026865.04,189001865.04,1.2830634831392427,1.1531783064331065,0.18875358578818216,0.3357652266579228,0.05898070193241521,1.2830634831392427,0.08695384867612099,7.604253761236663,10.666206990337026,3.7098709943437984,0.0,4.623529411764705,0.0,0.27425951313924957,0.9122619138682782,0.048881925323440975,-50.10430806531968,0.6533226917583802,1.7757991137649276,0.7542410375470251,1.366385791223769,0.0,1.3795899632802937,1.6668761785040855,1.479849543256314,0.7542410375470251,1.366385791223769,0.0,Medical Devices,Healthcare,VMD
2019Q4,2019,Q4,2020-03-04,2019-12-31,1591000.0,13741000.0,1861000.0,0.03962822794146749,6536000.0,0.4756567935375882,82596000.0,43699000.0,27811000.0,25912000.0,38897000.0,1360000.0,34113000.0,235306492.0,238423492.0,1.1514080962968076,1.0732865081815375,0.19942854375514552,0.3769422641250372,0.025540067416922267,1.1514080962968076,0.03640815579303874,17.124408121679643,36.97462162162162,5.3847111375546355,0.0,5.297794117647059,0.0,0.16636398857087512,0.9605202222908304,0.01926243401617512,51.186968022623454,0.4756567935375882,-0.4338824579790359,62.1229257995862,0.0130956593524472,0.8383361104615967,-0.6201545882489684,-0.4625,-0.17909131010145568,62.1229257995862,0.0130956593524472,0.8383361104615967,Medical Devices,Healthcare,VMD
2019Q3,2019,Q3,2019-11-05,2019-09-30,2960000.0,23525000.0,2267000.0,0.07,17207000.0,0.7314346439957492,79881000.0,43584000.0,27703000.0,23195000.0,36297000.0,1266000.0,34984000.0,261665413.32,267606413.32,1.1526218775851778,1.1943522310842853,0.23248331893691868,0.4260967327459618,0.030224476753564947,1.1526218775851778,0.06791483113069016,11.122865603400637,22.10011936824324,6.0037034994493395,0.0,4.990521327014218,0.0,0.29450056959727594,1.0501832291442121,0.037055119490241734,92.0708702744546,0.7314346439957492,0.4000000000000001,-0.26143100159740124,0.894238653143515,0.0,0.02052072830792954,0.6263736263736264,0.06332082551594746,-0.26143100159740124,0.894238653143515,0.0,Medical Devices,Healthcare,VMD
2019Q2,2019,Q2,2019-08-09,2019-06-30,1820000.0,22547000.0,2132000.0,0.05,16861000.0,0.7478156739255777,70886000.0,39289000.0,25061000.0,24111000.0,31597000.0,3712000.0,32024000.0,263807341.0,269362341.0,1.042514582640064,1.0394011032308905,0.18686341449651553,0.33714271170047594,0.033916019968377537,1.042514582640064,0.04632339840667871,11.70033002173238,36.23727211538461,6.714534373488762,0.0,1.5317887931034482,0.0,0.3180740907936687,0.8497366347310357,0.025675027508958045,-116.16351431087627,0.7478156739255777,0.0,0.03257911955047991,1.0805737338987342,0.0,0.09472795740812881,-0.15506035283194058,-0.545609548167093,0.03257911955047991,1.0805737338987342,0.0,Medical Devices,Healthcare,VMD
2019Q1,2019,Q1,2019-03-31,2019-03-31,2154000.0,20443000.0,4692000.0,0.05,15402000.0,0.7534119258425866,58583000.0,36549000.0,23613000.0,18884000.0,22034000.0,3615000.0,30226000.0,188200961.6674,187944961.6674,0.9662131271218608,1.2504236390595214,0.10183841728829182,0.16323292018933486,0.08877765572487775,0.9662131271218608,0.058934580973487645,9.206132253945116,21.843194251090996,5.149278001242168,0.0,1.3944674965421853,0.0,0.3489578888073332,1.010167337428511,0.036768345765836506,352.43625780411986,0.7534119258425866,-0.3506493506493506,-0.1046446230973496,1.0430418402160282,0.0,0.1287651154268963,-0.2928430728824688,-0.01697045883092395,-0.1046446230973496,1.0430418402160282,0.0,Medical Devices,Healthcare,VMD
2018Q4,2018,Q4,2018-12-31,2018-12-31,3046000.0,18489000.0,4773000.0,0.077,13645000.0,0.738006382173184,53525000.0,35033000.0,22963000.0,16981000.0,18492000.0,2887000.0,29572000.0,143742820.4,136754820.4,0.9261359950329735,1.3522760732583476,0.05662774404483886,0.08651842548454315,0.11043793920383986,0.9261359950329735,0.08694659321211429,7.774504862350587,11.797670748522652,4.103069117689036,0.0,1.6778662971943195,0.0,0.3454273703876693,1.133737706848831,0.05690798692199907,25.373842965578113,0.738006382173184,0.2833333333333334,118.40957296920999,0.3676821911557674,0.47866707585536855,0.04463328739856071,0.2566006600660066,0.06635388739946381,118.40957296920999,0.3676821911557674,0.47866707585536855,Medical Devices,Healthcare,VMD
2018Q3,2018,Q3,2018-09-30,2018-09-30,2424000.0,17163000.0,4476000.0,0.06,13062000.0,0.761055759482608,49147000.0,32776000.0,21899000.0,14716000.0,16371000.0,2377000.0,28120000.0,195238136.9946,190429136.9946,0.8645499542165196,1.488108181571079,0.09453272834557552,0.14175006102025872,0.10312223748508896,0.8645499542165196,0.07395655357578716,11.375525082712812,20.135946472215345,5.956740816286306,0.0,1.7252839713925117,0.0,0.3492176531629601,1.2616200054362599,0.049321423484648096,53.59268103063409,0.761055759482608,0.0,-0.39673747566115514,0.3783916492453876,0.0,0.15358120639406517,0.024513947590870666,0.18789808917197454,-0.39673747566115514,0.3783916492453876,0.0,Medical Devices,Healthcare,VMD
2018Q2,2018,Q2,2018-06-30,2018-06-30,2366000.0,15508000.0,3768000.0,0.06,11323000.0,0.7301392829507352,44168000.0,29677000.0,18834000.0,13191000.0,14491000.0,1935000.0,25696000.0,133002138.8752,130446138.8752,0.7828354316745076,1.4277916761428247,0.11200416591197247,0.16669474677359572,0.09276446982939018,0.7828354316745076,0.07972503959295077,8.57635664658241,14.053480439053255,4.481657137689119,0.0,2.1627906976744184,0.0,0.3511139286361166,1.2438784019407172,0.05356819416772324,22.100720982917913,0.7301392829507352,0.0,0.33446136491821765,0.42262177781854876,0.0,0.07306671721000758,0.010679196924391286,-0.06454816285998013,0.33446136491821765,0.42262177781854876,0.0,Medical Devices,Healthcare,VMD
2018Q1,2018,Q1,2018-03-31,2018-03-31,2341000.0,14111000.0,4028000.0,0.06,10552000.0,0.747785415633194,40566000.0,26646000.0,17840000.0,12613000.0,13920000.0,1959000.0,23330000.0,94603476.674,96523476.674,0.7028821279913378,1.4144137001506383,0.12934477148350837,0.19691510920963748,0.10476760215361407,0.7028821279913378,0.08785558808076259,6.704236175607682,10.102891571337034,3.550381921263979,0.0,1.816743236345074,0.0,0.3478528817236109,1.2146991199556014,0.05770842577527979,101.94340158836206,0.747785415633194,89.23529411764704,-0.02903359601824974,0.40715995213402495,0.0,0.03593167092087179,91.03846153846153,1.2782805429864252,-0.02903359601824974,0.40715995213402495,0.0,Medical Devices,Healthcare,VMD
2017Q4,2017,Q4,2017-12-31,2017-12-31,-26000.0,13548000.0,1768000.0,-0.00068,10186000.0,0.7518452908178329,37691000.0,23744000.0,17001000.0,13149000.0,13947000.0,1633000.0,20989000.0,67994708.7808,68075708.7808,0.6263316537951784,1.2929500342231348,0.11623464487543446,0.18450977088948786,-0.013271679077588278,0.6263316537951784,-0.0010950134770889488,5.018800470977266,-653.7952767384616,2.863658557142857,0.0,2.0587875076546234,0.0,0.3594492053805948,1.1315689406038483,-0.0006898198508927861,3237.8432752761905,0.7518452908178329,-1.0064157601260508,0.0,0.0,0.0,0.0939748684351842,-1.0064708810353409,-0.6634304207119741,0.0,0.0,0.0,Medical Devices,Healthcare,VMD
2017Q3,2017,Q3,2017-09-30,2017-09-30,4018000.0,12451000.0,5253000.0,0.105989,9311000.0,0.7478114207694161,,,,,,,,67994708.7808,,,0.0,0.0,0.0,0.0,,0.0,5.46098375879849,4.23063145724241,0.0,0.0,0.0,0.0,0.0,0.0,0.0,25.736074481756244,0.7478114207694161,1.2662233530757554,0.0,0.0,0.0,0.1847563303219239,1.2662154540327129,0.6676190476190477,0.0,0.0,0.0,Medical Devices,Healthcare,VMD
2017Q2,2017,Q2,2017-06-30,2017-06-30,1773000.0,10901000.0,3150000.0,0.046769,7859000.0,0.7209430327492891,,,,,,,,67994708.7808,,,0.0,0.0,0.0,0.0,,0.0,6.237474431776901,9.587522388719684,0.0,0.0,0.0,0.0,0.0,0.0,0.0,28.872487805010614,0.7209430327492891,-0.26462680230821245,0.0,0.0,0.0,0.08265601322496212,-0.2646204894234757,-0.16996047430830039,0.0,0.0,0.0,Medical Devices,Healthcare,VMD
2017Q1,2017,Q1,2017-03-31,2017-03-31,2411000.0,10028000.0,3795000.0,0.063599,7259000.0,0.7238731551655365,,,,,,,,67994708.7808,,,0.0,0.0,0.0,0.0,,0.0,6.780485518627842,7.05046752185815,0.0,0.0,0.0,0.0,0.0,0.0,0.0,22.642260666267067,0.7238731551655365,0.0,0.0,0.0,0.0,0.0,0.0,0.0,0.0,0.0,0.0,Medical Devices,Healthcare,VMD
