Quarters,Year,Quarter,FillingDate,Date,NetIncome,Revenue,OperatingIncome,EPSDiluted,GrossProfit,GrossProfitRatio,TotalAssets,CommonStockEquity,CurrentAssets,CurrentLiability,TotalLiability,Inventory,RetainedEarnings,MarketCap,EnterpriseValue,bookValuePerShare,currentRatio,debtToAssets,debtToEquity,roic,shareholdersEquityPerShare,roe,priceToSalesRatio,peRatio,pbRatio,payoutRatio,inventoryTurnover,dividendYield,assetTurnover,quickRatio,returnOnAssets,priceToFreeCashFlowsRatio,grossProfitMargin,epsdilutedGrowth,fiveYNetIncomeGrowthPerShare,fiveYRevenueGrowthPerShare,fiveYShareholdersEquityGrowthPerShare,grossProfitGrowth,netIncomeGrowth,operatingIncomeGrowth,threeYNetIncomeGrowthPerShare,threeYRevenueGrowthPerShare,threeYShareholdersEquityGrowthPerShare,Industry,Sector,Symbol
2023Q1,2023,Q1,2023-05-09,2023-03-31,-9565000.0,0.0,-8419000.0,-0.53,0.0,0.0,20798000.0,443000.0,18224000.0,20301000.0,20355000.0,0.0,-144928000.0,121840829.2,121809829.2,0.02472406023316854,0.8976897689768977,0.792528127704587,37.207674943566595,-0.5256184143440724,0.02472406023316854,-21.591422121896162,0.0,-3.184548593831678,275.0357318284424,0.0,0.0,0.0,0.0,0.8178414856411014,-0.4598999903836907,-14.674314006985428,0.0,0.34567901234567905,0.989020144459854,0.0,-0.9997497926714567,0.0,0.12966333030027297,0.22491253912723255,0.7480949207725526,0.0,-0.9974478401145843,Biotechnology,Healthcare,ACHV
2022Q4,2022,Q4,2023-03-16,2022-12-31,-10990000.0,0.0,-10862000.0,-0.81,0.0,0.0,29971000.0,8303000.0,24837000.0,5528000.0,21668000.0,-2493000.0,-135936000.0,33165512.8,24592512.8,0.6133585246418986,4.49294500723589,0.5404557739147843,1.950861134529688,-0.4315401927114206,0.6133585246418986,-1.3236179694086474,0.0,-0.754447515923567,3.9944011562085993,0.0,0.0,0.0,0.0,4.5,-0.3666877982049314,-2.976354015974154,0.0,0.4214285714285714,0.986354162399821,0.0,-0.9951612481512672,0.0,0.18940846732556424,0.13766275007939027,0.8620670748798329,0.0,-0.9816465119453845,Biotechnology,Healthcare,ACHV
2022Q3,2022,Q3,2022-11-14,2022-09-30,-13558000.0,0.0,-12596000.0,-1.4,0.0,0.0,23723000.0,1044000.0,20957000.0,6916000.0,22679000.0,0.0,-124704000.0,31989500.4,29578500.4,0.10769783700654481,3.03021978021978,0.665430173249589,15.120689655172415,-0.774895139874628,0.10769783700654481,-12.986590038314176,0.0,-0.5898639253577224,30.641283908045974,0.0,0.0,0.0,0.0,2.652111046847889,-0.5715128777979176,-2.8291766516317325,0.0,-0.23893805309734517,0.9921923642417182,0.0,-0.9996357409517685,0.0,-0.24705665930831494,-0.2515898251192369,0.8457770256725173,0.0,-0.9946420689888595,Biotechnology,Healthcare,ACHV
2022Q2,2022,Q2,2022-08-11,2022-06-30,-10872000.0,0.0,-10064000.0,-1.13,0.0,0.0,33985000.0,13166000.0,31148000.0,5359000.0,20819000.0,0.0,-111627000.0,47080902.88,33203902.880000003,1.36467391383213,5.812278410151148,0.4561129910254524,1.177350751936807,-0.36409391461888213,1.36467391383213,-0.82576332978885,0.0,-1.082618259749816,3.575945836244873,0.0,0.0,0.0,0.0,5.540399328232879,-0.319905840812123,-5.658762365384615,0.0,-0.3452380952380952,0.994705714467948,0.0,-0.9985785644832496,0.0,-0.37272727272727274,-0.39274840852477166,0.8882172856069916,0.0,-0.9573559568353515,Biotechnology,Healthcare,ACHV
2022Q1,2022,Q1,2022-05-12,2022-03-31,-7920000.0,0.0,-7226000.0,-0.84,0.0,0.0,40614000.0,21433000.0,37692000.0,4010000.0,19181000.0,0.0,-101159000.0,71602699.65,50495699.650000006,2.2659454293354986,9.399501246882792,0.37499384448712264,0.7105864787943825,-0.2057921742955643,2.2659454293354986,-0.36952363178276487,0.0,-2.2601862263257577,3.3407688914291045,0.0,0.0,0.0,0.0,9.061596009975062,-0.1950066479539075,-10.562428035108423,0.0,-0.1052631578947368,0.9964141072507207,0.0,-0.9980507536329358,0.0,-0.10198970363155697,-0.015600843288826423,0.9523392528650961,0.0,-0.9252633864916029,Biotechnology,Healthcare,ACHV
2021Q4,2021,Q4,2022-03-10,2021-12-31,-7187000.0,0.0,-7115000.0,-0.76,0.0,0.0,47516000.0,28042000.0,44594000.0,4550000.0,19474000.0,0.0,-93586000.0,73548556.76,45519556.760000005,2.966295595872954,9.80087912087912,0.3155358195134271,0.5346622922758719,-0.1658814783011522,2.966295595872954,-0.2562941302332216,0.0,-2.5583886447752886,2.622799970044933,0.0,0.0,0.0,0.0,9.489010989010989,-0.15125431433622358,-14.095162276734381,0.0,-0.07042253521126768,0.9981712865031536,0.0,-0.9978657561055951,0.0,-0.07461124401913875,-0.0633687042295621,0.928993836169167,0.0,-0.9374964237459419,Biotechnology,Healthcare,ACHV
2021Q3,2021,Q3,2021-11-09,2021-09-30,-6688000.0,0.0,-6691000.0,-0.71,0.0,0.0,37799000.0,34700000.0,34733000.0,3076000.0,3099000.0,0.0,-86435000.0,80344023.0,47124023.0,3.6710882650225267,11.291612483745123,0.002433926823460938,0.0026512968299711817,-0.19172113289760348,3.6710882650225267,-0.19273775216138328,0.0,-3.0032903334330143,2.315389711815562,0.0,0.0,0.0,0.0,10.878738621586477,-0.1769358977750734,-9.241318495514149,0.0,0.5359477124183006,0.9967985085608146,0.0,-0.9979490975833802,0.0,0.4085603112840467,0.40845194942975865,0.9504934823208725,0.0,-0.9412436672962573,Biotechnology,Healthcare,ACHV
2021Q2,2021,Q2,2021-08-12,2021-06-30,-11308000.0,0.0,-11311000.0,-1.53,0.0,0.0,45565000.0,40854000.0,42431000.0,4670000.0,4711000.0,0.0,-79744000.0,66367588.0,24475588.0,5.527832652288041,9.085867237687367,0.002392186985624931,0.0026680374014784354,-0.2753213868328788,5.527832652288041,-0.27679052234787294,0.0,-1.467270693314468,1.6245064865129486,0.0,0.0,0.0,0.0,8.993790149892934,-0.24817293975639196,-7.312427060379021,0.0,-0.1769230769230769,0.9971854579224686,-1.0,-0.997337740690489,0.0,-0.4150919784757853,-0.41670841683366733,0.9580300456110812,0.0,-0.9742886187862558,Biotechnology,Healthcare,ACHV
2021Q1,2021,Q1,2021-05-13,2021-03-31,-7991000.0,0.0,-7984000.0,-1.3,0.0,0.0,33662000.0,30088000.0,30439000.0,3515000.0,3574000.0,0.0,-68433000.0,71006487.18,41495487.18000001,4.906862088766127,8.659743954480797,0.0037430931020141405,0.004187716032969955,-0.2628877719800671,4.906862088766127,-0.26558760967827705,0.0,-2.2214518577149294,2.359960355623504,0.0,0.0,0.0,0.0,8.43157894736842,-0.2373893410967857,-11.00534519218847,0.0,-0.6883116883116883,0.9940748458615947,-1.0,-0.9980556688040831,0.0,-0.6994895789025947,-0.6900931414055885,0.9731955285852671,0.0,-0.9503425876178059,Biotechnology,Healthcare,ACHV
2020Q4,2020,Q4,2021-03-11,2020-12-31,-4702000.0,0.0,-4724000.0,-0.77,0.0,0.0,40298000.0,37286000.0,36975000.0,2935000.0,3012000.0,0.0,-60434000.0,49667750.1,13983750.100000001,6.08073849513872,12.597955706984667,0.004193756513970917,0.004532532317760017,-0.12497342122049755,6.08073849513872,-0.12610631336158343,0.0,-2.640777865801786,1.3320750442525344,0.0,0.0,0.0,0.0,12.215672913117547,-0.11668072857213757,-20.02731858870968,0.0,0.3245614035087719,-1.3351001276782215,-1.0,-0.9977997926176911,0.0,-0.24986709197235513,-0.2583910495471497,0.9871110869279979,0.0,-0.9520293866426783,Biotechnology,Healthcare,ACHV
2020Q3,2020,Q3,2020-11-12,2020-09-30,-3762000.0,0.0,-3754000.0,-1.14,0.0,0.0,27617000.0,25675000.0,24062000.0,1848000.0,1942000.0,0.0,-55710000.0,27531039.24,5361039.239999998,7.805726043489523,13.020562770562771,0.008074736575297824,0.008685491723466407,-0.14363942090640788,7.805726043489523,-0.1465238558909445,0.0,-1.8295480622009566,1.0722897464459589,0.0,0.0,0.0,0.0,12.117424242424242,-0.13622044392946372,-6.346482074688796,0.0,0.31736526946107785,0.996634973528967,-1.0,-0.9973884277768456,0.0,-0.28879753340184994,-0.28473648186173856,0.9936153208683268,0.0,-0.9735992252176341,Biotechnology,Healthcare,ACHV
2020Q2,2020,Q2,2020-08-06,2020-06-30,-2919000.0,0.0,-2922000.0,-1.67,0.0,0.0,16458000.0,14538000.0,12656000.0,1810000.0,1920000.0,0.0,-51946000.0,13847471.16,2011471.1600000001,8.335942257344264,6.992265193370166,0.01670919917365415,0.018915944421516027,-0.19346500530222693,8.335942257344264,-0.20078415187783738,0.0,-1.1859773175745119,0.9525017994222039,0.0,0.0,0.0,0.0,6.691160220994475,-0.17736055413780533,-6.265824054298642,0.0,0.2122641509433963,0.9972228599910923,-1.0,-0.9968437498614844,0.0,0.10951799877974375,0.11987951807228915,0.9921366608903507,0.0,-0.9913173364933042,Biotechnology,Healthcare,ACHV
2020Q1,2020,Q1,2020-05-14,2020-03-31,-3278000.0,0.0,-3320000.0,-2.12,0.0,0.0,16647000.0,14985000.0,12902000.0,1544000.0,1662000.0,0.0,-49024000.0,10113226.844,-1728773.1559999995,9.687504444550754,8.356217616580311,0.01886225746380729,0.020954287620954287,-0.20995324409146224,9.687504444550754,-0.21875208541875207,0.0,-0.771295518913972,0.6748900129462797,0.0,0.0,0.0,0.0,7.873056994818653,-0.1969123565807653,-2.266015425498544,0.0,0.6400679117147707,0.9945942213986093,-1.0,-0.9966767073929851,0.0,-0.031141868512110725,-0.034590215020255534,0.9909245169791455,0.0,-0.9916664661911139,Biotechnology,Healthcare,ACHV
2019Q4,2019,Q4,2020-03-13,2019-12-31,-3179000.0,0.0,-3209000.0,-5.89,0.0,0.0,21078000.0,18050000.0,17334000.0,2869000.0,3028000.0,0.0,-45704000.0,5724075.182,-10577924.818,33.419180202514674,6.041826420355525,0.017174304962520162,0.02005540166204986,-0.1701251494309367,33.419180202514674,-0.1761218836565097,0.0,-0.45014746634161695,0.3171232787811635,0.0,0.0,0.0,0.0,5.811084001394214,-0.15082076098301547,-1.676156715080527,0.0,0.35060639470782806,0.9870165877854093,-1.0,-0.9904115731836233,0.0,0.13449496324530358,0.12632725292676286,0.9858420068727619,0.0,-0.9759549650404136,Biotechnology,Healthcare,ACHV
2019Q3,2019,Q3,2019-11-06,2019-09-30,-3673000.0,0.0,-3673000.0,-9.07,0.0,0.0,11492000.0,8141000.0,7639000.0,3139000.0,3351000.0,0.0,-42510000.0,13770408.0,6805408.0,20.10063899341254,2.433577572475311,0.03567699269056735,0.050362363346026284,-0.4098872893650262,20.10063899341254,-0.45117307456086475,0.0,-0.9372725292676286,1.6914885149244563,0.0,0.0,0.0,0.0,2.3494743548900923,-0.31961364427427774,-4.4825546875,0.0,0.10019841269841268,0.982292884524143,-1.0,-0.9950430047567401,0.0,-0.013520971302428256,-0.013520971302428256,0.9589660083203889,0.0,-0.988770509965677,Biotechnology,Healthcare,ACHV
2019Q2,2019,Q2,2019-08-08,2019-06-30,-3624000.0,0.0,-3624000.0,-10.08,0.0,0.0,14755000.0,11504000.0,10802000.0,2988000.0,3251000.0,0.0,-38837000.0,15242079.2,5251079.199999999,32.00151328435559,3.6151271753681393,0.030837004405286344,0.039551460361613354,-0.291928467858869,32.00151328435559,-0.3150208623087622,0.0,-1.05146793598234,1.324937343532684,0.0,0.0,0.0,0.0,3.495983935742972,-0.24561165706540156,-3.970325397238864,0.0,0.4262948207171315,0.9892698820250193,-1.0,-0.9917629205179282,0.0,0.3861788617886179,0.3861788617886179,0.9814556559846048,-1.0,-0.9845877521953466,Biotechnology,Healthcare,ACHV
2019Q1,2019,Q1,2019-05-15,2019-03-31,-5904000.0,0.0,-5904000.0,-17.57,0.0,0.0,14501000.0,10189000.0,10531000.0,3999000.0,4312000.0,0.0,-31288000.0,21373352.400000002,14552352.400000002,30.319080875679568,2.633408352088022,0.03441141990207572,0.04897438413975856,-0.5277554304102977,30.319080875679568,-0.5794484247718127,0.0,-0.9050369410569107,2.0976889194229074,0.0,0.0,0.0,0.0,2.416854213553388,-0.407144334873457,-4.323963665790006,0.0,-0.6405228758169934,0.9874184108542734,-1.0,-0.9931473797412791,0.0,-0.6561009817671809,-0.5918037206794284,0.9201235401542113,-1.0,-0.9879861439527571,Biotechnology,Healthcare,ACHV
2018Q4,2018,Q4,2019-03-14,2018-12-31,-3565000.0,0.0,-3709000.0,-10.71,0.0,0.0,19084000.0,15802000.0,15537000.0,3270000.0,3282000.0,0.0,-25381000.0,8057825.6,-1434174.4000000004,47.45801398332573,4.751376146788991,0.0012051980716830852,0.0014555119605113276,-0.22940274163530722,47.45801398332573,-0.2256043538792558,0.0,-0.5650649088359045,0.5099244146310593,0.0,0.0,0.0,0.0,4.468195718654434,-0.18680570111087821,-2.2691708251196845,0.0,0.2505248425472357,0.9886629591577549,-1.0,-0.99146645960704,0.0,-0.10030864197530864,-0.1447530864197531,-5.678843011941088,-1.0,-0.9828281593100398,Biotechnology,Healthcare,ACHV
2018Q3,2018,Q3,2018-11-07,2018-09-30,-3240000.0,0.0,-3240000.0,-14.29,0.0,0.0,17141000.0,14164000.0,13519000.0,2962000.0,2977000.0,0.0,-21744000.0,12105619.799999999,376619.7999999989,62.47987401685951,4.564145847400405,0.0015168309900239192,0.0018356396498164361,-0.22791221159257175,62.47987401685951,-0.22874894097712511,0.0,-0.9340756018518518,0.8546752188647274,0.0,0.0,0.0,0.0,4.446320054017556,-0.18902047721836532,-4.060925796712512,0.0,0.6080636313768514,0.9899474293819922,-1.0,-0.9904191691245304,0.0,-0.16212338593974174,-0.16212338593974174,0.9579499924159117,-1.0,-0.9790960248182529,Biotechnology,Healthcare,ACHV
2018Q2,2018,Q2,2018-08-08,2018-06-30,-2788000.0,0.0,-2788000.0,-36.46,0.0,0.0,19220000.0,16442000.0,15572000.0,2760000.0,2778000.0,0.0,-18504000.0,5781585.6,-9469414.4,214.99555416078246,5.642028985507246,0.0015088449531737774,0.0017637756963873009,-0.16896969696969696,214.99555416078246,-0.16956574625957913,0.0,-0.5184348637015781,0.35163517820216517,0.0,0.0,0.0,0.0,5.581159420289855,-0.14505723204994797,-3.095067237687366,0.0,0.2501028383381324,0.9673395655182525,-1.0,-0.9727853212356788,0.0,0.07743216412971542,0.07743216412971542,0.9395103248833973,-1.0,-0.918595915536441,Biotechnology,Healthcare,ACHV
2018Q1,2018,Q1,2018-05-09,2018-03-31,-3022000.0,0.0,-3022000.0,-48.62,0.0,0.0,8460000.0,6142000.0,4746000.0,2318000.0,2318000.0,0.0,-15716000.0,15787878.0,11622878.0,98.81429283910099,2.0474547023295946,0.0,0.0,-0.49202214262455224,98.81429283910099,-0.49202214262455224,0.0,-1.306078590337525,2.5704783458156952,0.0,0.0,0.0,0.0,1.799827437446074,-0.35721040189125297,-7.070254366323332,0.0,0.18271978483778795,0.9366672144234892,-1.0,-0.9890749251939446,0.0,0.1828015143320714,0.20095187731359068,0.8759780507229472,-1.0,-0.9661018159280101,Biotechnology,Healthcare,ACHV
2017Q4,2017,Q4,2018-03-01,2017-12-31,-3698000.0,0.0,-3782000.0,-59.49,0.0,0.0,9892000.0,7879000.0,5908000.0,2013000.0,2013000.0,0.0,-12694000.0,16699099.620000001,11442099.620000001,126.75965699760285,2.934923000496771,0.0027294783663566516,0.003426830816093413,-0.471388925027857,126.75965699760285,-0.46934890214494224,0.0,-1.1289277731206058,2.119444043660363,0.0,0.0,0.0,0.0,2.6294088425235964,-0.3738374443995148,-4.609191173060999,0.0,0.6679133638495031,0.9033848665693753,-1.0,-0.9872430468896789,0.0,0.42861557478368356,-0.592421052631579,0.8687629094474993,-1.0,-0.9636308943838465,Biotechnology,Healthcare,ACHV
2017Q3,2017,Q3,2017-11-09,2017-09-30,-6472000.0,0.0,-2375000.0,-179.14,0.0,0.0,13029000.0,10682000.0,8626000.0,2331000.0,2347000.0,0.0,-8915000.0,14668374.0,6694374.0,295.6627639846107,3.7005577005577006,0.00360733747793384,0.004399925107657742,-0.15174580233458118,295.6627639846107,-0.6058790488672533,0.0,-0.5666090080346107,1.3731861074705112,0.0,0.0,0.0,0.0,3.471042471042471,-0.496738045897613,2.4277348560079446,0.0,0.15837444209537238,0.6646879199301097,-1.0,-0.9718369996605878,0.0,-1.227882960413081,0.23114276464875363,0.6502341938082603,-1.0,-0.9270869490685811,Biotechnology,Healthcare,ACHV
2017Q2,2017,Q2,2017-07-31,2017-06-30,-2905000.0,0.0,-3089000.0,-212.85,0.0,0.0,14878000.0,13103000.0,14464000.0,1753000.0,1775000.0,0.0,-203230000.0,10809216.0,-3038784.0,960.067409144197,8.250998288648033,0.004570506788546848,0.005189651224910326,-0.22616329348962733,960.067409144197,-0.22170495306418378,0.0,-0.9302251290877798,0.8249420743341219,0.0,0.0,0.0,0.0,8.075869937250427,-0.19525473854012637,-4.270729355985776,0.0,0.0884368308351178,0.4336226891695488,-1.0,-0.9149990509069282,0.0,0.08991228070175439,0.07680812910938434,0.7734459719372802,-1.0,-0.7528819500816071,Biotechnology,Healthcare,ACHV
2017Q1,2017,Q1,2017-05-15,2017-03-31,-3192000.0,0.0,-3346000.0,-233.5,0.0,0.0,17903000.0,15891000.0,17452000.0,1980000.0,2012000.0,0.0,-200230000.0,13232560.0,-2370440.0,1162.4725676664227,8.814141414141414,0.004859520750712171,0.0054747970549367565,-0.2033729408965585,1162.4725676664227,-0.20086841608457617,0.0,-1.0363847117794485,0.8327078220376314,0.0,0.0,0.0,0.0,8.427777777777777,-0.17829414064681898,-1.4709381947532236,0.0,0.4383373824357155,0.8678032473045737,-1.0,-0.9307816454646384,0.0,0.43733474352194607,0.4435389988358556,0.8327758299658444,-1.0,-0.7372617230693138,Biotechnology,Healthcare,ACHV
2016Q4,2016,Q4,2017-02-23,2016-12-31,-5673000.0,0.0,-6013000.0,-415.73,0.0,0.0,27470000.0,18966000.0,26927000.0,8455000.0,8504000.0,0.0,-196942000.0,15010600.0,-116400.0,1389.8578337974498,3.1847427557658192,0.0038587550054605024,0.005588948644943584,-0.3044141156878888,1389.8578337974498,-0.29911420436570707,0.0,-0.6614930371937247,0.7914478540546241,0.0,0.0,0.0,0.0,3.0719101123595505,-0.2065161994903531,-2.148668766103636,0.0,-0.8810461065110178,0.8267993573275207,-1.0,-0.7906889400185906,0.0,-0.881592039800995,-0.37754868270332187,0.5597999463614789,-1.0,-0.7500862979780513,Biotechnology,Healthcare,ACHV
2016Q3,2016,Q3,2016-11-10,2016-09-30,-3015000.0,0.0,-4365000.0,-221.01,0.0,0.0,35074000.0,24419000.0,34296000.0,10588000.0,10655000.0,0.0,-191097000.0,15306324.0,3630324.0,1789.9868054537458,3.2391386475255004,0.003535382334492787,0.0050780130226463,-0.14458687275485071,1789.9868054537458,-0.12346942954256931,0.0,-1.2691810945273632,0.6268202629100291,0.0,0.0,0.0,0.0,3.068662636947488,-0.08596111079432057,-2.1062782441172425,0.0,0.5934476288583937,-1.0750144416030982,-1.0,-0.8021063931509601,-1.0,0.5923472147106544,0.31604512691946096,0.8445512741562379,-1.0,-0.7255186390461231,Biotechnology,Healthcare,ACHV
2016Q2,2016,Q2,2016-08-04,2016-06-30,-7396000.0,2122000.0,-6382000.0,-543.62,2122000.0,1.0,42198000.0,28249000.0,41380000.0,13865000.0,13949000.0,0.0,-187407000.0,29931000.0,19491000.0,2076.3689819919146,2.984493328525063,0.0033413905872316223,0.004991327126623951,-0.24014885693827243,2076.3689819919146,-0.2618145775071684,14.105089538171537,-1.0117293131422391,1.059541930687812,0.0,0.0,0.0,0.05028674344755676,2.868734222863325,-0.17526897009336936,-4.684770699640007,1.0,-1.4716740929344367,-1.4809104226990923,-0.6349079866558301,-0.7394362806563359,-0.2782312925170068,-1.4802146210596916,-0.43998194945848373,0.5129733691089721,-0.8359341121804124,-0.7371679844186376,Biotechnology,Healthcare,ACHV
2016Q1,2016,Q1,2016-05-12,2016-03-31,-2982000.0,2940000.0,-4432000.0,-219.94,2940000.0,1.0,48841000.0,34216000.0,47985000.0,14533000.0,14625000.0,0.0,-180518000.0,20282768.0,1512768.0,2523.6760584156955,3.3017959127502925,0.002927867979771094,0.004179331306990881,-0.1033333559032409,2523.6760584156955,-0.08715220949263502,6.898900680272109,-1.700433266264252,0.592786064998831,0.0,0.0,0.0,0.06019532769599312,3.1767013004885434,-0.06105526094879302,-2.2320642676350833,1.0,-97.04366812227073,-0.12260406372280261,-0.2015215019744658,-0.7315044147210638,-0.5119521912350598,-97.19354838709677,-0.2739292900258695,0.713492374890716,-0.7153573980555302,-0.7209781203480664,Biotechnology,Healthcare,ACHV
2015Q4,2015,Q4,2016-03-09,2015-12-31,31000.0,6024000.0,-3479000.0,2.29,6024000.0,1.0,58209000.0,37440000.0,57298000.0,20664000.0,20769000.0,0.0,-176811000.0,36062114.0,1909114.0,2763.7115228463867,2.7728416569879983,0.0026971774124276314,0.004193376068376068,0.0016569747468868823,2763.7115228463867,0.000827991452991453,5.986406706507304,290.82349999999997,0.9631974893162393,0.0,0.0,0.0,0.10348915116219141,2.6766840882694543,0.0005325636928997234,-3.3530556950255694,1.0,1.006737473888611,1.0027416485287315,-0.1588534100929772,-0.7234722634931038,-0.1058334570283509,1.0070310728056249,0.25836708590918783,1.003716095439459,-0.6970487206322366,-0.7218630979092019,Biotechnology,Healthcare,ACHV
2015Q3,2015,Q3,2015-11-12,2015-09-30,-4409000.0,6737000.0,-4691000.0,-339.89,6737000.0,1.0,68237000.0,38772000.0,67597000.0,29348000.0,29465000.0,0.0,-175087000.0,63640632.0,21333632.0,2988.899167437558,2.303291536050157,0.0024913170274191423,0.004384607448674301,-0.11622086698329283,2988.899167437558,-0.11371608377179408,9.446434911681758,-3.608563846677251,1.641406994738471,0.0,0.0,0.0,0.09872942831601624,2.248807414474581,-0.06461303984641763,-7.3420203045685275,1.0,0.43603570717462,0.9083660843380853,-0.6879222093914095,-0.38709073214749656,0.6737888198757764,0.314627700917146,0.16037229282262394,0.36379102552409737,-0.474721986378811,-0.7152960111291041,Biotechnology,Healthcare,ACHV
2015Q2,2015,Q2,2015-08-13,2015-06-30,-6433000.0,4025000.0,-5587000.0,-602.68,4025000.0,1.0,63356000.0,28191000.0,62747000.0,35035000.0,35165000.0,0.0,-170537000.0,54714924.0,6897924.0,2641.090500281057,1.7909804481233054,0.0029042237514994634,0.006526905750062076,-0.20939907278967515,2641.090500281057,-0.22819339505515945,13.593769937888199,-2.126337789522773,1.9408649569011387,0.0,0.0,0.0,0.06352989456405075,1.72430426716141,-0.10153734452932635,3.2960797590361444,1.0,-0.5373705423192694,-12.384379205205512,-0.3551212091070105,-0.6323779958219248,1.9294032023289664,-0.5935100322021303,-0.1180708425055033,-0.6036702668162621,0.026930422654309973,-0.7661672534382763,Biotechnology,Healthcare,ACHV
2015Q1,2015,Q1,2015-05-14,2015-03-31,-4037000.0,1374000.0,-4997000.0,-392.02,1374000.0,1.0,46384000.0,30019000.0,45506000.0,16237000.0,16365000.0,0.0,-164527000.0,48709540.0,23611540.0,2915.0320450572926,2.802611319825091,0.0038806484994825803,0.005996202405143409,-0.14700920682926055,2915.0320450572926,-0.134481495053133,35.45090247452693,-3.0164441416893735,1.622623671674606,0.0,0.0,0.0,0.029622283546050364,2.586623144669582,-0.08703432218006209,-7.325844487892916,1.0,0.13526271672475404,0.6310570886852375,-0.9182991119944793,-0.5860939254193651,-0.7569432159915089,0.08871331828442439,0.2791402192729371,0.7780616867677871,-0.5283523639907651,-0.8264271113237865,Biotechnology,Healthcare,ACHV
2014Q4,2014,Q4,2015-03-26,2014-12-31,-4430000.0,5653000.0,-6932000.0,-453.34,5653000.0,1.0,56291000.0,34059000.0,55761000.0,22218000.0,22232000.0,0.0,-159958000.0,49231336.0,21584336.0,3485.366352844863,2.5097218471509586,0.004441207297791832,0.00734020376405649,-0.15641425257971311,3485.366352844863,-0.130068410699081,8.70888660888024,-2.778292099322799,1.445472151266919,0.0,0.0,0.0,0.1004245794176689,2.3785219191646414,-0.07869819331687126,-7.08772473365966,1.0,0.11484692283661355,-1.3361765491020572,-0.9348097827058203,-0.5630957636008748,0.17697272537997086,0.09720807010393316,-0.4126757693091502,0.8111302739171725,1.1772924291980125,-0.4751076635340142,Biotechnology,Healthcare,ACHV
2014Q3,2014,Q3,2014-10-30,2014-09-30,-4907000.0,4803000.0,-4907000.0,-512.16,4803000.0,1.0,62651000.0,38851000.0,61315000.0,20927000.0,23800000.0,0.0,-154276000.0,56278794.0,11315794.0,4055.0046967957414,2.9299469584746975,0.06363824998802892,0.10262284111091091,-0.10479444741057127,4055.0046967957414,-0.1263030552624128,11.71742535915053,-2.86727093947422,1.448580319682891,0.0,0.0,0.0,0.07666278271695584,2.8122998996511686,-0.07832277218240731,-9.74862186038455,1.0,0.4548705722070845,0.4236326832215314,0.0,-0.011297910047259307,-0.02556299452221546,0.23328125,0.3568807339449541,-1.1738364431399984,0.8895001233097802,-0.5516952958570605,Biotechnology,Healthcare,ACHV
2014Q2,2014,Q2,2014-08-07,2014-06-30,-6400000.0,4929000.0,-7630000.0,-939.52,4929000.0,1.0,49732000.0,26465000.0,47853000.0,20171000.0,23267000.0,0.0,-149340000.0,55899272.0,19487272.0,3885.055783910746,2.372366268405136,0.0844928818466983,0.15877574154543736,-0.1996353033562725,3885.055783910746,-0.24182883053088985,11.340895110570095,-2.1835653125,2.112196183638768,0.0,0.0,0.0,0.09911123622617228,2.2589360963759852,-0.12868977720582322,-18.80863795423957,1.0,0.3271600959644788,0.4807219704459869,0.0,1.4880931150388272,-0.5798312164350865,0.31499518355988443,0.037709673350990035,-1.8311342279661287,0.6937124423653386,-0.5124640207530609,Biotechnology,Healthcare,ACHV
2014Q1,2014,Q1,2014-04-30,2014-03-31,-9343000.0,11731000.0,-7929000.0,-1396.35,11731000.0,1.0,49824000.0,29604000.0,48149000.0,16900000.0,20220000.0,0.0,-142325000.0,173109552.0,148896552.0,4424.45075474518,2.84905325443787,0.08865205523442518,0.14920281043102285,-0.22316770670505376,4424.45075474518,-0.31559924334549383,14.75658954905805,-4.632065503585572,5.847505472233482,0.0,0.0,0.0,0.23544877970456005,2.741301775147929,-0.18752007064868337,-101.88908298999411,1.0,-0.4785578144853875,-0.460693375778657,0.0,0.3281257774815789,0.3634356113435611,-0.4785567336603893,-0.12675856188716783,-6.127051867619604,5.455881196269147,-0.5292797223432462,Biotechnology,Healthcare,ACHV
2013Q4,2013,Q4,2014-03-11,2013-12-31,-6319000.0,8604000.0,-7037000.0,-944.4,8604000.0,1.0,55689000.0,37211000.0,53867000.0,14934000.0,18478000.0,0.0,-133689000.0,122766468.0,112809468.0,5561.351068599612,3.607004151600375,0.08324803821221426,0.12458681572653248,-0.14325023468536677,5561.351068599612,-0.16981537717341647,14.268534170153417,-4.857037031175819,3.2991983015774906,0.0,0.0,0.0,0.1545008888649464,3.220637471541449,-0.11346944638977177,-16.245397379912664,1.0,0.3357481976437489,0.5197951206908344,0.0,0.30891983682366875,-0.1275603325897384,0.3343516275150111,0.33707018370230807,-0.1314895340284759,1.43242371001372,-0.4435498024279369,Biotechnology,Healthcare,ACHV
2013Q3,2013,Q3,2013-11-07,2013-09-30,-9493000.0,9862000.0,-10615000.0,-1421.75,9862000.0,1.0,61639000.0,43543000.0,59707000.0,14368000.0,18096000.0,0.0,-127011000.0,136170738.0,128038738.0,6521.341920023963,4.155554008908686,0.07816479826084136,0.1106492432767609,-0.18847095538732714,6521.341920023963,-0.21801437659325265,13.8076189413912,-3.5860828505214366,3.1272704682727417,0.0,0.0,0.0,0.15999610636123235,3.9667316258351892,-0.15400963675594997,-13.2979236328125,1.0,-0.2737298537013644,-24.912055106531188,0.0,0.05571594648449945,0.5555205047318612,-0.2752552391187534,-0.12973605789697742,0.6166943764970161,-0.1124621618298645,0.33727860249110553,Biotechnology,Healthcare,ACHV
2013Q2,2013,Q2,2013-08-08,2013-06-30,-7444000.0,6340000.0,-9396000.0,-1116.21,6340000.0,1.0,69308000.0,52685000.0,67273000.0,12716000.0,16623000.0,0.0,-116957000.0,142463178.0,128710178.0,7899.985005248163,5.2904215162000625,0.07208403070352629,0.09482774983391858,-0.13253454151335106,7899.985005248163,-0.1412925880231565,22.47053280757098,-4.784496843095111,2.7040557653981208,0.0,0.0,0.0,0.09147573151728516,5.011874803397295,-0.10740462861430138,-18.789656818781324,1.0,-0.45402321309937876,-274.37703387259126,0.0,300.61162351143753,0.24901497241922774,-0.45532746823069403,-0.13491967628940693,-22.084759295285608,0.6258031029527671,0.09962468923235124,Biotechnology,Healthcare,ACHV
2013Q1,2013,Q1,2013-05-02,2013-03-31,-5115000.0,5076000.0,-8279000.0,-767.67,5076000.0,1.0,75354000.0,60265000.0,73451000.0,11001000.0,15089000.0,0.0,-108537000.0,158312880.0,144860880.0,9044.72459852919,6.676756658485592,0.06868912068370624,0.08588733095494898,-0.08954347780896127,9044.72459852919,-0.08487513482120634,31.188510638297874,-7.7376774193548385,2.6269456566829836,0.0,0.0,0.0,0.06736205111871964,6.369057358421962,-0.06787960824906442,-14.657242847884454,1.0,-0.24664252423715877,-171.55950804517857,0.0,299.94381031927503,-0.48098159509202454,-0.24664879356568364,-1.0177918596149158,0.27751450348051143,-0.5335074290859974,0.28426253858439043,Biotechnology,Healthcare,ACHV
2012Q4,2012,Q4,2013-03-07,2012-12-31,-4103000.0,9780000.0,-4103000.0,-615.79,9780000.0,1.0,82016000.0,66207000.0,80179000.0,11556000.0,15809000.0,0.0,-101840000.0,192320832.0,179582832.0,9936.515083295813,6.938300449982693,0.06507266874756146,0.08061081154560697,-0.05336819240124348,9936.515083295813,-0.061972299001616146,19.66470674846626,-11.71830563002681,2.904841361185373,0.0,0.0,0.0,0.11924502536090519,6.613361024575978,-0.05002682403433476,-19.880176969195784,1.0,-0.15264675052410892,-298.8685947117019,176.56014422441638,290.2023624466038,0.4885844748858447,-0.15577464788732395,0.5050663449939686,-1.4566451512258565,-0.8345922161335334,0.2455808358258352,Biotechnology,Healthcare,ACHV
2012Q3,2012,Q3,2012-11-08,2012-09-30,-3550000.0,6570000.0,-8290000.0,-534.24,6570000.0,1.0,97172000.0,69761000.0,95817000.0,21673000.0,27411000.0,0.0,-97737000.0,210075030.0,205913030.0,10498.269375470278,4.4210307756194345,0.0,0.0,-0.07126043669563689,10498.269375470278,-0.0508880319949542,31.974890410958903,-14.7940161971831,3.011353478304497,0.0,0.0,0.0,0.06761206932038036,3.9778064873344716,-0.0365331576997489,-16.209493055555555,1.0,-0.42156941007423965,-84.81675789773224,225.1287262733167,330.0598262466076,1.7048167970358172,-0.42799678197908286,-0.3946837146702557,0.3987882000148281,0.0,1.5597161158940973,Biotechnology,Healthcare,ACHV
2012Q2,2012,Q2,2012-08-02,2012-06-30,-2486000.0,2429000.0,-5944000.0,-375.81,2429000.0,1.0,108017000.0,74715000.0,104888000.0,27362000.0,33302000.0,0.0,-91817000.0,195592320.0,189150320.0,11294.784580498866,3.8333455156786784,0.0,0.0,-0.046921787172433574,11294.784580498866,-0.03327310446362845,80.52380403458213,-19.66938053097345,2.6178454125677573,0.0,0.0,0.0,0.022487201088717518,3.603683941232366,-0.023014895803438348,-14.20733057310961,1.0,0.7872380175957064,-57.74614011576273,103.6238372966627,297.0779718185439,0.8457446808510638,0.6974564926372155,-0.08013810648737052,0.7922859425504928,0.0,6.233480627734419,Biotechnology,Healthcare,ACHV
2012Q1,2012,Q1,2012-05-03,2012-03-31,-8217000.0,1316000.0,-5503000.0,-1766.34,1316000.0,1.0,115221000.0,78127000.0,114551000.0,30952000.0,37094000.0,0.0,-87602000.0,136015176.0,86763176.0,16794.28202923474,3.7009240113724475,0.0,0.0,-0.08436990030547929,16794.28202923474,-0.10517490752236743,103.35499696048632,-4.138224899598393,1.740949684488077,0.0,0.0,0.0,0.0114215290615426,3.6215753424657535,-0.07131512484703309,-18.42275172694027,1.0,0.26410472198845136,-502.8464074158279,51.08572982923574,386.2592436424014,0.06472491909385113,0.2641053197205803,0.30970898143502257,-0.8477249437566992,0.0,4.041285373873918,Biotechnology,Healthcare,ACHV
2011Q4,2011,Q4,2012-03-08,2011-12-31,-11166000.0,1236000.0,-7972000.0,-2400.26,1236000.0,1.0,68015000.0,30890000.0,67326000.0,30786000.0,37125000.0,0.0,-80742000.0,120151856.0,99390856.0,6640.154772141014,2.1869031377899044,0.11403366904359333,0.2510844933635481,-0.2004756633686781,6640.154772141014,-0.3614762058918744,97.21023948220065,-2.6901275300017913,3.889668371641308,0.0,0.0,0.0,0.01817246195692127,2.1353537322159424,-0.16416966845548775,-27.04295656088229,1.0,-1.840468370298264,-314.2522766576078,40.926901979647646,142.47272377846616,0.05281090289608177,-1.8564853877425789,-0.9458140102514034,-0.2204701458822157,0.0,0.5628271248524662,Biotechnology,Healthcare,ACHV
2011Q3,2011,Q3,2011-11-03,2011-09-30,13037000.0,1174000.0,-4097000.0,2855.86,1174000.0,1.0,74680000.0,40025000.0,73973000.0,19119000.0,34655000.0,0.0,-71173000.0,95403000.0,87580000.0,9045.197740112995,3.8690831110413724,0.0,0.0,-0.29854153793699967,9045.197740112995,0.32572142410993127,81.26320272572401,1.8294661348469738,2.3835852592129916,0.0,0.0,0.0,0.015720407070166042,3.6739892253778965,0.17457150508837707,-15.38758064516129,1.0,1.5263930786174926,436.1922742990673,48.98237194352711,169.8596372176135,-0.3778484366719661,1.6110554776687362,0.17945123172441418,48.55177188791568,0.0,0.4642936393232019,Biotechnology,Healthcare,ACHV
2011Q2,2011,Q2,2011-08-05,2011-06-30,4993000.0,1887000.0,-4993000.0,1130.41,1887000.0,1.0,79525000.0,35198000.0,78809000.0,27855000.0,44327000.0,0.0,-75644000.0,165487322.0,152601322.0,7968.757074937741,2.829258660922635,0.1004715498270984,0.2270015341780783,-0.0745979067024696,7968.757074937741,0.14185465083243365,87.69863381028087,8.285966453034249,4.701611512017728,0.0,0.0,0.0,0.023728387299591324,2.7610841859630226,0.06278528764539452,-29.42519950213371,1.0,6.769752960391998,211.72625190775577,51.82175634968954,133.58541985122764,0.5738115095913261,6.772254335260116,0.04440191387559809,279.87927294029464,0.0,303.2372557851109,Biotechnology,Healthcare,ACHV
2011Q1,2011,Q1,2011-05-09,2011-03-31,-865000.0,1199000.0,-5225000.0,-195.92,1199000.0,1.0,84597000.0,41498000.0,83916000.0,25612000.0,43099000.0,0.0,-69114000.0,148608900.0,142915900.0,9399.320498301246,3.2764329220677806,0.015426078938969467,0.031447298664995904,-0.034676950309676664,9399.320498301246,-0.020844378042315294,123.94403669724771,-42.95054913294798,3.5811099330088196,0.0,0.0,0.0,0.014173079423620222,3.2190379509604874,-0.010224948875255624,-36.468441717791414,1.0,0.7652668783322351,-27.51994064349654,50.78752421098899,236.00233829898824,-0.48628963153384747,0.7652645861601085,-1.7284595300261096,-43.04011747124612,0.0,311.7422282852955,Biotechnology,Healthcare,ACHV
2010Q4,2010,Q4,2011-03-10,2010-12-31,-3685000.0,2334000.0,-1915000.0,-834.65,2334000.0,1.0,89918000.0,44125000.0,89318000.0,27476000.0,45793000.0,0.0,-66069000.0,163081270.0,147557270.0,9994.337485843715,3.2507643033920512,0.08907004159345182,0.1815070821529745,-0.048342286909009206,9994.337485843715,-0.0835127478753541,69.87200942587832,-11.063858208955224,3.695892804532578,0.0,0.0,0.0,0.025956983028981962,3.142051244722667,-0.04098178340265575,-43.59296177492649,1.0,0.7749766120183221,-193.14286540882358,0.0,218.0808883105138,-0.521819299323909,0.6612740141557129,0.34169817806806463,-404.7381578150064,62.95088977708098,291.8969223685822,Biotechnology,Healthcare,ACHV
2010Q3,2010,Q3,2010-11-04,2010-09-30,-10879000.0,4881000.0,-2909000.0,-3709.17,4881000.0,1.0,47773000.0,14303000.0,47194000.0,13467000.0,33470000.0,0.0,-63269000.0,95821110.0,92344110.0,4876.576883736789,3.504418207470112,0.1738220333661273,0.5805775012235196,-0.20305724269392952,4876.576883736789,-0.7606096623086066,19.631450522433926,-2.201974216380182,6.699371460532755,0.0,0.0,0.0,0.10217068218449751,3.3906586470631916,-0.22772277227722773,-17.797382986627042,1.0,-85.29931818181818,-279.731035998475,0.0,168.93677639769012,1.8694885361552027,-71.64285714285714,-0.02213633169360506,-594.8207847016088,379.6116671356225,152.78141273268713,Biotechnology,Healthcare,ACHV
2010Q2,2010,Q2,2010-08-05,2010-06-30,154000.0,1701000.0,-2846000.0,44.0,1701000.0,1.0,51142000.0,20899000.0,50560000.0,12945000.0,30243000.0,0.0,-56375000.0,86077310.0,71642310.0,7184.255757992437,3.9057551178061027,0.3632239646474522,0.8888463562849898,0.0039012032932235594,7184.255757992437,0.0073687736255323225,50.60394473838918,139.73589285714286,4.118728647303699,0.0,0.0,0.0,0.03326033397207775,3.686133642332947,0.003011223651793047,-140.19105863192183,1.0,1.0414102057334311,8.116682271050863,0.0,372.98437423364646,-0.6380851063829788,1.0503597122302157,0.06072607260726073,9.275325030528975,165.60712520255035,188.5979839283927,Biotechnology,Healthcare,ACHV
2010Q1,2010,Q1,2010-05-06,2010-03-31,-3058000.0,4700000.0,-3030000.0,-1062.54,4700000.0,1.0,56438000.0,20269000.0,55849000.0,18131000.0,36169000.0,0.0,-56529000.0,129987748.0,89246748.0,7042.738012508687,3.0803044509403783,0.08387965555122436,0.2335586363412107,-0.12174281530368786,7042.738012508687,-0.15087078790270858,27.65696765957447,-10.626859712230216,6.413130790862894,0.0,0.0,0.0,0.0832772245650094,2.7802658430312723,-0.05418335164251036,-7.571072747393558,1.0,-1.7879363148957,-121.26179159200153,0.0,263.6473198989262,-0.8159677356200321,-1.7879412522545735,-1.440406976744186,-302.0897690688461,299.6835291938904,161.3984515174883,Biotechnology,Healthcare,ACHV
2009Q4,2009,Q4,2010-03-08,2009-12-31,3881000.0,25539000.0,6880000.0,1348.51,25539000.0,1.0,68980000.0,22959000.0,68399000.0,25781000.0,46021000.0,0.0,-53485000.0,141068048.0,84057048.0,7977.414871438499,2.653077848027617,0.07306465642215135,0.2195217561740494,0.13861209328904603,7977.414871438499,0.1690404634348186,5.523632405340852,9.087094047925794,6.14434635654863,0.0,0.0,0.0,0.3702377500724848,2.6250727279779684,0.0562626848361844,3.197806773359931,1.0,2.51756695926176,139.06874515767137,0.0,224.3910897896996,0.0,2.6272536687631027,3.904178978471929,178.11411250531447,1399.3194044908382,171.36668113792842,Biotechnology,Healthcare,ACHV
2009Q3,2009,Q3,2009-11-05,2009-09-30,-2385000.0,0.0,-2369000.0,-888.6,0.0,0.0,14584000.0,11008000.0,13991000.0,2308000.0,3576000.0,0.0,-57367000.0,212572800.0,204244800.0,4101.341281669151,6.061958405545927,0.11828030718595721,0.15670421511627908,-0.18730856828712794,4101.341281669151,-0.21666061046511628,0.0,-22.282264150943394,19.310755813953488,0.0,0.0,0.0,0.0,5.4176776429809355,-0.16353538123971476,-79.1705027932961,0.0,0.5088654050229926,-134.57612198605923,0.0,89.50708789404207,0.0,0.47731755424063116,0.48014044327408384,-130.25705577652298,-1.0,76.47245595129014,Biotechnology,Healthcare,ACHV
2009Q2,2009,Q2,2009-08-06,2009-06-30,-4563000.0,0.0,-4557000.0,-1809.28,0.0,0.0,7383000.0,3938000.0,6683000.0,2190000.0,3445000.0,0.0,-54982000.0,121398992.0,119174992.0,1561.4591593973037,3.051598173515982,0.2671000948124069,0.5007618080243779,-0.7720812182741117,1561.4591593973037,-1.1587100050787202,0.0,-6.651270655270656,30.827575418994414,0.0,0.0,0.0,0.0,2.789041095890411,-0.6180414465664364,-34.5275858930603,0.0,-0.892651289293373,-261.168687445575,0.0,29.014837632996382,0.0,-0.8941469489414695,-0.8838362959900785,-336.2794355308479,-1.0,25.37169568250052,Biotechnology,Healthcare,ACHV
2009Q1,2009,Q1,2009-05-07,2009-03-31,-2409000.0,0.0,-2419000.0,-955.95,0.0,0.0,11097000.0,8395000.0,10539000.0,1483000.0,2702000.0,0.0,-50419000.0,25336080.0,17523080.0,3331.3492063492063,7.106540795684423,0.14238082364603047,0.18820726622989875,-0.24150375939849625,3331.3492063492063,-0.28695652173913044,0.0,-2.6293150684931508,3.017996426444312,0.0,0.0,0.0,0.0,6.681051921780175,-0.21708569883752366,-8.306911475409835,0.0,0.5139245526702497,-122.85941746927605,0.0,90.73380785644802,0.0,0.5139225181598063,0.5078331637843336,-138.15521190015536,-1.0,82.999428654224,Biotechnology,Healthcare,ACHV
2008Q4,2008,Q4,2009-03-11,2008-12-31,-4956000.0,0.0,-4915000.0,-1966.67,0.0,0.0,14790000.0,10707000.0,14249000.0,2884000.0,4083000.0,0.0,-48009000.0,16632000.0,10845000.0,4248.809523809524,4.940707350901525,0.12379986477349561,0.17100961987484822,-0.39527835380443455,4248.809523809524,-0.46287475483328666,0.0,-0.8389830508474576,1.5533762958811992,0.0,0.0,0.0,0.0,4.737170596393898,-0.33509127789046655,-3.394285714285714,0.0,-34.075512949882274,-351.01944198659544,0.0,99.99614641154757,0.0,-34.261744966442954,-0.8456627863312054,-456.4518706107409,0.0,92.13603488543608,Biotechnology,Healthcare,ACHV
2008Q3,2008,Q3,2008-11-10,2008-09-30,149000.0,0.0,-2663000.0,59.46,0.0,0.0,20248000.0,15480000.0,19682000.0,3605000.0,4768000.0,0.0,-43054000.0,19571860.0,15591860.0,6177.174780526736,5.459639389736477,0.1021335440537337,0.13359173126614987,0.009556856585227133,6177.174780526736,0.00962532299741602,0.0,32.83869127516778,1.2643320413436692,0.0,0.0,0.0,0.0,5.146463245492372,0.007358751481627815,5.561912957087824,0.0,15.681481481481482,11.798423311711021,0.0,129.5621116554728,0.0,1.039272856472997,0.33339040692973587,5.500064269283293,0.0,214.25943186677364,Biotechnology,Healthcare,ACHV
2008Q2,2008,Q2,2008-08-05,2008-06-30,-3793969.0,0.0,-3994842.0,-4.05,0.0,0.0,33433589.0,24516250.0,23948515.0,2158148.0,8917339.0,0.0,-132723932.0,11860992000.0,11856164111.0,26.192574786324787,11.096789932849832,0.0,0.0,-0.15525594224326036,26.192574786324787,-0.1547532350991689,0.0,-781.5688530928956,483.8012338754907,0.0,0.0,0.0,0.0,10.886131071641055,-0.11347776632655261,-2145.1384936418963,0.0,0.08988764044943828,0.5397290937895588,0.0,-0.12661767685065223,0.0,0.08789416023912082,0.0859411734691426,0.4550978687076742,0.0,0.36348343113120757,Biotechnology,Healthcare,ACHV
2008Q1,2008,Q1,2008-05-09,2008-03-31,-4159571.0,0.0,-4370443.0,-4.45,0.0,0.0,39386670.0,28100985.0,29609979.0,4433393.0,11285685.0,0.0,-128917030.0,13329360000.0,13312562703.0,30.054529411764705,6.678852743260072,0.0,0.0,-0.14653432204172367,30.054529411764705,-0.1480222490421599,0.0,-801.1258853376947,474.3378212543084,0.0,0.0,0.0,0.0,6.5399108538313655,-0.10560859803583293,-2468.5531417226807,0.0,-3.1497584541062804,0.30495012575498803,-1.0,-0.22914865119523603,-1.0,-3.151938936573853,-3.8450552483670255,0.4881048734759792,0.0,0.12936909558754786,Biotechnology,Healthcare,ACHV
2007Q4,2007,Q4,2008-03-14,2007-12-31,1932941.0,7729211.0,1536154.0,2.07,7729211.0,1.0,45249269.0,31904417.0,35231880.0,6368722.0,13344852.0,0.0,-124801837.0,16291440000.0,16284904728.0,34.12237112299465,5.532017255581261,0.0,0.0,0.061365932897060584,34.12237112299465,0.06058537286545622,2107.7752955638034,2107.079315923249,510.63274404920173,0.0,0.0,0.0,0.1708140522667891,5.441433147812073,0.04271761826693819,-2491.03787281417,1.0,1.332263242375602,1.3064802665715223,0.0,-0.2491481512408255,0.8946930921213904,1.332794154764852,1.2417744718992896,1.2116652246374338,0.0,-0.03591846010717634,Biotechnology,Healthcare,ACHV
2007Q3,2007,Q3,2007-11-09,2007-09-30,-5808218.0,4079400.0,-6353665.0,-6.23,4079400.0,1.0,48325332.0,29586451.0,46533207.0,18738881.0,18738881.0,0.0,-126734778.0,22907016000.0,22904727603.0,31.711094319399784,2.483243636586411,0.0,0.0,-0.19629400819549236,31.711094319399784,-0.19631344090577135,5615.290483894691,-985.9743556457419,774.2400736066654,0.0,0.0,0.0,0.08441535383554116,2.4143556917833036,-0.12018992440652038,-6183.831937673108,1.0,0.02656249999999999,0.3217078711705697,13.521176425432758,-0.3961651152957325,0.24713468406471625,0.025829313856018013,0.030489315898921426,0.050185927189381106,0.0,-0.3002097110011487,Biotechnology,Healthcare,ACHV
2007Q2,2007,Q2,2007-08-03,2007-06-30,-5962218.0,3271018.0,-6553476.0,-6.4,3271018.0,1.0,52639901.0,35315388.0,50873516.0,14556778.0,17324513.0,0.0,-120927188.0,194870016000.0,194867470963.0,37.892047210300426,3.494833540773927,0.0,0.0,-0.16885221552065172,37.892047210300426,-0.1688277642595913,59574.73055788748,-8171.037020115668,5517.991647153926,0.0,0.0,0.0,0.06213951656178077,3.42111770887761,-0.1132642327727782,-39147.33979112715,1.0,-0.8233618233618236,0.35010792799881646,7.036213239096097,-0.3899696277833729,-0.3524063879977074,-0.8287295732363772,-0.696049963198415,0.07302638610429421,0.0,-0.27162767098052815,Biotechnology,Healthcare,ACHV
2007Q1,2007,Q1,2007-05-09,2007-03-31,-3260306.0,5051035.0,-3863964.0,-3.51,5051035.0,1.0,59958251.0,40331335.0,58408916.0,15472701.0,19626916.0,0.0,-114964022.0,185244840000.0,185229083344.0,43.36702688172043,3.7749657283495623,0.0,0.0,-0.0801133416007968,43.36702688172043,-0.08083803821519918,36674.63005106874,-14204.559326639892,4593.074838707918,0.0,0.0,0.0,0.08424253402588411,3.6942413609621227,-0.05437626924774707,-19480.659031437768,1.0,0.5387647831800263,0.4753303435246687,61.27799426523298,-0.3992134637609166,-0.14293958317390468,0.5395571548715153,0.49836506251475937,0.5457779755720727,0.0,0.19417757336609387,Biotechnology,Healthcare,ACHV
