Quarters,Year,Quarter,FillingDate,Date,NetIncome,Revenue,OperatingIncome,EPSDiluted,GrossProfit,GrossProfitRatio,TotalAssets,CommonStockEquity,CurrentAssets,CurrentLiability,TotalLiability,Inventory,RetainedEarnings,MarketCap,EnterpriseValue,bookValuePerShare,currentRatio,debtToAssets,debtToEquity,roic,shareholdersEquityPerShare,roe,priceToSalesRatio,peRatio,pbRatio,payoutRatio,inventoryTurnover,dividendYield,assetTurnover,quickRatio,returnOnAssets,priceToFreeCashFlowsRatio,grossProfitMargin,epsdilutedGrowth,fiveYNetIncomeGrowthPerShare,fiveYRevenueGrowthPerShare,fiveYShareholdersEquityGrowthPerShare,grossProfitGrowth,netIncomeGrowth,operatingIncomeGrowth,threeYNetIncomeGrowthPerShare,threeYRevenueGrowthPerShare,threeYShareholdersEquityGrowthPerShare,Industry,Sector,Symbol
2023Q1,2023,Q1,2023-05-10,2023-03-31,-13679000.0,5867000.0,-16825000.0,-0.51,5338000.0,0.9098346685,170654000.0,145986000.0,164930000.0,17747000.0,24668000.0,3803000.0,-218421000.0,194485557.04,162007557.04,5.434535376745835,9.29340170169606,0.009188181935378016,0.010740755962900552,-0.10138354092403214,5.434535376745835,-0.09370076582686011,33.14906375319584,-3.5544549499232403,1.3322206036195252,0.0,0.13910070996581647,0.0,0.0343795047288666,8.831858905730545,-0.08015633972833922,-8.575579039640195,0.9098346684847451,0.019230769230769246,0.8750029246220192,0.0,-0.10853365892028997,0.06653346653346653,0.01674813110983324,-0.08758888170652876,0.5903856063859149,0.0,-0.4809961378967949,Biotechnology,Healthcare,AADI
2022Q4,2022,Q4,2023-03-29,2022-12-31,-13912000.0,5227000.0,-15470000.0,-0.52,5005000.0,0.9575282189,184237000.0,158378000.0,180029000.0,18835000.0,25859000.0,1861000.0,-203198000.0,344344793.39,306986793.39,5.9010322763864105,9.55821608707194,0.009015561477879037,0.010487567717738575,-0.0956091438671713,5.9010322763864105,-0.08784048289535162,65.87809324469103,-6.18790959944652,2.174195869312657,0.0,0.11929070392262224,0.0,0.0283710655297253,9.260525617202017,-0.07551143364253651,-30.2375125913242,0.9575282188635929,0.1746031746031746,0.8484673940525099,0.0,-0.38309864672718674,0.3704819277108434,-0.044522862076732485,-0.028864059590316574,0.6325088855322122,0.0,-0.4908774116292598,Biotechnology,Healthcare,AADI
2022Q3,2022,Q3,2022-11-09,2022-09-30,-13319000.0,4245000.0,-15036000.0,-0.63,3652000.0,0.8603062426,194103000.0,169108000.0,189863000.0,17891000.0,24995000.0,734000.0,-189285000.0,300533273.19,167439273.19,7.950853543225937,10.612207255044435,0.008866426587945576,0.01017692835347825,-0.08018634238465223,7.950853543225937,-0.07876031884949264,70.79700192932862,-5.641063015053683,1.7771676868628334,0.0,0.8079019073569482,0.0,0.021869831996414273,10.355374210496898,-0.06861820785871418,-36.221920355550196,0.8603062426383982,0.27586206896551724,0.7545118267512291,0.0,-0.3810800749807648,0.17958656330749354,0.27095079095735947,-0.027329871549603715,0.5753127669861632,0.0,-0.3991932447544171,Biotechnology,Healthcare,AADI
2022Q2,2022,Q2,2022-08-10,2022-06-30,-18269000.0,3437000.0,-14636000.0,-0.87,3096000.0,0.9007855688,128636000.0,108730000.0,124335000.0,12596000.0,19906000.0,727000.0,-174811000.0,258356054.88,141387054.88,5.184912738438391,9.870990790727214,0.013744208464193539,0.016260461694104663,-0.1304332015094256,5.184912738438391,-0.1680217051411754,75.16905873727087,-3.535443303957524,2.376124849443576,0.0,0.469050894085282,0.0,0.026718803445380763,9.590346141632264,-0.14202089617214467,-23.57048215308822,0.9007855688100087,-0.3181818181818181,0.715199224917081,0.0,-0.6650730087527297,0.4548872180451128,-0.3143165467625899,-0.05950485015201969,0.5168414424567234,0.0,-0.6424998465972824,Biotechnology,Healthcare,AADI
2022Q1,2022,Q1,2022-05-12,2022-03-31,-13900000.0,2307000.0,-13814000.0,-0.66,2128000.0,0.9224100564,142319000.0,124628000.0,135620000.0,11510000.0,17691000.0,202000.0,-156542000.0,354924868.73999995,225662868.73999995,5.958830575913507,11.782797567332754,0.004124537131373885,0.004710017010623616,-0.11014822153570449,5.958830575913507,-0.11153191899091697,153.84693053315993,-6.383540804676259,2.8478742236094616,0.0,0.8861386138613861,0.0,0.016210063308483055,11.516681146828844,-0.09766791503594038,-18.259330627636587,0.9224100563502384,0.14285714285714285,0.7599171382204556,0.0,-0.6771650969773598,1.128,0.13379447871876363,0.13299441410908178,0.753330415831044,0.0,-0.6302195739830038,Biotechnology,Healthcare,AADI
2021Q4,2021,Q4,2022-03-17,2021-12-31,-16047000.0,1000000.0,-15933000.0,-0.77,1000000.0,1.0,157910000.0,136406000.0,151272000.0,15273000.0,21504000.0,0.0,-142685000.0,504500865.75,356116865.75,6.529631807673463,9.90453741897466,0.0038312963080235577,0.004435288770288697,-0.11619140805216374,6.529631807673463,-0.11764145272202102,504.50086575,-7.8597380468311835,3.6985240073750423,0.0,0.0,0.0,0.006332721170286873,9.755057945393832,-0.10162117661959344,-40.59389006678468,1.0,0.9160305343511451,-73.29875583129466,0.0,53.16043248444,0.0,0.815738103986772,0.8175144025380536,0.7157575279956755,69.37817535490566,-0.6491628912934333,Biotechnology,Healthcare,AADI
2021Q3,2021,Q3,2021-11-10,2021-09-30,-87088000.0,0.0,-87311000.0,-9.17,0.0,0.0,168772000.0,150925000.0,162018000.0,11567000.0,17847000.0,0.0,-126695000.0,279319831.23,118557831.23000002,15.869504254246861,14.006916227198063,0.003632119071883962,0.0040616200099387115,-0.5738444045717741,15.869504254246861,-0.5770283253271492,0.0,-0.8018321445836395,1.8507194383302965,-0.050661399963255555,0.0,0.015795512909239272,0.0,13.951327051093628,-0.5160097646529045,-68.10311811870265,0.0,-18.784814301935032,-2438.5676090938587,0.0,139.18207526408,0.0,-18.757097144127577,-17.29897171897075,-3.501826402273919,-1.0,-0.24796593432364814,Biotechnology,Healthcare,AADI
2021Q2,2021,Q2,2021-08-11,2021-06-30,-4407935.0,0.0,-4771361.0,-0.4634867863835921,0.0,0.0,37424041.0,35215946.0,37394589.0,2208095.0,2208095.0,0.0,-155400519.0,241088107.65,204281934.65,3.7028961726972183,16.935226518786557,0.0002660054802740303,0.00028268444073602337,-0.13545036080127518,3.7028961726972183,-0.12516872328234488,0.0,-13.673528968213008,6.845992654861523,0.0,0.0,0.0,0.0,16.673253641713785,-0.11778351247530966,-108.26282699366557,0.0,0.6710788052977417,-108.39579326394072,0.0,34.332012854383244,0.0,0.007610532721530914,-0.09319723511447688,0.8589630029208071,-1.0,-0.8591133667323158,Biotechnology,Healthcare,AADI
2021Q1,2021,Q1,2021-05-17,2021-03-31,-4441739.0,0.0,-4364593.0,-1.4091119509739813,0.0,0.0,41161363.0,39032161.0,40999253.0,2129202.0,2129202.0,0.0,-150992584.0,60994199.25000001,22024853.250000007,12.382690889248783,19.2556896903159,0.0009516448714295492,0.0010035570410769723,-0.11170832363739225,12.382690889248783,-0.11379690199576703,0.0,-3.4330134689363785,1.562665189098805,0.0,0.0,0.0,0.0,18.320721566107867,-0.10791039645601629,-16.634643999763277,0.0,0.058489325510987,0.3937631519352388,0.0,116.88366539828826,-1.0,0.05848863071995937,-1.5193470966206568,0.6541086018871631,0.0,1.0312227954194693,Biotechnology,Healthcare,AADI
2020Q4,2020,Q4,2021-03-11,2020-12-31,-4717669.0,14000000.0,8404000.0,-1.49665,0.015,1.0,44924674.0,43057865.0,44719025.0,1866809.0,1866809.0,0.0,-146550845.0,46336678.5,41949116.5,13.659818441669271,23.954793982673106,0.0015011349887591838,0.0015662179255752694,0.19487399311721937,13.659818441669271,-0.10956579012916688,3.30976275,-2.4554858819048135,1.0761490032076602,0.0,0.0,0.0,0.3116327566450454,2.3864251779373253,-0.10501287110063393,-9.612252143671359,1.0714285714285715e-09,-8.935539977163494,-227.27549816585068,0.0,133.1928286919785,0.0,0.047901694906360676,4.155839279008637,0.5624745811145283,0.0,0.4280146400566654,Biotechnology,Healthcare,AADI
2020Q3,2020,Q3,2020-11-10,2020-09-30,-4955023.0,0.0,-2663000.0,-0.150636,0.0,0.0,49830378.0,47318419.0,49583292.0,2511959.0,2511959.0,0.0,-141833176.0,468861570.0,421674371.0,2.2707436386820956,19.738893827486834,0.0019021930758783326,0.002003173436542755,-0.05616578638449381,2.2707436386820956,-0.10471657981641357,0.0,-23.655872535808612,9.908648258091631,0.0,0.0,0.0,0.0,18.822753874565628,-0.0994377967592379,-67.72383196064213,0.0,-1.044304705882353,-64.80621520230596,0.0,24.463865534167265,0.0,-1.5341748497633472,-1.2877079765118795,0.9067834747289658,0.0,-0.8232380366522505,Biotechnology,Healthcare,AADI
2020Q2,2020,Q2,2020-08-12,2020-06-30,9276032.0,15000000.0,9255913.0,3.4,0.0,0.0,45715695.0,42600459.0,45434765.0,3105281.0,3115236.0,0.0,-136878153.0,59102906.25,14359630.25,13.514709460670558,14.631450422683164,0.002429209487026283,0.0026068498463831104,0.21670768761358764,13.514709460670558,0.21774488392249483,3.94019375,1.5928930131439825,1.3873772169919578,0.0,0.0,0.0,0.328114884833316,14.447737257916433,0.2029069447593436,5.749548205985968,0.0,3.3477258132453165,731.2950574814029,0.0,146.0655286905148,0.0,3.367142058401041,3.2938878071133497,1.9620308540819853,0.0,-0.12699765539222974,Biotechnology,Healthcare,AADI
2020Q1,2020,Q1,2020-05-07,2020-03-31,-3918663.0,0.0,-4035033.0,-1.44821,0.0,0.0,35700122.0,33006494.0,35392217.0,2654457.0,2693628.0,0.0,-146154185.0,26005278.75,-8433526.25,10.471088509289677,13.333128771722427,0.0029897376821289294,0.003233727278032014,-0.12185562217008865,10.471088509289677,-0.1187240001922046,0.0,-1.6590657802163646,0.7878837040371509,0.0,0.0,0.0,0.0,13.028920792463392,-0.10976609547720874,-6.600616055125277,0.0,0.11863798192496126,-384.8141846952448,0.0,118.47680427818231,0.0,0.11863765965242233,-0.11253955548962782,0.5509121571072482,0.0,-0.43270197056747417,Biotechnology,Healthcare,AADI
2019Q4,2019,Q4,2020-03-16,2019-12-31,-4446143.0,0.0,-3626867.0,-1.64315,0.0,0.0,39936786.0,36535343.0,39570475.0,3334005.0,3401443.0,0.0,-142235522.0,29504170.799999997,-8850372.200000003,11.590592150449455,11.868750946684242,0.0025679332332852224,0.002807007997707863,-0.09899222384428277,11.590592150449455,-0.12169430022868541,0.0,-1.6589755885044632,0.8075514933580888,0.0,0.0,0.0,0.0,11.555032460959117,-0.11132951459839557,-6.064494240264317,0.0,0.04341219756421291,-265.40521907887717,0.0,135.91387662334137,0.0,0.04341438016493364,0.26375147300779817,-135.42951379026002,0.0,93.58872737781674,Biotechnology,Healthcare,AADI
2019Q3,2019,Q3,2019-11-07,2019-09-30,-4647930.0,0.0,-4926145.0,-1.71772,0.0,0.0,45551816.0,41714449.0,44804395.0,3601144.0,3837367.0,0.0,-137789379.0,32151980.999999996,-10804215.000000004,13.233628739703473,12.441711578320668,0.004328784608719003,0.004726995195357848,-0.11753646058124244,13.233628739703473,-0.1114225433014829,0.0,-1.7293709780482924,0.7707636507436547,0.0,0.0,0.0,0.0,12.048838646830008,-0.10203610762741051,-6.744123377760698,0.0,0.18222501523461312,-412.9746085153978,0.0,167.55730984497953,0.0,0.18222307770264565,0.026242063246543074,-391.82975841998484,0.0,116.23046046238211,Biotechnology,Healthcare,AADI
2019Q2,2019,Q2,2019-08-08,2019-06-30,-5683616.0,0.0,-5058901.0,-2.10048,0.0,0.0,49600076.0,45716480.0,48789363.0,3595541.0,3883596.0,0.0,-133141449.0,41182905.074999996,-6492765.9250000045,14.503246191890945,13.56940805291888,0.0038968488677315737,0.004227884561541046,-0.1101922675969321,14.503246191890945,-0.1243231324896405,0.0,-1.8114746437391267,0.9008328085408149,0.0,0.0,0.0,0.0,13.393536605478841,-0.11458885667836477,-7.8212388201967435,0.0,0.33077386281450416,-467.06369658382226,0.0,192.10367115853998,0.0,0.3307743889695125,0.426814805666702,-424.5792334097217,0.0,131.55250969844644,Biotechnology,Healthcare,AADI
2019Q1,2019,Q1,2019-05-09,2019-03-31,-8492825.0,0.0,-8825945.0,-3.13867,0.0,0.0,55056695.0,50795435.0,54299017.0,3923523.0,4261260.0,0.0,-127457833.0,46336678.5,-6558605.5,16.11451054913226,13.839352286197888,0.0034421063596352815,0.0037308667599755766,-0.17310884275527133,16.11451054913226,-0.1671966191450078,0.0,-1.3639948574237664,0.9122213147697229,0.0,0.0,0.0,0.0,13.615959942123444,-0.1542559901207292,-5.041265235036193,0.0,0.0030239597991227325,-842.2717095477881,0.0,224.688985586979,0.0,0.0030244445412262524,0.004537806482116646,-0.15915488486955348,0.0,151.80797584588,Biotechnology,Healthcare,AADI
2018Q4,2018,Q4,2019-03-07,2018-12-31,-8518589.0,2144.0,-8866178.0,-3.14819,0.0,0.0,64123492.0,58666575.0,63984083.0,5456917.0,5456917.0,0.0,-118959291.0,80379952.5,17765942.5,18.611576841874843,11.725317244150864,0.0,0.0,-0.15112827022883132,18.611576841874843,-0.14520344847129732,37490.649486940296,-2.358957349039847,1.3701149675091824,0.0,0.0,0.0,3.343548414362711e-05,11.474246355588695,-0.13284661727405614,-12.97846450368485,0.0,-1.7460165876777254,-578.6357332785161,0.0,271.3412353926163,0.0,-1.738340649490296,-1.7913099737059384,-411.1919421742254,0.0,181.1134473091062,Biotechnology,Healthcare,AADI
2018Q3,2018,Q3,2018-11-07,2018-09-30,11537478.0,18821953.0,11204431.0,4.22,0.0,0.0,70161801.0,66517116.0,70039550.0,3644685.0,3644685.0,0.0,-110440702.0,136645919.25,67838652.25,21.102108240235648,19.21690077468972,0.0,0.0,0.16844432942642912,21.102108240235648,0.17345126628761234,7.25992245597468,2.960913972056978,2.054297111287868,0.0,0.0,0.0,0.2682649637229238,18.878796658696157,0.16444101826861598,-21.888695940995348,0.0,2.2841272168856346,1076.9776391990436,0.0,333.6199260716716,0.0,2.9261260993547404,2.8561276444535744,1013.9468987951124,0.0,219.05060765190655,Biotechnology,Healthcare,AADI
2018Q2,2018,Q2,2018-08-14,2018-06-30,-5989991.0,1333333.0,-6036455.0,-3.286278761565908,0.0,0.0,69538532.0,47906408.0,69425516.0,21632124.0,21632124.0,0.0,-121978179.0,113464818.0,44681608.0,26.282806869702995,3.2093712110747887,0.0,0.0,-0.12600516824388086,26.282806869702995,-0.12503527711783358,85.09863477465869,-4.735600520935674,2.3684684938181966,0.0,0.0,0.0,0.01917401707588535,3.1796789811301007,-0.08613916382359064,8.65320801433324,0.0,0.20203995251352905,-877.7441257769502,0.0,438.7522245875982,0.0,0.19332500351489967,0.19262549206542826,-814.5451189313308,0.0,283.1169988981017,Biotechnology,Healthcare,AADI
2018Q1,2018,Q1,2018-05-15,2018-03-31,-7425532.0,0.0,-7476648.0,-4.11835,0.0,0.0,14734238.0,11111670.0,14610087.0,3622568.0,3622568.0,0.0,-115988188.0,129869370.0,116105589.0,6.0961756224735675,4.033074603430495,0.0,0.0,-0.6728644749169117,6.0961756224735675,-0.6682642663074048,0.0,-4.37239277939951,11.687655410932829,0.0,0.0,0.0,0.0,3.799454144132008,-0.5039644398305497,-19.91152994639944,0.0,-0.18739188098258577,-1211.5947927664772,0.0,109.2789965398385,0.0,-0.1909378448761024,-0.18887212908925596,-1263.309927522468,0.0,69.39396208057984,Biotechnology,Healthcare,AADI
2017Q4,2017,Q4,2018-03-15,2017-12-31,-6235029.0,0.0,-6288858.0,-3.4684,0.0,0.0,21027653.0,17435489.0,20899470.0,3592164.0,3592164.0,0.0,-108562656.0,129869370.0,109605261.0,9.565601120957158,5.8180723374545265,0.0,0.0,-0.36069295217358116,9.565601120957158,-0.3576056283824331,0.0,-5.207248033649884,7.448564820866223,0.0,0.0,0.0,0.0,5.641198174693583,-0.2965156881749951,-28.141915947856486,0.0,-0.3390833664719532,-650.0498151813896,0.0,181.68414407800458,0.0,-0.3409913224177649,-0.3222336645054348,-645.07580822082,0.0,112.34308866271913,Biotechnology,Healthcare,AADI
2017Q3,2017,Q3,2017-11-13,2017-09-30,-4649567.0,0.0,-4756238.0,-2.59013,0.0,0.0,26001610.0,23415377.0,25863777.0,2586233.0,2586233.0,0.0,-102327627.0,164045520.0,139216610.0,12.846336370539104,10.000559501019437,0.0,0.0,-0.2031245535786163,12.846336370539104,-0.1985689574846478,0.0,-8.82047296017027,7.005888480890143,0.0,0.0,0.0,0.0,9.634923071509798,-0.17881842701278883,-40.81722267603577,0.0,0.15324857204572143,-761.4214297276703,0.0,270.9540634088012,0.0,0.15773398109923958,0.1482171300078691,-715.1637511972112,0.0,162.68288149276393,Biotechnology,Healthcare,AADI
2017Q2,2017,Q2,2017-08-10,2017-06-30,-5520307.0,0.0,-5583862.0,-3.0589024293205647,0.0,0.0,29794402.0,27937585.0,29644416.0,1856817.0,1856817.0,0.0,-97678060.0,162420210.0,133572273.0,15.480725274274674,15.965179121044239,0.0,0.0,-0.19986917265755075,15.480725274274674,-0.19759428025006456,0.0,-7.355578684301435,5.813681103789035,0.0,0.0,0.0,0.0,15.56545475402261,-0.1852800066267482,-25.6698596694026,0.0,-0.10501104649335635,-874.8221481834048,0.0,350.91526909733096,0.0,-0.1050110464933564,-0.17318253587235022,-793.0602704257767,0.0,204.98353533878503,Biotechnology,Healthcare,AADI
2017Q1,2017,Q1,2017-05-15,2017-03-31,-4995703.0,0.0,-4759585.0,-2.768209819284332,0.0,0.0,36280315.0,33310267.0,36121208.0,2970048.0,2970048.0,0.0,-92157753.0,162420210.0,127281101.0,18.457826338237094,12.16182634085375,0.0,0.0,-0.14288642597791246,18.457826338237094,-0.14997487111106014,0.0,-8.127995699504154,4.875980429697546,0.0,0.0,0.0,0.0,11.85892012519663,-0.1376973435870113,-41.314326529272925,0.0,-266.7512595133455,-930.6864975755315,0.0,453.9667246865566,0.0,-266.7512595133455,-294.8652949586623,-865.407041276448,0.0,257.2170558734847,Biotechnology,Healthcare,AADI
2016Q4,2016,Q4,2017-03-07,2016-12-31,-18658.0,0.0,-16087.0,-0.010338736872109304,0.0,0.0,4012.0,-225915.0,4012.0,229927.0,229927.0,0.0,-275915.0,162420210.0,162586198.0,-0.1251836209299323,0.0174490164269529,42.3728813559322,-0.752495407564792,0.287704551551462,-0.1251836209299323,0.08258858420202289,0.0,-2176.281085861293,-718.9438948277008,0.0,0.0,0.0,0.0,0.0174490164269529,-4.650548354935195,-42462.8,0.0,-1.7543548863300855,-3.502413127413128,0.0,-2.31370276930298,0.0,-1.7543548863300855,-2.7066820276497694,-1.217494651770858,0.0,-0.8183464528903269,Biotechnology,Healthcare,AADI
2016Q3,2016,Q3,2016-11-14,2016-09-30,-6774.0,0.0,-4340.0,-0.0037535965040019523,0.0,0.0,7837.0,-207257.0,7837.0,215094.0,215094.0,0.0,-257257.0,162420210.0,162582373.0,-0.11484488291204648,0.03643523296791171,21.691973969631235,-0.8202376759289192,0.11648817671846902,-0.11484488291204648,0.032684058922014696,0.0,-5994.250442869797,-783.6657386722765,0.0,0.0,0.0,0.0,0.03643523296791171,-0.8643613627663647,-13054.18823340299,0.0,0.1140465602929637,-0.06896007574562088,0.0,-2.4984808075351945,0.0,0.11404656029296364,0.149519890260631,-0.10343704186349566,0.0,-0.8102312825350244,Biotechnology,Healthcare,AADI
2016Q2,2016,Q2,2016-08-15,2016-06-30,-7646.0,0.0,-5103.0,-0.004236787550870819,0.0,0.0,20279.0,-200483.0,20279.0,220762.0,220762.0,0.0,-250483.0,162420210.0,162569931.0,-0.11109128599205727,0.09185910618675315,8.383056363726022,-0.847952195447993,0.16740478299379982,-0.11109128599205727,0.03813789697879621,0.0,-5310.626798325921,-810.1445509095535,0.0,0.0,0.0,0.0,0.09185910618675315,-0.37704028798264216,40.85707939424339,0.0,0.9981772227702685,0.3582340104079234,0.0,-2.7894905963519516,0.0,0.9981772227702685,0.9987865725442004,-0.1329085790487481,0.0,-0.8502764113591686,Biotechnology,Healthcare,AADI
2016Q1,2016,Q1,2016-05-16,2016-03-31,-4194698.0,0.0,-4205443.0,-2.324358392108648,0.0,0.0,13229.0,-192837.0,13229.0,206066.0,206066.0,0.0,-242837.0,162420210.0,162726981.0,-0.1068544979716502,0.06419787834965497,24.18928112480157,-1.6594325777729377,-33.07127859518885,-0.1068544979716502,21.752557859746833,0.0,-9.680089603590055,-842.266836758506,0.0,0.0,0.0,0.0,0.06419787834965497,-317.08352861138405,-40.772464238161895,0.0,-353.52146720757264,-781.3010070869078,0.0,-1.622276918055971,0.0,-353.5214672075727,-436.47456569229166,-690.8518885040409,0.0,-0.897927246958781,Biotechnology,Healthcare,AADI
2015Q4,2015,Q4,2016-03-30,2015-12-31,-11832.0,0.0,-9613.0,-0.006556326223110585,0.0,0.0,18529.0,-186481.0,18529.0,205010.0,205010.0,0.0,-236481.0,162420210.0,162561681.0,-0.1033325224736503,0.09038095702648652,8.635112526310108,-0.8579962569913289,0.36301499188097125,-0.1033325224736503,0.06344882320450877,0.0,-3431.799568965517,-870.97457649841,0.0,0.0,0.0,0.0,0.09038095702648652,-0.6385665713206325,-59255.82269244801,0.0,-0.814445637172213,-1.8552123552123554,0.0,-1.735288077915982,0.0,-0.8144456371722129,-1.2211182994454715,-0.24783800885889037,0.0,-0.9518426644058572,Biotechnology,Healthcare,AADI
2015Q3,2015,Q3,2015-11-13,2015-09-30,-6521.0,0.0,-4328.0,-0.0036134046062292193,0.0,0.0,6270.0,-174649.0,6270.0,180919.0,180919.0,0.0,-224649.0,162420210.0,162703940.0,-0.09677619552394373,0.03465639319253368,46.25199362041467,-1.6604732921459613,-0.037520264236981044,-0.09677619552394373,0.037337745993392464,0.0,-6226.813755558963,-929.980761412891,0.0,0.0,0.0,0.0,0.03465639319253368,-1.0400318979266348,-42462.8,0.0,0.10327282728272831,-0.029035821366577255,0.0,-1.9480604976199318,0.0,0.10327282728272827,0.15187144816774448,-0.07999337528983108,0.0,-1.0336636430326391,Biotechnology,Healthcare,AADI
2015Q2,2015,Q2,2015-08-13,2015-06-30,-7272.0,0.0,-5103.0,-0.004029547354163301,0.0,0.0,10095.0,-168128.0,10095.0,178223.0,178223.0,0.0,-218128.0,162420210.0,162700115.0,-0.09316279051726382,0.056642520886754234,28.727092620108966,-1.7248762847354397,-0.04187179992122883,-0.09316279051726382,0.043252759802055576,0.0,-5583.753094059406,-966.0509254853446,0.0,0.0,0.0,0.0,0.056642520886754234,-0.7203566121842496,-12312.023195876289,0.0,-0.2505588993981085,0.3896256504952158,0.0,-2.177922691617049,0.0,-0.2505588993981083,-0.2879858657243816,-0.15373631603998084,0.0,-1.105785248180759,Biotechnology,Healthcare,AADI
2015Q1,2015,Q1,2015-05-13,2015-03-31,-5815.0,0.0,-3962.0,-0.003222197176080802,0.0,0.0,23287.0,-160856.0,23287.0,184143.0,184143.0,0.0,-210856.0,162420210.0,162686923.0,-0.08913324271653139,0.12646150002986808,12.453300124533001,-1.8028547272094295,-0.03067893204484916,-0.08913324271653139,0.03615034565076839,0.0,-6982.812123817713,-1009.7242875615458,0.0,0.0,0.0,0.0,0.12646150002986808,-0.24971013870399794,-82196.46255060729,0.0,0.39141810570382,-0.08448340171577771,0.0,-1.1873861133019663,0.0,0.39141810570381996,0.540051079637799,-0.08448340171577771,0.0,-1.1873861133019663,Biotechnology,Healthcare,AADI
2014Q4,2014,Q4,2015-02-27,2014-12-31,-9555.0,0.0,-8614.0,-0.005294599143155987,0.0,0.0,5263.0,-155041.0,5263.0,160304.0,160304.0,0.0,0.0,162420210.0,162664947.0,-0.08591104518335495,0.03283137039624713,47.50142504275128,-1.6124766997116893,-0.09071283395991954,-0.08591104518335495,0.06162885946298076,0.0,-4249.613029827316,-1047.595216749118,0.0,0.0,0.0,0.0,0.03283137039624713,-1.815504465133954,-8158.539783001808,0.0,-0.4864654635967642,-1.3057432432432436,0.0,-1.2741287256512555,0.0,-0.4864654635967642,-0.8077649527806926,-1.3057432432432436,0.0,-1.2741287256512555,Biotechnology,Healthcare,AADI
2014Q3,2014,Q3,2014-11-14,2014-09-30,-6428.0,0.0,-4765.0,-0.003561871616138847,0.0,0.0,17868.0,-143388.0,17868.0,161256.0,161256.0,0.0,0.0,162420210.0,162652342.0,-0.07945390539761031,0.11080517934216401,13.991493172151332,-1.7435210756827628,-0.044694781075301095,-0.07945390539761031,0.0448294138979552,0.0,-6316.903002489111,-1132.732237007281,0.0,0.0,0.0,0.0,0.11080517934216401,-0.35974927244235505,-95485.13227513227,0.0,0.0753739930955121,-0.01436010730629627,0.0,-1.4203774349279228,0.0,0.07537399309551208,0.10212926323723384,-0.01436010730629627,0.0,-1.4203774349279228,Biotechnology,Healthcare,AADI
2014Q2,2014,Q2,2014-08-14,2014-06-30,-6952.0,0.0,-5307.0,-0.0038522295387985787,0.0,0.0,4568.0,-136960.0,4568.0,141528.0,141528.0,0.0,0.0,162420210.0,162635642.0,-0.07589203338673187,0.03227629868294613,48.161120840630474,-1.6063084112149533,-0.06390895953757225,-0.07589203338673187,0.05075934579439252,0.0,-5840.772799194477,-1185.8952248831774,0.0,0.0,0.0,0.0,0.03227629868294613,-1.521891418563923,-123513.46768060836,0.0,-0.20568851890391945,0.41648480778915564,0.0,-1.5887912295624234,0.0,-0.20568851890391954,-0.28250362493958436,0.41648480778915564,0.0,-1.5887912295624234,Biotechnology,Healthcare,AADI
2014Q1,2014,Q1,2014-05-15,2014-03-31,-5766.0,0.0,-4138.0,-0.003195045385603079,0.0,0.0,6508.0,-130008.0,5883.0,136516.0,136516.0,0.0,0.0,162420210.0,162634327.0,-0.07203980342101515,0.04309384980515105,33.80454824830977,-1.6922035567042029,-0.04598186505467153,-0.07203980342101515,0.04435111685434742,0.0,-7042.152705515088,-1249.3093501938342,0.0,0.0,0.0,0.0,0.04309384980515105,-0.8859864781807006,-406050.525,0.0,0.31471357261706684,-0.07534502051473341,0.0,-0.7679023090103075,0.0,0.3147135726170668,0.4593676509014894,-0.07534502051473341,0.0,-0.7679023090103075,Biotechnology,Healthcare,AADI
2013Q4,2013,Q4,2013-12-31,2013-12-31,-8414.0,0.0,-7654.0,-0.0046623503077461515,0.0,0.0,8783.0,-124242.0,6283.0,133025.0,133025.0,0.0,0.0,162420210.0,162633927.0,-0.06884475768132549,0.04723172336027063,25.048388933166343,-1.7707377537386713,-0.07993065853505713,-0.06884475768132549,0.06772267027253263,0.0,-4825.891668647492,-1307.289080987106,0.0,0.0,0.0,0.0,0.04723172336027063,-0.95798702038028,-31198.65731847868,0.0,-0.37058152793614607,-1.0304054054054057,0.0,-0.8223715090354375,0.0,-0.37058152793614596,-0.710391061452514,-1.0304054054054057,0.0,-0.8223715090354375,Biotechnology,Healthcare,AADI
2013Q3,2013,Q3,2013-11-14,2013-09-30,-6139.0,0.0,-4475.0,-0.003401731464137583,0.0,0.0,14670.0,-114492.0,10295.0,129162.0,129162.0,0.0,0.0,162420210.0,162629915.0,-0.06344210489569001,0.07970610551090879,14.996591683708248,-1.9215316353981065,-0.042413845395609814,-0.06344210489569001,0.053619466862313524,0.0,-6614.277976869197,-1418.6162351954722,0.0,0.0,0.0,0.0,0.07970610551090879,-0.41847307430129516,-19990.17969230769,0.0,0.09038376055711958,0.031245068644469038,0.0,-0.9326153742277437,0.0,0.09038376055711958,0.17980205278592376,0.031245068644469038,0.0,-0.9326153742277437,Biotechnology,Healthcare,AADI
2013Q2,2013,Q2,2013-08-14,2013-06-30,-6749.0,0.0,-5456.0,-0.0037397435496765836,0.0,0.0,18420.0,-108353.0,18420.0,126773.0,126773.0,0.0,0.0,162420210.0,162621790.0,-0.06004037305456014,0.14529907787935917,11.943539630836048,-2.0304006349616532,-0.048868308149793545,-0.06004037305456014,0.06228715402434635,0.0,-6016.4546599496225,-1498.991352339114,0.0,0.0,0.0,0.0,0.14529907787935917,-0.36639522258414764,-17490.86905018307,0.0,-0.11314530760349667,0.43352358569749877,0.0,-1.0480672904262356,0.0,-0.11314530760349661,-0.13524760715771952,0.43352358569749877,0.0,-1.0480672904262356,Biotechnology,Healthcare,AADI
2013Q1,2013,Q1,2013-05-15,2013-03-31,-6063.0,0.0,-4806.0,-0.0033596184829884613,0.0,0.0,3831.0,-101604.0,3831.0,105435.0,105435.0,0.0,0.0,162420210.0,162587504.0,-0.05630062909043154,0.03633518281405605,44.37483685721744,-1.6731624739183497,-0.07026726709164278,-0.05630062909043154,0.059672847525687966,0.0,-6697.188273132113,-1598.5611786937523,0.0,0.0,0.0,0.0,0.02566510172143975,-1.5826155050900548,-85439.35297211993,0.0,0.36057793714406244,-0.13073480044759422,0.0,-0.38165302292692216,0.0,0.36057793714406244,0.49780564263322885,-0.13073480044759422,0.0,-0.38165302292692216,Biotechnology,Healthcare,AADI
2012Q4,2012,Q4,2013-03-28,2012-12-31,-9482.0,0.0,-9570.0,-0.00525414851652591,0.0,0.0,8107.0,-95541.0,8107.0,103648.0,103648.0,0.0,0.0,162420210.0,162585603.0,-0.05294101023511791,0.07821665637542452,20.96953250277538,-1.779340806564721,-0.12852710887871177,-0.05294101023511791,0.09924535016380402,0.0,-4282.329940940729,-1700.0053380224197,0.0,0.0,0.0,0.0,0.044448518061129975,-1.169606512890095,169011.66493236212,0.0,-0.5703875455448824,-1.2881274131274134,0.0,-0.4013875850739263,0.0,-0.5703875455448824,-1.0134651798863876,-1.2881274131274134,0.0,-0.4013875850739263,Biotechnology,Healthcare,AADI
2012Q3,2012,Q3,2012-11-14,2012-09-30,-6038.0,0.0,-4753.0,-0.0033457655286630926,0.0,0.0,11266.0,-85879.0,11266.0,97145.0,97145.0,0.0,0.0,162420210.0,162584819.0,-0.04758711985411175,0.11597097122857584,15.08965027516421,-1.9795293377892151,-0.05650194362882039,-0.04758711985411175,0.07030822436218401,0.0,-6724.917605167274,-1891.2680632052075,0.0,0.0,0.0,0.0,0.05549436409490967,-0.5359488727143618,-41433.727040816324,0.0,0.04204347136284303,0.04718320972068803,0.0,-0.449630329833564,0.0,0.04204347136284309,0.055257404094613397,0.04718320972068803,0.0,-0.449630329833564,Biotechnology,Healthcare,AADI
2012Q2,2012,Q2,2012-08-14,2012-06-30,-6303.0,0.0,-5031.0,-0.0034926068445120025,0.0,0.0,15561.0,-79841.0,15561.0,95402.0,95402.0,0.0,0.0,162420210.0,162580899.0,-0.044241353954658724,0.16310978805475776,10.92474776685303,-2.129231848298493,-0.0558014174957575,-0.044241353954658724,0.07894440199897296,0.0,-6442.1787244169445,-2034.2957878784082,0.0,0.0,0.0,0.0,0.09759753464287961,-0.4050510892616156,-11368.39154476097,0.0,-0.17549421857515857,0.4709585361759275,0.0,-0.5091390227766752,0.0,-0.1754942185751585,-0.18908059560387616,0.4709585361759275,0.0,-0.5091390227766752,Biotechnology,Healthcare,AADI
2012Q1,2012,Q1,2012-03-31,2012-03-31,-5362.0,0.0,-4231.0,-0.0029711816437051177,0.0,0.0,24223.0,-73538.0,24223.0,97761.0,97761.0,0.0,0.0,162420210.0,162566612.0,-0.04074874672308329,0.247777743681018,7.018123271271106,-2.3117299899371755,-0.043861831602081645,-0.04074874672308329,0.07291468356495961,0.0,-7572.7438455800075,-2208.6568848758466,0.0,0.0,0.0,0.0,0.24138460122134595,-0.22135986459150395,-29386.68536276461,0.0,-0.29391891891891886,0.0,0.0,0.0,0.0,-0.2939189189189189,0.14525252525252524,0.0,0.0,0.0,Biotechnology,Healthcare,AADI
2011Q4,2011,Q4,2012-03-30,2011-12-31,-4144.0,0.0,-4950.0,-0.002296265708973146,0.0,0.0,6625.0,-68176.0,6625.0,74801.0,74801.0,0.0,0.0,162420210.0,162536085.0,-0.03777756475010099,0.08856833464793251,18.11320754716981,-1.7601501994836892,-0.09551559123186168,-0.03777756475010099,0.060783853555503406,0.0,-9798.516529922781,-2382.3663752640227,0.0,0.0,0.0,0.0,0.055146321573241,-0.6255094339622641,106574.94094488189,0.0,0.34606280574404297,0.0,0.0,0.0,0.0,0.3460628057440429,0.08839779005524862,0.0,0.0,0.0,Biotechnology,Healthcare,AADI
2011Q3,2011,Q3,2011-11-14,2011-09-30,-6337.0,0.0,-5430.0,-0.0035114468623945044,0.0,0.0,10505.0,-59242.0,10505.0,69747.0,69747.0,0.0,0.0,162420210.0,162534080.0,-0.032827072443755614,0.15061579709521555,11.423131841980009,-2.025589953073833,-0.0893709470357813,-0.032827072443755614,0.10696802943857399,0.0,-6407.614407448319,-2741.6395462678506,0.0,0.0,0.0,0.0,0.08788908483519005,-0.6032365540218944,-52393.616129032256,0.0,0.4681047507134463,0.0,0.0,0.0,0.0,0.46810475071344637,0.4639154901767203,0.0,0.0,0.0,Biotechnology,Healthcare,AADI
2011Q2,2011,Q2,2011-08-15,2011-06-30,-11914.0,0.0,-10129.0,-0.006601763913297794,0.0,0.0,15480.0,-52905.0,15480.0,68385.0,68385.0,0.0,0.0,162420210.0,162530980.0,-0.029315625192209763,0.2263654310155736,7.751937984496124,-2.2682166146867027,-0.15096504955659884,-0.029315625192209763,0.2251961062281448,0.0,-3408.1796625818365,-3070.0351573575276,0.0,0.0,0.0,0.0,0.1349711193975287,-0.7696382428940568,-9192.902988453701,0.0,0.0,0.0,0.0,0.0,0.0,0.0,0.0,0.0,0.0,0.0,Biotechnology,Healthcare,AADI
